1722 2904
173 66 254 108 498

680 66 849 98 HORATll
887 66 1112 100 CARMINUM

398 170 510 222 Quid
542 171 649 212 mori
681 169 861 212 cessas?
892 171 1019 213 Potes
1049 168 1130 212 hac
1160 168 1214 212 ab
1245 182 1352 211 orno

401 250 639 294 Pendulum
669 264 778 293 zona
806 249 918 293 bene
949 256 990 292 te
1022 255 1169 293 secuta

567 331 760 374 Laedere
792 330 959 374 collum.

398 438 496 481 Sive
527 444 567 480 te
599 450 730 493 rupes
761 443 804 480 et
833 443 958 480 acuta
989 435 1072 479 leto

397 519 507 561 Saxa
538 517 772 567 delectant,
806 530 886 573 age
917 523 958 559 te
991 515 1209 573 procellae

397 598 535 642 Crede
565 597 726 648 veloci,
759 597 840 640 nisi
871 596 1006 640 herile
1036 596 1171 640 mavis

565 679 754 735 Carpere
784 691 988 735 pensum,

396 784 553 841 Regius
584 783 779 841 sanguis,
812 782 1102 840 dominaeque
1134 782 1244 826 tradi

1540 780 1621 826 ‘65

394 864 610 908 Barbarae
639 863 793 922 pellex.
851 846 1012 907 ⁸Aderat
1041 863 1238 920 querenti

256 991 310 1022 59.
329 990 382 1022 60.
415 993 527 1022 secuta
550 998 567 1021 e
590 990 603 1023 Η
625 989 728 1021 lidere
749 997 831 1021 cum
850 988 1107 1029 «quibusdam»
1125 989 1236 1021 Codd.
1262 988 1424 1022 Lambini
1440 991 1476 1022 et
1498 991 1576 1023 Mu-

214 1042 290 1072 reto
306 1039 417 1072 Bentl.
439 1057 475 1062 —
492 1039 545 1072 62.
564 1039 719 1072 delectent
734 1039 772 1071 B.
790 1038 872 1080 (non
888 1037 984 1078 bSc.)
1001 1054 1036 1060 -—-

1053 1037 1107 1070 63.
1125 1038 1205 1071 erile
1219 1039 1257 1071 Β.
1274 1055 1311 1061 -
1327 1039 1381 1071 66.
1394 1039 1520 1080 paelex
1534 1040 1573 1072 B.

173 1153 296 1183 «Pater
330 1152 429 1193 ipse,
469 1159 690 1192 quamquam
724 1149 867 1189 absens,
920 1148 1236 1191 deductavolgaris
1248 1150 1344 1183 notio
1356 1150 1506 1191 nocendi,
1521 1152 1622 1193 offen—

168 1201 254 1233 mihi
288 1201 420 1233 instare
447 1200 589 1233 videtur
617 1202 723 1242 atque
753 1200 870 1241 impe-

169 1258 268 1289 rare,
319 1251 359 1282 ut
393 1251 547 1282 mortem
591 1258 744 1291 propere
783 1249 869 1280 mihi

170 1300 425 1332 consciscam.»
471 1299 584 1331 Patris
615 1306 764 1331 saevum
795 1298 870 1330 ius-

169 1357 250 1381 sum
264 1374 272 1388 ,
311 1348 410 1390 quod
433 1348 500 1381 sibi
518 1348 643 1389 fingit,
680 1356 746 1390 per
768 1342 869 1379 ἀπο-

166 1394 345 1443 στροφὴν
378 1397 425 1430 ad
459 1399 575 1430 semet
607 1398 722 1439 ipsam
753 1396 865 1428 effert.

167 1447 359 1488 Sequentia
371 1447 490 1480 statim
507 1456 615 1479 verae
631 1444 868 1490 μονολογίας

166 1494 318 1528 formam
351 1496 521 1536 induunt,
576 1505 644 1528 nec
677 1504 763 1528 vero
797 1494 868 1527 ullo

165 1544 273 1578 modo
295 1546 448 1586 Agenori
473 1545 579 1577 tribui
602 1546 764 1586 possunt.
810 1545 868 1577 Sic

166 1595 275 1627 etiam
296 1594 455 1627 Neobule
485 1595 549 1627 Od.
576 1595 612 1635 3,
649 1596 702 1627 42.
743 1604 867 1627 secum

164 1645 240 1686 ipsa
274 1643 430 1685 loquitur
456 1653 524 1686 per
552 1643 749 1677 secundam
782 1653 869 1686 per-

165 1702 301 1726 sonam.
352 1694 522 1726 Ceterum
546 1693 609 1726 cfr.
635 1692 718 1726 Iliae
743 1692 867 1726 similis

165 1741 290 1784 culpae
324 1751 408 1775 reae
443 1742 598 1775 lamenta
633 1742 728 1784 apud
764 1741 863 1775 Ovid.

164 1793 243 1824 Am.
269 1791 307 1831 3,
334 1792 371 1832 6,
398 1792 459 1824 73;
485 1792 511 1823 O
532 1793 664 1824 utinam
685 1801 761 1824 mea
784 1792 868 1825 lecta

162 1842 272 1883 forent
304 1842 485 1882 patrioque
520 1842 672 1882 sepulcro
709 1842 864 1882 Condita,

164 1892 244 1923 dum
261 1894 420 1932 poterant
440 1892 582 1934 virqinis
605 1901 679 1924 ossa
702 1892 790 1934 leyil
813 1910 832 1916 -
846 1912 867 1919 -

165 1941 251 1981 Quid
265 1940 406 1974 moror?
420 1950 461 1974 en
476 1941 588 1983 diqitis
603 1942 757 1983 desiqnor
772 1942 869 1974 adul—

164 1994 237 2023 tera
258 1991 359 2032 volgi.

207 2041 326 2073 58-60.
352 2041 394 2073 ab
410 2041 503 2084 orno]
524 2042 717 2074 Construe:
738 2042 868 2082 pendu-

163 2090 233 2122 lum
256 2089 298 2122 ab
321 2099 421 2130 orno,
447 2099 534 2131 non,
561 2093 600 2123 ut
623 2090 696 2130 alii,
723 2099 744 2122 a
763 2100 863 2123 zona.

164 2139 221 2171 Sic
254 2115 458 2180 Apollonius
491 2140 647 2173 Rhodius
680 2140 714 2172 in
744 2140 865 2172 Cauno

165 2188 259 2230 apud
275 2189 392 2221 Parth.
407 2190 459 2221 44.
479 2189 523 2221 de
540 2188 707 2231 Byblide:
726 2189 801 2222 Καί
796 2185 866 2246 ῥα

164 2234 262 2270 κατὰ
287 2237 498 2279 στυφελοϊο
521 2236 734 2296 σαρωνίδος
758 2235 866 2272 αὖτί-

164 2297 215 2319 κα
234 2287 373 2333 μίτρην
391 2283 611 2331 Αψαμένη,
635 2285 763 2334 δειρὴν
786 2288 866 2322 ἑνε-

164 2334 328 2379 θήκατο.
358 2356 393 2360 —
416 2338 494 2370 bene
509 2341 539 2370 te
553 2337 712 2379 secutaJ«
698 2347 788 2379 «qua
804 2347 866 2380 op-

163 2388 333 2427 portune,
364 2386 461 2419 haud
484 2386 630 2426 frustra,
657 2387 771 2419 cincta
794 2388 865 2419 huc

165 2435 375 2468 devenisti.»
403 2454 439 2459 —-
464 2436 620 2479 Laedere]
646 2437 680 2468 h.
707 2435 729 2468 l.
748 2437 863 2479 prima

165 2485 431 2526 significatione,
441 2485 667 2526 zerschlayen,
679 2486 863 2526 quetschen,

163 2534 318 2574 kniclcen,
355 2535 395 2566 ut
423 2534 518 2576 apud
546 2535 686 2567 Lucret.
713 2536 752 2575 5,
778 2535 862 2567 999:

164 2583 298 2615 turbida
315 2584 411 2624 ponti
432 2584 588 2624 Aequora
610 2584 783 2617 laedebant
803 2593 866 2616 na-

165 2641 217 2664 ves
241 2634 285 2664 ad
308 2642 396 2665 sowa
417 2634 580 2674 virosque.
608 2634 695 2665 Hinc
716 2633 862 2666 demum

918 1199 1027 1230 ciendi.
1065 1199 1131 1237 Qui
1153 1199 1360 1241 primariam
1383 1198 1495 1240 illam,
1528 1208 1619 1242 quae

919 1247 1036 1280 elucet
1057 1248 1093 1280 in
1116 1248 1322 1290 compositis
1344 1249 1498 1289 allidere,
1525 1249 1621 1281 coui-

917 1297 1010 1336 dere,
1035 1297 1172 1337 elidere,
1196 1297 1341 1338 t'llidere,
1365 1298 1521 1338 oblidere,
1545 1298 1621 1331 sub-

916 1346 1033 1386 lidere,
1059 1355 1131 1378 non
1145 1345 1405 1387 intelligebant,
1429 1346 1621 1380 substitue-

917 1396 999 1427 runt
1010 1395 1140 1435 elidere,
1154 1395 1251 1437 quod
1265 1396 1496 1438 praeferebat
1511 1397 1620 1430 etiam

917 1445 1081 1477 Heinsius
1108 1444 1298 1478 Adversar.
1327 1455 1363 1488 p.
1393 1446 1474 1486 448,
1510 1446 1619 1488 idque

917 1502 1002 1526 sanc
1026 1494 1095 1526 hac
1117 1494 1371 1535 significatione
1395 1494 1618 1537 frequentius

917 1544 971 1575 est
1003 1552 1112 1585 quam
1141 1542 1309 1585 simplex,
1345 1545 1493 1587 propter
1525 1545 1620 1578 hanc

916 1592 1032 1633 ipsam
1068 1593 1243 1626 rationem
1280 1593 1316 1625 h.
1352 1592 1374 1625 1.
1406 1593 1618 1636 praeferen-

916 1641 1014 1674 dum.
1036 1660 1072 1665 —-
1092 1643 1261 1675 Ceterum
1281 1643 1350 1675 hoc
1365 1651 1478 1684 genus
1493 1643 1618 1676 mortis

916 1699 1107 1724 commune
1130 1693 1167 1724 in
1189 1692 1364 1732 heroinis,
1386 1691 1485 1725 velut
1506 1692 1541 1725 in
1559 1694 1618 1725 10-

916 1742 1031 1781 casta,
1056 1742 1248 1783 Antigona,
1273 1741 1452 1783 Phaedra,
1477 1743 1615 1783 Amata,

915 1799 1097 1833 saepeque
1121 1791 1218 1833 apud
1243 1792 1484 1824 Parthenium.

960 1840 1080 1873 64-66.
1100 1841 1176 1873 Sive
1191 1844 1222 1873 te
1237 1841 1319 1883 cet.]
1339 1841 1438 1874 «Sive
1454 1841 1567 1883 magis
1581 1841 1617 1874 te

915 1888 1070 1922 alliciunt
1092 1899 1201 1932 rupes
1225 1891 1261 1923 et
1282 1898 1366 1923 saxa
1390 1890 1445 1932 (ex
1468 1889 1617 1932 rupibus

916 1938 1124 1980 exstantia),
1159 1940 1199 1972 ut
1226 1948 1319 1981 quae
1349 1940 1454 1971 acuta
1476 1939 1546 1972 sint
1568 1939 1616 1972 ad

914 1987 1025 2021 letum
1059 1988 1218 2022 dandum
1256 1989 1358 2030 (quae
1393 1989 1617 2023 acuminibus

915 2039 987 2071 suis
1001 2038 1164 2071 celeriter
1176 2040 1329 2071 mortem
1344 2038 1518 2080 afferant),
1534 2048 1617 2082 pro-

897 2087 1024 2120 ‘cellae
1055 2088 1190 2129 impetu
1219 2087 1339 2120 adiuta
1374 2088 1409 2120 in
1439 2097 1616 2131 praeceps

914 2138 949 2170 te
984 2136 1116 2175 deiice;
1156 2136 1221 2170 nisi
1262 2139 1318 2177 tu,
1360 2138 1457 2179 regia
1497 2138 1613 2180 virgo,

915 2197 1018 2221 serva
1049 2187 1125 2220 fieri
1155 2187 1334 2229 praefers,
1371 2189 1428 2220 cui
1457 2188 1615 2230 quotidie

915 2237 960 2269 ab
992 2238 1079 2269 hera
1110 2237 1310 2279 assignetur
1337 2246 1492 2279 pensum
1523 2238 1616 2279 (cer—

914 2288 989 2319 tum
1012 2287 1152 2328 pondus
1175 2286 1277 2319 lanae
1304 2288 1510 2328 carpendae,
1539 2289 1615 2320 tra-

915 2335 1074 2376 hendae,
1108 2336 1267 2376 nendae,
1300 2336 1345 2369 de
1370 2345 1440 2378 quo
1463 2335 1614 2370 molesto

914 2386 1030 2419 officio
1046 2387 1204 2428 Propert.
1223 2386 1256 2426 3,
1274 2387 1312 2426 6,
1339 2387 1397 2419 45;
1423 2387 1531 2420 tristes
1551 2395 1615 2420 sua

910 2445 1015 2476 pensa
1043 2437 1216 2468 ministrae
1250 2435 1484 2477 Carpebant),
1519 2445 1612 2478 quae

914 2485 1055 2518 domina
1072 2485 1224 2518 barbara
1242 2487 1277 2518 te
1293 2485 1398 2519 simul
1413 2486 1452 2519 ut
1467 2493 1612 2518 exosam

914 2535 1030 2567 mariti
1058 2534 1222 2577 pellicem
1252 2536 1426 2578 perpetuo
1453 2534 1613 2567 cruciatu

914 2584 1053 2617 afficiet.
1081 2604 1117 2608 —
1142 2593 1243 2625 rupes
1259 2602 1279 2607 -
1295 2602 1314 2608 —
1332 2584 1446 2627 Sama]
1477 2584 1611 2616 Seneca

915 2634 1078 2666 Controv.
1107 2635 1142 2674 4,
1176 2633 1207 2666 3.
1238 2642 1274 2676 p.
1300 2633 1353 2667 94.
1379 2634 1475 2676 Bip.:
1509 2633 1612 2666 Moles
