1722 2904
200 17 281 60 (372

731 20 902 53 HORATII
927 20 1097 53 EPODON

483 123 603 167 lubet
633 137 867 181 cupressus
898 124 1102 167 funebres
1286 183 1297 189 -

424 206 473 247 Et
504 211 632 248 uncta
663 205 800 262 turpis
831 218 912 247 ova
942 218 1073 248 ranae
1105 204 1312 261 sanguine

481 285 761 343 Plumamque
792 292 1027 329 nocturnae
1058 285 1201 343 strigis

1593 287 1647 328 20

425 366 707 424 Herbasque,
740 380 849 424 quas
882 366 1017 409 Iolcos
1049 373 1178 424 atque
1207 365 1383 410 Hiberia

479 449 600 491 Mittit
629 461 894 491 venenorum
927 447 1065 498 ferax,

423 530 473 572 Et
503 543 604 572 ossa
633 529 687 571 ab
718 542 794 571 ore
825 534 947 585 rapta
976 528 1147 572 ieiunae
1174 529 1304 572 canis

480 610 679 653 Flammis
709 609 833 652 aduri
865 608 1090 652 Colchicis.
1126 638 1129 641 «
1223 658 1227 659 ⁷

422 693 472 734 At
488 678 701 748 'expedita
732 690 902 747 Sagana
930 703 1010 747 per
1042 696 1172 733 totam
1202 689 1379 734 domum
1591 691 1645 732 ⁶235

479 773 696 829 Spargens
726 770 960 814 Avernales
993 783 1129 827 aquas

420 855 574 896 Horret
604 852 768 909 capillis
797 858 843 894 ut
872 852 1063 894 marinus
1093 851 1259 909 asperis

484 933 670 977 Echinus
701 940 774 976 aut
805 945 986 976 currens
1016 946 1133 989 aper.

279 1056 331 1088 48.
356 1062 525 1095 cupressos
548 1053 675 1093 BbSc,t
699 1054 779 1094 (nou
803 1053 851 1094 d).
881 1070 916 1075 —-
941 1051 1090 1093 funebris
1110 1052 1148 1083 Β.
1178 1069 1213 1074 -
1247 1051 1302 1084 24.
1328 1051 1441 1094 atque]
1467 1055 1527 1084 aut
1549 1053 1599 1084 BS

235 1106 317 1146 (non
340 1104 434 1144 bcd).
465 1122 501 1126 —
542 1103 596 1135 26.
623 1103 779 1143 expedita
803 1104 824 1134 S
850 1102 931 1144 (non
954 1101 1077 1142 thd).
1118 1118 1152 1124 —-
1191 1101 1245 1133 26.
1272 1101 1441 1134 aven-natis
1463 1102 1525 1134 BS.
1561 1119 1597 1124 —
1651 1147 1655 1150 q

233 1155 288 1187 28.
313 1153 462 1195 currens]
486 1154 638 1185 Laurens
659 1153 804 1185 auctore
827 1153 868 1184 N.
895 1152 1037 1185 Heinsio
1060 1150 1251 1184 Bentleius.

189 1260 383 1301 cupressus]
424 1267 513 1300 quas
547 1258 672 1290 invisas
705 1257 789 1290 dicit
822 1258 885 1290 Od.

189 1311 225 1350 2,
245 1309 302 1349 ⁴4,
327 1309 396 1349 23.,
422 1311 519 1340 atras
535 1308 630 1348 Virg.
649 1308 736 1339 Aen.
755 1307 790 1347 3,
817 1306 885 1346 64„

188 1360 310 1401 ferales
319 1361 406 1391 Aen.
422 1359 442 1390 6
455 1383 462 1396 ,
477 1358 553 1390 2⁴6.
592 1356 715 1389 Claud.
737 1358 775 1389 R.
786 1358 884 1388 Pros.

189 1410 209 1441 2
221 1435 228 1448 ‚
248 1409 328 1441 ⁴08:
354 1408 497 1440 tumulos
513 1410 642 1439 tectura
657 1415 839 1447 cupressus.

233 1459 286 1491 ⁴9.
318 1458 372 1490 20.
408 1459 453 1490 Et
472 1457 592 1496 uncta]
626 1457 821 1489 Construe:
858 1459 890 1488 et

188 1517 254 1540 ova
284 1511 470 1540 nocturnae
496 1508 610 1548 striyis
634 1510 736 1539 uncta
769 1506 887 1548 (intin-

188 1559 262 1597 cta,
292 1557 430 1599 sparsa)
456 1558 618 1598 sanquine
639 1557 747 1597 turpis
760 1565 884 1595 ranae,

187 1608 395 1647 eiusdemque
410 1607 483 1638 avis
497 1607 661 1646 ptumam.
694 1622 730 1628 —
757 1605 886 1646 turpis]

189 1656 353 1696 «foedae,
379 1655 546 1688 omnibus
570 1664 734 1687 exosae.»
763 1673 799 1678 —
823 1664 888 1686 ra-

185 1706 262 1746 nae]
293 1707 345 1738 De
368 1705 495 1738 rubeta
519 1706 593 1738 sive
617 1705 748 1737 bufone
772 1704 888 1746 loqui-

186 1757 254 1787 tur.
281 1757 384 1797 Prop.
411 1755 448 1795 3,
475 1755 512 1794 6,
538 1756 599 1787 27:
629 1755 726 1786 Illum
748 1758 886 1796 turgen-

186 1806 228 1836 tis
258 1814 367 1837 ranae
395 1808 555 1845 portenta
594 1805 731 1836 rubetae
762 1805 807 1836 Et
837 1805 887 1836 le-

185 1857 240 1886 cta
271 1855 410 1887 eoesectis
437 1855 601 1896 anguibus
629 1864 704 1911 ossa
736 1855 884 1886 trahunt.

185 1905 305 1936 luven.
325 1905 360 1944 4,
386 1905 445 1936 69:
470 1907 630 1936 matrona
646 1907 782 1944 potens,
801 1913 886 1944 quae

183 1954 280 1985 molle
298 1954 456 1986 Calenum
472 1955 673 1986 Porrectura
686 1954 760 1985 viro
774 1954 887 1985 miscet

183 2003 310 2034 sitiente
323 2003 489 2035 rubetam.
507 2020 543 2025 —
559 2003 705 2044 strigem
717 2003 886 2036 describit

184 2052 284 2084 Ovid.
311 2053 400 2085 Fast.
427 2053 465 2092 6,
493 2052 573 2085 433:
611 2053 748 2085 Grande
769 2056 882 2093 caput,

182 2096 306 2134 stantes
335 2102 437 2142 ocuti,
472 2105 586 2134 rostra
616 2106 699 2142 apta
720 2103 883 2143 rapinae,-

183 2150 327 2183 Canities
335 2152 466 2192 pennis,
479 2152 645 2193 unguibus
659 2152 776 2183 hamus
787 2152 880 2184 inest.

181 2200 264 2233 Avis
277 2202 332 2233 est
347 2202 520 2233 nocturna
537 2200 620 2233 mali
636 2202 774 2234 ominis.
794 2200 879 2233 Plin.

183 2249 224 2281 H.
242 2250 282 2281 N.
301 2251 354 2289 Μ,
377 2250 434 2282 39;
464 2251 543 2283 Esse
559 2251 594 2283 in
613 2251 797 2283 maledictis
813 2251 883 2282 iam

182 2299 330 2338 antiquis
350 2300 487 2340 strigem
511 2301 680 2339 convenit,
715 2301 775 2332 sed
798 2309 883 2340 quae

181 2349 223 2379 sit
259 2349 390 2388 avium,
434 2353 588 2382 constare
619 2359 686 2381 non
719 2349 878 2381 arbitror.

182 2397 268 2438 (Uhu
295 2398 410 2439 Voss.)

223 2446 340 2479 24-24.
370 2447 575 2489 Herbasque]
611 2449 727 2489 Usque
757 2447 802 2479 ad
826 2447 881 2479 ul—

181 2497 263 2527 tima
296 2497 434 2538 imperii
469 2498 615 2529 Romani
648 2498 879 2538 propagatam

181 2553 260 2577 esse
284 2546 375 2578 hanc
391 2547 680 2588 superstitionem
705 2548 879 2578 monstrat

181 2593 266 2625 Cod.
286 2595 417 2626 Theod.
438 2596 489 2627 IX.
510 2595 567 2634 38,
588 2596 626 2626 6;
654 2595 765 2627 noxiis
780 2605 879 2635 quae-

936 1263 1002 1295 sita
1011 1261 1220 1304 ¹qramim'bus
1233 1265 1265 1295 et
1281 1262 1365 1294 diris
1375 1260 1638 1295 immimmurata

936 1309 1068 1351 sebi-etis
1088 1321 1227 1344 venena.
1258 1330 1294 1335 —
1329 1311 1444 1354 Iolcos]
1464 1307 1634 1353 Ἰωλκός,

937 1361 1108 1403 oppidum
1115 1360 1327 1394 Thessaliae.
1342 1360 1507 1395 Mulieres
1516 1363 1638 1395 autem

937 1410 1126 1443 Thessalae
1141 1419 1206 1452 pro
1218 1410 1388 1443 veneficis
1403 1411 1442 1443 et
1455 1411 1568 1452 magis
1579 1411 1642 1443 ha-

936 1459 1125 1492 bebantur.
1150 1460 1328 1502 Aristoph.
1351 1459 1442 1493 Nuh.
1460 1459 1540 1493 749:
1565 1460 1640 1493 Γυ-

935 1512 1053 1542 ναῖκα
1063 1507 1273 1556 φαρμακίδ’
1286 1510 1322 1542 εἰ
1331 1506 1540 1556 πριάμενος
1548 1510 1638 1543 Θετ-

935 1557 1055 1602 ταλήν
1066 1557 1145 1591 κτλ.
1184 1561 1378 1600 Perper-am
1394 1558 1522 1599 Aldus,
1546 1560 1636 1592 Dan.
1677 1557 1679 1598 j

936 1610 1110 1648 Heinsius,
1129 1607 1218 1640 aliae
1233 1609 1318 1640 vett.
1337 1608 1426 1641 Edd.
1446 1611 1476 1640 et
1488 1609 1633 1641 Colchos.

937 1658 1006 1691 Cfr.
1025 1659 1064 1690 N.
1085 1658 1204 1690 Heius.
1222 1657 1279 1690 ad.
1299 1657 1398 1690 ovid.
1413 1658 1494 1691 Met.
1510 1659 1543 1698 7,
1560 1658 1635 1694 ⁴58.

938 1726 975 1730 —
998 1707 1146 1749 Hiberia]
1170 1708 1268 1748 regio
1285 1707 1385 1740 Ponti
1401 1708 1492 1740 inter
1506 1708 1636 1740 Arme-

935 1757 1030 1789 niam
1046 1758 1082 1789 et
1097 1756 1318 1797 Colchidem,
1341 1757 1528 1790 venenatis
1545 1757 1633 1790 her-

934 1806 990 1839 bis
1007 1806 1204 1839 abundans.
1227 1807 1320 1847 Virg.
1335 1805 1407 1839 Ecl.
1426 1807 1459 1847 8,
1480 1807 1540 1839 95:
1564 1807 1635 1839 Has

933 1856 1052 1888 herbas
1065 1859 1166 1895 atque
1178 1856 1259 1888 haec
1272 1857 1374 1888 Ponto
1387 1856 1469 1888 mihi
1483 1856 1568 1889 lecta
1581 1866 1638 1889 ve-

934 1915 1032 1938 nena.
1053 1923 1089 1928 —
1115 1905 1200 1946 ossa]
1219 1906 1342 1947 erepta
1357 1905 1436 1938 cani
1452 1905 1636 1938 famelicae

936 1957 971 1987 et
1000 1956 1190 1996 propterea
1221 1955 1346 1988 avidae
1370 1957 1478 1997 atque
1502 1956 1632 1996 iratae,

935 2005 1011 2037 eius
1024 2005 1122 2036 sanie
1138 2004 1292 2037 madida.
1319 2005 1376 2037 Sic
1388 2006 1423 2036 et
1434 2004 1535 2046 Apul.
1549 2005 1632 2038 Met.

935 2054 966 2085 4.
985 2054 1076 2085 inter
1088 2052 1154 2086 alia
1166 2054 1212 2086 ad
1223 2053 1351 2096 philtra
1365 2055 1446 2096 apta
1459 2057 1636 2087 memorat

933 2106 1068 2135 extorta
1088 2103 1241 2144 ferarum
1263 2103 1411 2136 dentibus
1432 2107 1554 2136 muca
1566 2105 1636 2136 cab-

931 2152 1044 2184 varia.
1066 2170 1103 2175 ——-
1121 2152 1288 2194 Colchicis]
1307 2152 1490 2194 «qualibus
1504 2152 1633 2195 philtra

934 2202 969 2233 et
990 2210 1129 2233 venena
1151 2201 1302 2243 parabat
1315 2201 1441 2235 Medea
1458 2201 1632 2235 Colchis.»

933 2251 1028 2285 Haec
1053 2251 1171 2283 omnia
1197 2250 1296 2284 iubet
1323 2252 1459 2291 aduri‚-
1477 2252 1633 2284 flammis

933 2300 1077 2341 imponi,
1102 2297 1227 2342 coqui,
1249 2300 1379 2342 quibus
1406 2300 1529 2333 ultimo
1553 2300 1632 2334 loco

933 2348 1086 2381 medulla
1113 2351 1150 2381 et
1160 2350 1259 2381 iecur
1278 2349 1425 2382 infelicis
1446 2350 1548 2391 pueri
1570 2350 1633 2383 ad-

932 2398 1048 2430 denda
1066 2400 1168 2431 erant
1189 2398 1237 2431 ad
1255 2407 1435 2431 summam
1457 2407 1536 2431 rem
1550 2407 1632 2440 per-

933 2446 1143 2486 ficiendam,
1179 2449 1218 2480 ut
1238 2448 1352 2480 Varus
1374 2447 1420 2480 ad
1447 2447 1630 2480 Canidiam

931 2498 1172 2528 revocaretur.

974 2547 1027 2578 25.
1054 2547 1107 2578 26.
1139 2546 1308 2587 expedita]
1333 2546 1549 2587 «succincta,
1581 2556 1626 2579 ne

929 2595 1127 2628 defluentes
1151 2597 1270 2628 vestes
1293 2595 1546 2636 impedimento
1568 2605 1628 2628 es-
