1722 2904
170 18 251 59 7⁶28

707 22 861 55 HORAT!
866 24 878 55 Ι
902 23 1074 56 EPODON

225 122 347 166 Nulla
379 123 433 165 sit
462 123 542 167 hac
572 124 713 182 potior
743 127 974 177 sententia,
1008 126 1307 172 Phocaeorum

279 203 402 247 Velut
429 205 614 262 profugit
643 214 866 250 exsecrata
897 207 1046 251 civitas

220 286 357 342 Agros
387 291 517 343 atque
549 287 679 329 Lares
710 288 872 344 patrios
902 288 1222 347 habitandaque
1251 290 1348 334 fana

276 365 401 423 Apris
431 366 604 424 reliquit
633 375 674 410 et
705 368 936 425 rapacibus
966 369 1104 427 lupis,

1559 373 1615 415 20

219 447 286 489 Ire
317 447 454 504 pedes
486 461 749 506 quocunque
779 449 936 501 ferent,
969 464 1232 509 quocunque
1262 466 1342 509 per
1371 451 1510 496 undas

277 529 412 571 Notus
443 528 614 572 vocabit
643 536 716 571 aut
745 536 972 587 protervus
1001 531 1180 575 Africus.

220 609 290 651 Sic
310 608 482 666 placet?
513 624 566 652 an
586 609 740 653 melius
761 611 859 668 quis
879 610 1009 655 habet
1027 611 1214 657 suadere
1228 613 1250 655 ⁶?
1264 638 1322 645 —
1338 614 1538 658 Secunda

250 741 302 774 49.
323 743 483 783 proprios
505 741 614 775 Aldus
638 744 759 775 contra
784 742 896 776 Codd.
929 752 1029 786 meos
1061 745 1097 777 et
1118 744 1181 777 Ed.
1207 745 1295 778 Ven.
1315 745 1418 778 448⁴.
1445 745 1571 787 (Ober-

206 790 296 823 linus
321 793 357 823 et
379 792 588 830 Pottierius,
615 792 676 833 qui
699 794 886 824 servarunt
902 793 1083 834 proprios,
1119 793 1164 826 de
1187 794 1262 828 suis
1286 794 1398 828 Codd.
1427 797 1568 836 tacent,

205 849 272 872 nec
296 841 492 882 quidquam
516 842 561 874 de
585 842 653 874 hac
675 850 749 873 var.
775 841 978 883 Bentleius.)
1007 862 1043 866 —
1083 844 1138 877 2⁴.
1161 844 1274 886 ferunt
1294 844 1404 885 bSTc‚
1422 846 1464 878 Lt
1487 845 1568 887 (non

203 891 246 930 B,
274 891 318 931 C,
344 891 477 931 Bent1.,
502 892 585 933 FM).

159 1007 268 1050 ὁοσις
290 1010 393 1042 Nulla
414 1011 456 1043 sit
477 1011 540 1043 hac
563 1012 679 1052 potior
699 1013 862 1045 sententia

161 1060 302 1101 (quam)
327 1061 399 1100 Ire,
441 1059 482 1093 ἐν
515 1061 742 1107 παρενθέσει
774 1063 860 1094 Pho—

158 1117 317 1141 caeorum
331 1127 350 1133 -
365 1128 384 1133 -
399 1110 496 1150 lupis.

203 1160 319 1191 47-22.
344 1160 449 1192 Nulla
462 1161 515 1201 sit]
540 1162 681 1194 Poetico
706 1161 860 1203 impulsu

160 1209 377 1250 concitatus,
413 1211 453 1242 ut
482 1219 549 1252 per
571 1220 610 1244 se
634 1210 857 1252 intelligitur,

159 1267 229 1290 non
263 1259 357 1291 serio
392 1260 460 1292 hoc
491 1260 699 1294 melioribus
723 1261 859 1294 civibus

158 1308 218 1340 dat
234 1308 420 1342 consilium
436 1310 611 1343 Horatius.
643 1310 860 1343 Monendum

159 1359 280 1391 tamen
297 1360 373 1391 erat
392 1361 540 1401 propter
555 1368 732 1402 nuperum
749 1369 861 1401 quen-

160 1408 243 1440 dam
274 1409 519 1450 interpretem.
556 1428 592 1433 —
622 1411 857 1451 Phocaeorum]

159 1458 249 1490 Cum
264 1467 296 1490 a.
319 1460 401 1491 ante
419 1459 501 1491 Chr.
520 1459 595 1492 534.
618 1459 664 1492 ab
681 1461 857 1502 Harpago‚

158 1508 242 1548 Cyri
276 1507 386 1547 duce,
430 1509 636 1550 gravissima
675 1509 858 1542 obsidione

155 1559 426 1599 premerentur,
464 1567 638 1591 concesso
661 1559 765 1592 unius
789 1559 859 1592 diei

157 1606 203 1638 ad
242 1606 515 1640 deliberandum
553 1608 598 1640 de
636 1608 746 1641 rebus
784 1610 857 1642 suis

157 1657 288 1698 spatiO,
316 1666 379 1690 eos
403 1666 594 1690 commune
618 1658 778 1691 mutandi
795 1658 858 1691 soli

156 1706 259 1747 patrii
287 1706 472 1739 consilium
496 1708 654 1749 cepisse,
688 1709 769 1740 ante
793 1717 859 1740 au-

157 1757 230 1787 tem
269 1765 378 1798 quam
414 1757 527 1798 patria
565 1757 752 1796 cederent,
790 1766 857 1799 pu-

157 1804 258 1838 blicis
295 1806 598 1840 exsecrationibus
639 1808 858 1841 iuramento-

157 1864 227 1896 que
243 1881 250 1894 ‚
282 1864 326 1887 ne
350 1857 429 1897 quis
457 1859 661 1889 remaneret
684 1866 754 1890 neu
778 1859 858 1900 quis

155 1905 254 1945 prius
292 1907 555 1946 reverteretur,
595 1916 704 1948 quam
738 1916 857 1941 massa

156 1954 260 1993 ferri,
304 1963 413 1996 quam
450 1956 539 1987 mari
577 1957 855 1998 immersissent,

158 2005 191 2036 in
244 2004 319 2036 eius
369 2005 557 2046 superficie
610 2007 854 2048 apparuisset,

156 2054 314 2087 sanxisse
344 2063 456 2096 seque
486 2054 717 2088 obstrinxisse
744 2057 858 2089 Hero-

156 2103 260 2136 dotus
292 2104 330 2143 4,
370 2105 446 2137 465.
487 2104 602 2137 tradit.
662 2106 750 2138 Hinc
783 2105 858 2138 Cal-

155 2152 228 2185 lim.
255 2154 392 2194 Fragm.
410 2154 491 2186 209:
518 2154 701 2187 Φωκαέων
722 2156 858 2202 μέχρις

156 2212 199 2234 κε
231 2203 329 2248 μένῃ
361 2203 483 2247 με’γας
514 2205 569 2237 εἰν
601 2199 666 2237 ἁλὶ
697 2202 854 2252 μύδρος.

158 2252 227 2284 Csr.
247 2251 369 2295 *Schol
396 2253 430 2284 in
455 2254 618 2295 Sophocl.
643 2255 757 2296 Antig.
777 2254 853 2288 264.

157 2301 282 2335 suidas
298 2303 333 2334 in
350 2301 538 2335 Φωκαέων
553 2298 641 2349 ἆρά.
667 2304 730 2336 Ed.
750 2304 854 2336 Gaisf.

156 2353 211 2384 111.
238 2361 273 2393 p.
300 2352 374 2384 626.
415 2352 533 2386 Simile
565 2354 856 2396 Epidamniorum

159 2401 293 2434 facinus
309 2402 420 2435 refert
433 2403 610 2436 Diodorus
627 2405 763 2445 Fragm.
790 2404 857 2435 Va-

159 2452 215 2483 tic.
249 2461 282 2492 p.
311 2452 363 2485 49.
393 2453 515 2492 Dind.,
553 2462 620 2486 nec
643 2463 729 2486 vero
752 2453 854 2495 longe

158 2500 262 2533 distat
294 2502 454 2535 Aristidis
481 2500 742 2547 iusiurandum:
779 2498 855 2548 ὥρ-

158 2559 242 2581 κισε
257 2569 275 2574 -
292 2548 381 2592 τοὺς
397 2547 582 2594 Ἓλληνας
606 2553 671 2584 καὶ
700 2548 855 2594 ὤμοσεν

160 2596 254 2646 ὑπὲρ
277 2598 352 2633 τῶν
372 2597 579 2644 Ἀθηναίων
601 2599 770 2649 μύδρους
785 2601 854 2645 ἐμ-

910 1008 1042 1050 βαλών
1064 1010 1128 1044 ἐπὶ
1149 1014 1234 1053 ταῖς
1255 1007 1368 1059 ἀραῖς
1382 1013 1438 1054 εἰς
1452 1009 1523 1057 τὴν
1537 1011 1613 1047 θά-

911 1060 1063 1094 λατταν.
1089 1061 1176 1094 Plut.
1201 1062 1306 1095 Arist.
1323 1063 1378 1095 25.
1404 1062 1476 1096 Cfr.
1503 1064 1611 1097 etiam

912 1110 1001 1144 Flor.
1033 1111 1070 1151 3,
1107 1111 1164 1143 ⁴0:
1213 1110 1380 1145 Helvetiis
1415 1121 1611 1146 sacrmen—

911 1164 981 1193 tum
994 1161 1074 1202 fuit,
1099 1169 1140 1193 ne
1154 1161 1311 1194 redirent.
1337 1161 1454 1194 Livius
1469 1162 1506 1195 3⁴
1521 1188 1530 1204 ,
1548 1163 1607 1195 ⁴7:

908 1211 947 1242 Id
978 1219 1011 1243 se
1045 1210 1178 1252 facinus
1201 1210 1292 1251 (sese
1325 1212 1478 1244 invicem
1513 1212 1611 1244 occi-

911 1259 1028 1301 dendi)
1058 1263 1335 1300 perpetraturos,
1370 1261 1610 1301 praeeuntibus

909 1317 1138 1343 usnemun*
1183 1318 1320 1342 carmen
1363 1310 1608 1351 sacerdotibus,

909 1360 984 1391 iure
1018 1359 1164 1391 iurando
1200 1359 1313 1391 adacti
1345 1358 1543 1401 (Abydeni).
1571 1377 1608 1383 —

910 1408 1096 1449 exsecrata]
1131 1407 1244 1449 signif.
1281 1407 1416 1441 formae
1447 1408 1606 1450 mediae,

911 1467 1014 1490 «cum
1038 1466 1077 1490 se
1101 1457 1186 1490 diris
1212 1457 1449 1491 devovisset.»
1474 1458 1607 1492 Herod.

909 1507 931 1540 l.
961 1507 983 1540 l.
1019 1505 1256 1550 ἐποιήσαντο
1291 1504 1453 1555 ἰσχυρὰς
1490 1506 1610 1541 κατά-

909 1567 990 1604 ρας.
1037 1556 1115 1590 Noli
1158 1557 1305 1598 iungere
1335 1566 1419 1590 cum
1448 1558 1610 1600 Porphy-

908 1608 1027 1640 rione:
1056 1610 1251 1640 «exsecrata
1269 1616 1371 1649 a9=ros
1392 1611 1493 1648 atque
1505 1609 1611 1641 Lares

903 1657 1048 1697 patrios,
1057 1657 1210 1698 profugit
1219 1666 1248 1696 ;›2
1263 1657 1329 1690 sed
1330 1657 1483 1699 profugit
1492 1666 1606 1699 ayros,

909 1707 947 1738 ut
959 1705 1095 1739 Colum.
1115 1707 1148 1747 4,
1165 1706 1202 1738 3:
1220 1709 1455 1748 ut--proptor
1464 1707 1610 1740 iniurias

906 1756 1093 1788 vicinorum
1115 1756 1205 1788 sedes
1226 1765 1306 1788 suas
1321 1757 1546 1799 profugerint.
1567 1774 1604 1781 —

902 1805 1053 1846 patrios]
1092 1803 1389 1852 ποιητικώτερον
1411 1807 1466 1839 est
1499 1815 1608 1848 quam

901 1857 1070 1898 proprios,
1088 1857 1188 1889 cuius
1202 1855 1363 1897 lectionis
1378 1857 1522 1890 omnino
1537 1858 1609 1891 exi-

908 1915 976 1947 gua
988 1906 1129 1939 videtur
1144 1906 1344 1938 auctoritas.
1361 1925 1398 1929 -
1410 1907 1511 1947 pedes
1521 1916 1554 1948 q.
1565 1907 1605 1949 fi]

909 1956 960 1989 Cf.
979 1956 1042 1989 Od.
1067 1956 1105 1996 3,
1125 1956 1160 1988 Μ
1176 1980 1183 1996 ,
1202 1954 1255 1988 49.
1278 1973 1314 1979 —-
1334 1957 1524 1997 protervus]
1552 1957 1603 1990 Cf.

908 2005 971 2038 Od.
988 2005 1098 2046 4,26,
1116 2005 1154 2037 2:
1174 2005 1496 2045 protervis-ventis.
1509 2006 1603 2048 Virg.

908 2057 994 2088 Aen.
1019 2055 1054 2095 4,
1080 2054 1158 2087 536:
1178 2054 1379 2095 procacibus
1397 2054 1538 2088 Austn's.

950 2104 1005 2137 23.
1032 2103 1086 2137 24.
1112 2105 1168 2136 Sic
1185 2103 1331 2146 placem
1362 2105 1432 2137 «Ex
1455 2104 1605 2139 formula

908 2153 1086 2192 sollemni;
1123 2162 1205 2186 cum
1233 2153 1328 2185 enim
1352 2153 1602 2195 consulebant,

908 2205 959 2237 sic
973 2203 1225 2245 loquebantur:
1253 2203 1476 2237 «Placetne‘h
1493 2205 1605 2244 «Quid

908 2255 984 2287 fieri
1021 2253 1192 2296 placem»
1232 2255 1268 2286 et
1305 2254 1340 2286 in
1377 2254 1605 2288 decernendo

906 2304 1050 2346 placere
1086 2304 1224 2336 senatui
1246 2303 1302 2336 vel
1326 2313 1397 2337 non
1424 2304 1603 2346 placere.»

907 2355 1028 2385 Bnnri..
1055 2354 1118 2386 Cui
1136 2353 1258 2386 contra
1273 2353 1358 2386 dicit
1372 2354 1434 2387 Ed.
1452 2353 1606 2387 Leiden-

906 2404 971 2442 sis;
998 2403 1063 2435 sed
1086 2403 1271 2436 manifesto
1295 2404 1498 2437 contionem
1516 2402 1604 2437 auo-

907 2454 966 2495 qui
991 2462 1030 2487 se
1052 2453 1150 2495 fingit
1170 2455 1286 2496 poeta.
1315 2472 1352 2477 —
1383 2454 1604 2487 Secunda·-

906 2503 994 2546 altte]
1020 2504 1154 2547 «αἰσίῳ
1181 2499 1322 2549 ὄρνιθι,
1358 2503 1455 2536 bono
1485 2504 1603 2536 omine

905 2555 1051 2595 propter
1073 2553 1190 2595 ipsum
1213 2553 1282 2586 hoc
1302 2554 1375 2587 tam
1389 2560 1603 2595 generosum

906 2602 1091 2636 consilium
1115 2601 1268 2635 oblato.»
