1722 2904
128 74 212 116 488

641 76 811 109 HORATII
836 76 1060 110 CARMINUM

467 178 687 237 Oppositis
718 178 879 222 foribus
910 179 1111 222 minaces.

355 286 392 329 Ο
424 299 536 343 quae
566 285 737 329 beatam
767 285 866 328 diva
901 292 1021 328 tenes
1053 284 1245 342 Cyprum
1275 289 1317 327 et

354 366 569 423 Memphin
598 372 815 410 carentem
847 364 1037 408 Sithonia
1067 364 1190 415 nive,

1523 364 1577 407 ’10

410 447 590 504 Regina,
623 446 794 490 sublimi
824 445 993 503 flagello

469 529 610 585 Tange
643 526 804 571 Chloen
835 525 970 570 semel
1001 532 1285 584 arrogantem.

216 647 247 679 9.
275 646 370 689 quae]
395 655 497 687 quam
519 647 555 678 T.
578 664 613 669 ——
632 645 729 687 tenes]
752 646 842 688 regis
860 646 894 677 S.
915 644 996 686 (non
1018 644 1146 686 Bh'rc.)
1166 663 1203 668 —
1222 645 1275 678 40.
1292 645 1480 686 Memplmm
1495 645 1532 677 T.

128 750 278 784 Lucilius
294 752 330 784 in
341 751 436 784 Libri
452 751 506 783 29.
521 752 659 792 Fragm.
678 750 738 783 47:
767 751 829 783 Ve-

127 805 176 833 cte
213 805 313 841 atque
356 801 494 841 ancipiti
530 801 622 842 ferro
662 799 826 842 (bipenni)

128 851 306 892 effrinqam
328 851 492 883 cardines.
522 869 557 873 —
590 850 702 890 arcus]
727 849 829 890 «qui—

128 900 196 933 bus
241 901 408 933 ianitores
441 900 653 932 terrerent.»
708 900 825 931 Gnoss.

131 949 217 982 Cod.
236 950 355 990 Regin.
372 949 478 981 Arcus
493 949 605 989 magis
621 949 688 980 ioci
705 957 826 988 causa,

129 1007 238 1041 quam
261 1008 304 1031 eo
328 999 421 1039 fine,
460 1001 500 1031 ut
522 999 657 1039 sagittis
680 998 830 1039 figerent

129 1049 295 1081 ianitores
329 1050 390 1080 aut
424 1047 601 1087 aemulos⁷
649 1047 829 1080 interdum

130 1099 288 1140 gestasse
341 1098 592 1130 comissatores
638 1097 830 1129 consenta-

130 1156 239 1180 neum
285 1149 351 1180 est.
414 1145 480 1179 Alii
526 1147 827 1188 interpretantur:

131 1196 285 1237 «fulcra,
323 1196 454 1238 quibus
486 1197 610 1228 vectes
638 1196 830 1237 imponun-

129 1248 226 1285 tur»;
268 1246 332 1279 sed
366 1246 442 1278 sine
472 1246 693 1278 auctoritate.
741 1246 830 1277 Ges-

130 1305 237 1328 nerus
272 1295 447 1336 denique:
491 1295 650 1327 «Foribus
685 1295 832 1326 minaces

131 1354 210 1378 esse
233 1346 383 1387 possunt
405 1344 484 1377 illae
501 1344 687 1376 machinae
702 1342 832 1386 polior-

132 1395 284 1435 ceticae,
311 1403 400 1436 quas
423 1395 601 1427 recentior
616 1395 714 1426 certe
731 1394 830 1426 aetas

131 1444 354 1476 arcubalistas
376 1444 581 1476 nominavit.
618 1444 693 1475 Hoc
709 1441 830 1475 malim

130 1502 238 1535 quam
262 1494 400 1526 mutare
416 1493 527 1525 verba
544 1493 703 1525 omnium
725 1491 832 1524 libro-

129 1551 245 1575 rum.»
272 1542 454 1584 (Intellexit
469 1541 538 1574 tela
554 1551 647 1584 quae
660 1550 830 1573 vocamus

128 1592 337 1632 Armbru'ste,
374 1590 567 1633 arbaletes.)
601 1610 637 1614 -—
673 1591 831 1630 minaces]

131 1641 345 1674 «destinatos
369 1641 415 1673 ad
439 1640 676 1682 effringendas
692 1640 828 1679 ianuas,

129 1699 222 1731 quae
247 1689 465 1722 amatoribus
489 1699 528 1723 se
552 1691 768 1732 opponunt.»

173 1739 205 1771 9.
232 1739 285 1771 40.
311 1740 462 1780 beatam]
486 1739 644 1772 Eustath.
674 1738 719 1770 ad
746 1738 831 1770 Dio-

132 1797 210 1829 nys.
237 1789 372 1829 Perieg.
398 1789 484 1821 508:
523 1785 768 1828 Ὀλβιώτατοι
789 1785 830 1819 δὲ

131 1835 331 1880 νησιωτῶν
355 1838 396 1870 οἱ
416 1835 581 1884 Κύπριοι
602 1833 666 1870 διὰ
687 1834 733 1869 τὸ
756 1836 831 1868 θα-

130 1885 449 1932 λαττοκρατῆσαι.
489 1906 525 1910 -
562 1889 649 1919 tenes
671 1887 831 1927 Cyprum]

131 1936 194 1969 Od.
222 1938 259 1976 4,
285 1937 320 1977 3,
348 1937 379 1968 4.
403 1937 501 1978 Reqis
521 1936 661 1970 Codicis
680 1935 829 1977 Sangall.

134 1986 360 2018 manifestum
384 1987 439 2019 est
461 1985 567 2027 gloss.
589 2003 625 2009 -
650 1985 832 2026 Memphin]

135 2034 262 2067 Strabo
297 2035 358 2075 47,
396 2035 460 2068 32:
499 2032 609 2075 πόλις
642 2033 725 2067 ἐστὶ
761 2043 832 2077 με-

132 2081 230 2126 γάλη
265 2093 306 2116 τε
338 2084 404 2116 καὶ
436 2079 641 2131 εὖανδρος,
675 2082 834 2129 δευτέρα

134 2130 231 2176 μετὰ
256 2129 547 2180 Ἀλεξάνδρειαν.
587 2152 623 2157 -
666 2136 834 2165 carentem

134 2183 285 2215 Sithonia
311 2183 401 2225 nive]
434 2192 604 2225 «semper
632 2182 783 2215 liberam
812 2191 832 2214 a

134 2232 213 2264 nive
227 2233 407 2265 Thracia.»
424 2233 542 2274 Eurip.
560 2232 729 2265 Androm.
748 2232 829 2264 2⁴5:

136 2278 291 2326 Θρῄκην
327 2279 430 2320 χιόνι
474 2278 545 2324 τὴν
578 2277 829 2327 κατάρρυτον.

135 2331 228 2370 Virg.
254 2330 325 2363 Ecl.
354 2332 412 2371 40,
438 2331 500 2363 66;
526 2331 757 2372 Sithoniasque
778 2330 833 2362 ni-

134 2388 189 2411 ves
209 2380 323 2412 hiemis
345 2381 519 2413 subeamus
540 2389 697 2422 aquosae.
733 2379 830 2412 ovid.

137 2431 213 2460 Am.
241 2428 277 2467 3,
297 2430 335 2468 7,
355 2430 374 2462 8
391 2439 397 2460 :
424 2430 572 2462 Brachia
587 2430 740 2462 Sithonia
754 2438 836 2462 can-

140 2480 271 2512 didiora
296 2481 377 2512 nive.

923 751 975 782 44.
1015 750 1068 782 42.
1103 750 1252 791 sublimi]
1288 748 1446 791 «flagello
1467 750 1504 782 in
1526 747 1579 782 al-

879 801 957 832 tum
980 798 1119 832 sublato
1132 824 1140 840 ‚
1164 801 1205 832 ut
1224 799 1494 832 vehementiora
1509 798 1578 832 sint

878 848 1043 889 verbera,
1058 850 1161 890 tange
1171 848 1284 883 semel
1293 848 1420 882 saltem
1430 847 1576 888 Chloen,

878 899 918 930 ut
928 898 1109 940 mitigetur
1123 898 1270 931 tandem
1281 899 1358 931 eius
1374 897 1577 940 superbia.»

879 947 1020 979 Sublimi
1044 946 1260 990 (schwebend)
1284 947 1483 990 significare
1506 955 1579 980 non

879 998 996 1039 potest
1019 998 1220 1038 «extremo,
1245 1005 1386 1030 summo
1406 995 1577 1039 flagello»,

878 1046 915 1079 id
938 1047 1008 1085 est,
1047 1045 1193 1079 «leviter
1215 1054 1295 1079 eam
1325 1045 1506 1088 flagella‚»
1540 1046 1581 1078 ut

878 1095 1001 1128 volunt
1034 1095 1091 1128 alii
1105 1121 1113 1136 ,
1149 1096 1215 1129 sed
1249 1097 1304 1129 est
1336 1097 1453 1138 imago
1483 1095 1581 1128 saevi

879 1145 1041 1187 imperii,
1067 1145 1165 1186 quod
1196 1145 1318 1178 venus
1350 1145 1387 1178 in
1418 1145 1581 1178 amantes

880 1197 987 1236 atque
1017 1197 1154 1228 amatos
1183 1203 1353 1228 exercere
1378 1193 1479 1228 solet.
1525 1194 1581 1227 Si-

879 1244 1010 1277 militer
1047 1245 1182 1287 flagello
1215 1247 1355 1287 tanqere
1393 1243 1579 1286 aliquoties

881 1294 967 1327 dixit
996 1295 1137 1326 Statius.
1179 1294 1249 1327 Cfr.
1275 1292 1396 1327 Markl.
1432 1302 1469 1335 p.
1499 1292 1578 1327 402.

879 1343 1006 1376 Dresd.
1032 1344 1108 1376 Iam
1122 1343 1295 1376 Pindarus
1310 1343 1413 1384 Pyth.
1434 1341 1456 1375 4
1468 1367 1476 1383 ‚
1493 1342 1578 1375 2⁴9:

875 1390 1009 1434 Ἑλλὰς
1037 1388 1159 1426 αὐτὰν
1183 1388 1249 1425 Ἔν
1273 1392 1396 1439 φρασὶ
1419 1391 1582 1435 καιομέ-

879 1453 951 1475 ναν
966 1441 1094 1475 δονέοι
1107 1439 1268 1486 μάστιγι
1280 1439 1462 1483 Πειθοῦς.
1489 1442 1582 1484 «ΟΡ-

880 1493 974 1534 pian.
1007 1491 1083 1525 Hal.
1108 1493 1147 1532 2,
1174 1491 1227 1525 44.
1263 1491 1326 1524 uhi
1359 1491 1502 1534 sapiens
1525 1489 1580 1524 dis

881 1542 1132 1584 obtemperare
1149 1541 1289 1582 dicitur,
1315 1541 1415 1588 Πρὶν
1429 1538 1579 1587 χαλεπῇ

879 1589 1039 1635 μάστιγι
1053 1592 1120 1624 καὶ
1135 1587 1209 1624 οῦκ
1227 1590 1371 1625 ἐθέλων
1386 1588 1580 1634 ἐλάηται.»

883 1643 1048 1674 Domum.
1096 1642 1241 1674 Nonnus
1266 1639 1308 1680 4,
1349 1641 1431 1674 ⁴77:
1485 1636 1581 1672 Εἶπε

882 1690 1047 1731 (Venus),
1084 1689 1152 1722 καὶ
1180 1685 1382 1736 Ἁρμονίην
1414 1687 1583 1733 φυγοδέ-

880 1748 995 1781 μνιον
1027 1734 1150 1781 ἤλασε
1192 1738 1317 1783 κεστῷ
1350 1738 1421 1780 Εἰς
1455 1735 1583 1772 πόθον

882 1788 1137 1835 οἰστρήσασα.
1161 1787 1298 1821 ‘Paulus
1313 1787 1371 1821 Sil.
1389 1789 1426 1821 in
1439 1786 1580 1821 Anthol.

881 1837 952 1870 Pal.
994 1839 1021 1870 Ι.
1057 1847 1092 1880 p.
1119 1838 1195 1871 464.
1233 1838 1280 1870 ad
1310 1838 1485 1870 amicam:
1510 1834 1582 1880 ,μὴ

880 1885 922 1920 δέ
935 1897 987 1930 με
1003 1885 1149 1930 μάστιξ
1162 1911 1171 1928 ,
1187 1886 1333 1928 Πότνα,
1349 1883 1580 1934 κατασμῦξῃ

881 1938 948 1970 καὶ
971 1938 1041 1970 σέο
1063 1937 1131 1970 καὶ
1150 1934 1350 1984 μακάρων.
1395 1936 1520 1970 Tihuu.
1547 1937 1580 1977 4,

882 1987 901 2020 8
915 2012 922 2026 ,
940 1987 979 2018 6:
1012 1987 1088 2027 ipsa
1112 1987 1219 2019 Venus
1242 1986 1322 2028 (me)
1338 2004 1359 2010 -
1373 2004 1393 2010 -
1405 1987 1582 2020 Perdocuit

881 2036 993 2068 multis
1014 2045 1081 2068 mm
1102 2036 1173 2068 sine
1192 2035 1392 2069 verberibus.
1433 2035 1579 2070 Martial.

882 2085 919 2124 6,
946 2085 1006 2125 24,
1032 2085 1075 2117 9:
1108 2085 1240 2126 (Venus
1265 2085 1427 2126 amantis)
1452 2094 1582 2118 arcano

877 2135 1041 2174 percussit
1056 2137 1198 2174 pectora
1219 2134 1302 2167 loro.
1336 2135 1516 2173 ceterum,
1542 2134 1583 2167 ut

882 2185 939 2216 hic
956 2183 1087 2216 Veneri
1110 2182 1288 2225 flagellum
1311 2183 1579 2225 temporarium,

883 2234 934 2266 sic
969 2232 1052 2265 alibi
1085 2231 1181 2279 Δίκῃ
1209 2231 1266 2266 vel
1296 2228 1442 2279 ῥάβδος
1465 2233 1578 2275 (Paus.

883 2283 920 2322 5,
941 2282 1000 2321 48,
1019 2282 1065 2322 2.)
1090 2281 1146 2315 vel
1168 2278 1336 2329 ῥόπτρου
1353 2282 1481 2324 (Eurip.
1499 2282 1582 2324 Hip-

883 2330 952 2373 pol.
973 2331 1081 2371 4472.)
1105 2331 1282 2364 tribuitur.
1303 2349 1339 2354 —
1365 2331 1486 2364 Exitus
1501 2340 1582 2364 car-
1619 2337 1622 2339 ’

884 2381 988 2413 minis
1012 2377 1115 2426 παρὰ
1138 2379 1374 2427 προσδοκίαν
1387 2406 1395 2420 ,
1434 2389 1581 2423 prorsus

884 2432 922 2463 ut
956 2430 1020 2463 Od.
1058 2430 1097 2470 4,
1129 2431 1165 2470 4,
1197 2429 1261 2463 33:
1302 2430 1367 2463 Sed
1399 2439 1461 2463 cur
1493 2430 1578 2470 heu,

883 2481 1042 2522 Liqurine
1067 2481 1133 2512 cet.
