<?xml version="1.0" encoding="UTF-8"?>
<!DOCTYPE html PUBLIC "-//W3C//DTD XHTML 1.0 Transitional//EN"
    "http://www.w3.org/TR/xhtml1/DTD/xhtml1-transitional.dtd">
<html xmlns="http://www.w3.org/1999/xhtml" xml:lang="en" lang="en">
 <head>
  <title>
</title>
<meta http-equiv="Content-Type" content="text/html;charset=utf-8" />
  <meta name='ocr-system' content='tesseract 3.04.00' />
  <meta name='ocr-capabilities' content='ocr_page ocr_carea ocr_par ocr_line ocrx_word'/>
</head>
<body>
  <div class='ocr_page' id='page_1' title='image "./qhoratiusflaccus12horauoft_0122.png"; bbox 0 0 1722 2904; ppageno 0'>
   <div class='ocr_carea' id='block_1_1' title="bbox 207 112 289 154">
    <p class='ocr_par' dir='ltr' id='par_1_1' title="bbox 207 112 289 154">
     <span class='ocr_line' id='line_1_1' title="bbox 207 112 289 154; baseline -0.024 0"><span class='ocrx_word' id='word_1_1' title='bbox 207 112 289 154; x_wconf 79' lang='lat'>390</span> 
     </span>
    </p>
   </div>
   <div class='ocr_carea' id='block_1_2' title="bbox 720 107 1138 141">
    <p class='ocr_par' dir='ltr' id='par_1_2' title="bbox 720 107 1138 141">
     <span class='ocr_line' id='line_1_2' title="bbox 720 107 1138 141; baseline -0.007 0"><span class='ocrx_word' id='word_1_2' title='bbox 720 109 889 141; x_wconf 85' lang='lat' dir='ltr'>HORATll</span> <span class='ocrx_word' id='word_1_3' title='bbox 915 107 1138 141; x_wconf 86' lang='lat' dir='ltr'>CARMINUM</span> 
     </span>
    </p>
   </div>
   <div class='ocr_carea' id='block_1_3' title="bbox 432 209 1252 269">
    <p class='ocr_par' dir='ltr' id='par_1_3' title="bbox 432 209 1252 269">
     <span class='ocr_line' id='line_1_3' title="bbox 432 209 1252 269; baseline -0.006 -12"><span class='ocrx_word' id='word_1_4' title='bbox 432 216 524 258; x_wconf 92' lang='lat' dir='ltr'>Non</span> <span class='ocrx_word' id='word_1_5' title='bbox 554 213 620 256; x_wconf 88' lang='lat' dir='ltr'>his</span> <span class='ocrx_word' id='word_1_6' title='bbox 652 213 849 256; x_wconf 88' lang='lat' dir='ltr'>iuventus</span> <span class='ocrx_word' id='word_1_7' title='bbox 879 218 972 255; x_wconf 89' lang='lat' dir='ltr'>orta</span> <span class='ocrx_word' id='word_1_8' title='bbox 1002 209 1252 269; x_wconf 88' lang='lat' dir='ltr'>parentibus</span> 
     </span>
    </p>
   </div>
   <div class='ocr_carea' id='block_1_4' title="bbox 435 291 1229 354">
    <p class='ocr_par' dir='ltr' id='par_1_4' title="bbox 435 291 1229 354">
     <span class='ocr_line' id='line_1_4' title="bbox 435 291 1229 354; baseline -0.006 -15"><span class='ocrx_word' id='word_1_9' title='bbox 435 295 582 339; x_wconf 82' lang='lat' dir='ltr'><strong>Infecit</strong></span> <span class='ocrx_word' id='word_1_10' title='bbox 612 308 778 352; x_wconf 85' lang='lat' dir='ltr'>aequor</span> <span class='ocrx_word' id='word_1_11' title='bbox 808 293 1016 351; x_wconf 81' lang='lat' dir='ltr'>sanguine</span> <span class='ocrx_word' id='word_1_12' title='bbox 1046 291 1229 354; x_wconf 67' lang='lat' dir='ltr'>Punico,</span> 
     </span>
    </p>
   </div>
   <div class='ocr_carea' id='block_1_5' title="bbox 493 372 1299 442">
    <p class='ocr_par' dir='ltr' id='par_1_5' title="bbox 493 372 1299 442">
     <span class='ocr_line' id='line_1_5' title="bbox 493 372 1299 442; baseline -0.004 -23"><span class='ocrx_word' id='word_1_13' title='bbox 493 376 794 435; x_wconf 84' lang='lat' dir='ltr'><strong>Pyrrhumque</strong></span> <span class='ocrx_word' id='word_1_14' title='bbox 825 382 867 419; x_wconf 90' lang='lat' dir='ltr'>et</span> <span class='ocrx_word' id='word_1_15' title='bbox 897 375 1113 442; x_wconf 69' lang='lat' dir='ltr'>ingentem</span> <span class='ocrx_word' id='word_1_16' title='bbox 1143 372 1299 434; x_wconf 55' lang='lat' dir='ltr'>cecht</span> 
     </span>
    </p>
   </div>
   <div class='ocr_carea' id='block_1_6' title="bbox 1600 372 1655 414">
    <p class='ocr_par' dir='ltr' id='par_1_6' title="bbox 1600 372 1655 414">
     <span class='ocr_line' id='line_1_6' title="bbox 1600 372 1655 414; baseline -0.018 0"><span class='ocrx_word' id='word_1_17' title='bbox 1600 372 1655 414; x_wconf 84' lang='lat'>35</span> 
     </span>
    </p>
   </div>
   <div class='ocr_carea' id='block_1_7' title="bbox 546 453 1400 522">
    <p class='ocr_par' dir='ltr' id='par_1_7' title="bbox 546 453 1400 522">
     <span class='ocr_line' id='line_1_7' title="bbox 546 453 1400 522; baseline -0.005 -22"><span class='ocrx_word' id='word_1_18' title='bbox 546 457 801 517; x_wconf 68' lang='lat' dir='ltr'>Antiochum</span> <span class='ocrx_word' id='word_1_19' title='bbox 833 454 1204 522; x_wconf 67' lang='lat' dir='ltr'>Hannibalemque</span> <span class='ocrx_word' id='word_1_20' title='bbox 1236 453 1400 505; x_wconf 79' lang='lat' dir='ltr'>dirum3</span> 
     </span>
    </p>
   </div>
   <div class='ocr_carea' id='block_1_8' title="bbox 434 559 1241 782">
    <p class='ocr_par' dir='ltr' id='par_1_8' title="bbox 434 559 1241 782">
     <span class='ocr_line' id='line_1_8' title="bbox 435 559 1241 608; baseline -0.006 -1"><span class='ocrx_word' id='word_1_21' title='bbox 435 564 520 608; x_wconf 92' lang='lat' dir='ltr'>Sed</span> <span class='ocrx_word' id='word_1_22' title='bbox 552 564 809 607; x_wconf 87' lang='lat' dir='ltr'>rusticorum</span> <span class='ocrx_word' id='word_1_23' title='bbox 840 561 1030 605; x_wconf 89' lang='lat' dir='ltr'>mascula</span> <span class='ocrx_word' id='word_1_24' title='bbox 1060 559 1241 603; x_wconf 91' lang='lat' dir='ltr'>militum</span> 
     </span>
     <span class='ocr_line' id='line_1_9' title="bbox 434 640 1222 702; baseline -0.005 -15"><span class='ocrx_word' id='word_1_25' title='bbox 434 645 603 694; x_wconf 83' lang='lat' dir='ltr'>ProleS‚</span> <span class='ocrx_word' id='word_1_26' title='bbox 638 643 819 701; x_wconf 72' lang='lat' dir='ltr'>Sabellis</span> <span class='ocrx_word' id='word_1_27' title='bbox 850 643 976 702; x_wconf 73' lang='lat' dir='ltr'>docta</span> <span class='ocrx_word' id='word_1_28' title='bbox 1006 640 1222 699; x_wconf 80' lang='lat' dir='ltr'>ligonibus</span> 
     </span>
     <span class='ocr_line' id='line_1_10' title="bbox 491 724 1139 782; baseline -0.005 -13"><span class='ocrx_word' id='word_1_29' title='bbox 491 728 674 769; x_wconf 86' lang='lat' dir='ltr'>Versare</span> <span class='ocrx_word' id='word_1_30' title='bbox 705 724 853 782; x_wconf 80' lang='lat' dir='ltr'>glebas</span> <span class='ocrx_word' id='word_1_31' title='bbox 885 731 928 766; x_wconf 89' lang='lat' dir='ltr'>et</span> <span class='ocrx_word' id='word_1_32' title='bbox 958 736 1139 767; x_wconf 83' lang='lat' dir='ltr'>severae</span> 
     </span>
    </p>
   </div>
   <div class='ocr_carea' id='block_1_9' title="bbox 550 803 1232 850">
    <p class='ocr_par' dir='ltr' id='par_1_9' title="bbox 550 803 1232 850">
     <span class='ocr_line' id='line_1_11' title="bbox 550 803 1232 850; baseline -0.004 -1"><span class='ocrx_word' id='word_1_33' title='bbox 550 806 694 850; x_wconf 85' lang='lat' dir='ltr'>Matris</span> <span class='ocrx_word' id='word_1_34' title='bbox 726 805 780 848; x_wconf 88' lang='lat' dir='ltr'>ad</span> <span class='ocrx_word' id='word_1_35' title='bbox 811 804 1033 848; x_wconf 79' lang='lat' dir='ltr'>arbitrium</span> <span class='ocrx_word' id='word_1_36' title='bbox 1067 803 1232 847; x_wconf 89' lang='lat' dir='ltr'>recisos</span> 
     </span>
    </p>
   </div>
   <div class='ocr_carea' id='block_1_10' title="bbox 1603 802 1660 844">
    <p class='ocr_par' dir='ltr' id='par_1_10' title="bbox 1603 802 1660 844">
     <span class='ocr_line' id='line_1_12' title="bbox 1603 802 1660 844; baseline 0 0"><span class='ocrx_word' id='word_1_37' title='bbox 1603 802 1660 844; x_wconf 78' lang='lat'>40</span> 
     </span>
    </p>
   </div>
   <div class='ocr_carea' id='block_1_11' title="bbox 297 953 1612 997">
    <p class='ocr_par' dir='ltr' id='par_1_11' title="bbox 297 953 1612 997">
     <span class='ocr_line' id='line_1_13' title="bbox 297 953 1612 997; baseline -0.005 -5"><span class='ocrx_word' id='word_1_38' title='bbox 297 960 350 992; x_wconf 85' lang='lat'>36.</span> <span class='ocrx_word' id='word_1_39' title='bbox 378 959 489 991; x_wconf 82' lang='lat' dir='ltr'>dirwm</span> <span class='ocrx_word' id='word_1_40' title='bbox 511 957 630 997; x_wconf 86' lang='lat' dir='ltr'>bSTe,</span> <span class='ocrx_word' id='word_1_41' title='bbox 661 956 732 989; x_wconf 89' lang='lat' dir='ltr'>LCt</span> <span class='ocrx_word' id='word_1_42' title='bbox 755 957 792 987; x_wconf 87' lang='lat' dir='ltr'>et</span> <span class='ocrx_word' id='word_1_43' title='bbox 813 953 1013 988; x_wconf 91' lang='lat' dir='ltr'>Bentleius:</span> <span class='ocrx_word' id='word_1_44' title='bbox 1040 956 1163 987; x_wconf 79' lang='lat' dir='ltr'>durum</span> <span class='ocrx_word' id='word_1_45' title='bbox 1186 955 1229 996; x_wconf 91' lang='lat' dir='ltr'>d,</span> <span class='ocrx_word' id='word_1_46' title='bbox 1254 956 1394 997; x_wconf 81' lang='lat' dir='ltr'><strong>septem</strong></span> <span class='ocrx_word' id='word_1_47' title='bbox 1409 955 1517 995; x_wconf 51' lang='lat' dir='ltr'>Pota,</span> <span class='ocrx_word' id='word_1_48' title='bbox 1542 955 1612 989; x_wconf 74' lang='grc' dir='ltr'>ΡΜ.</span> 
     </span>
    </p>
   </div>
   <div class='ocr_carea' id='block_1_12' title="bbox 210 1091 1661 1136">
    <p class='ocr_par' dir='ltr' id='par_1_12' title="bbox 210 1091 1661 1136">
     <span class='ocr_line' id='line_1_14' title="bbox 210 1091 1661 1136; baseline -0.004 -6"><span class='ocrx_word' id='word_1_49' title='bbox 210 1106 314 1135; x_wconf 81' lang='lat' dir='ltr'>sane3</span> <span class='ocrx_word' id='word_1_50' title='bbox 340 1096 573 1128; x_wconf 89' lang='lat' dir='ltr'>iustissimam</span> <span class='ocrx_word' id='word_1_51' title='bbox 589 1094 707 1136; x_wconf 85' lang='lat' dir='ltr'>potius</span> <span class='ocrx_word' id='word_1_52' title='bbox 730 1094 766 1126; x_wconf 91' lang='lat' dir='ltr'>in</span> <span class='ocrx_word' id='word_1_53' title='bbox 781 1101 912 1135; x_wconf 84' lang='lat' dir='ltr'>pravos</span> <span class='ocrx_word' id='word_1_54' title='bbox 957 1092 1056 1134; x_wconf 75' lang='lat' dir='ltr'>facile</span> <span class='ocrx_word' id='word_1_55' title='bbox 1076 1092 1248 1133; x_wconf 75' lang='lat' dir='ltr'>sustinuit,</span> <span class='ocrx_word' id='word_1_56' title='bbox 1273 1093 1400 1125; x_wconf 66' lang='lat' dir='ltr'>durata</span> <span class='ocrx_word' id='word_1_57' title='bbox 1414 1093 1512 1133; x_wconf 76' lang='lat' dir='ltr'>pacis</span> <span class='ocrx_word' id='word_1_58' title='bbox 1532 1091 1661 1125; x_wconf 83' lang='lat' dir='ltr'>labori-</span> 
     </span>
    </p>
   </div>
   <div class='ocr_carea' id='block_1_13' title="bbox 210 1144 777 1188">
    <p class='ocr_par' dir='ltr' id='par_1_13' title="bbox 210 1144 777 1188">
     <span class='ocr_line' id='line_1_15' title="bbox 210 1144 777 1188; baseline -0.009 -8"><span class='ocrx_word' id='word_1_59' title='bbox 210 1155 331 1179; x_wconf 88' lang='lat' dir='ltr'>mores</span> <span class='ocrx_word' id='word_1_60' title='bbox 355 1146 466 1188; x_wconf 84' lang='lat' dir='ltr'>spirat</span> <span class='ocrx_word' id='word_1_61' title='bbox 488 1144 777 1186; x_wconf 82' lang='lat' dir='ltr'>indignationem.</span> 
     </span>
    </p>
   </div>
   <div class='ocr_carea' id='block_1_14' title="bbox 211 1216 918 2053">
    <p class='ocr_par' dir='ltr' id='par_1_14' title="bbox 211 1216 918 2053">
     <span class='ocr_line' id='line_1_16' title="bbox 253 1216 914 1261; baseline -0.006 -8"><span class='ocrx_word' id='word_1_62' title='bbox 253 1219 383 1253; x_wconf 76' lang='lat'>34-36.</span> <span class='ocrx_word' id='word_1_63' title='bbox 409 1218 571 1261; x_wconf 71' lang='lat' dir='ltr'>sanquine</span> <span class='ocrx_word' id='word_1_64' title='bbox 591 1218 716 1251; x_wconf 79' lang='lat' dir='ltr'>Pumice</span> <span class='ocrx_word' id='word_1_65' title='bbox 733 1216 819 1259; x_wconf 74' lang='lat' dir='ltr'>cet.)</span> <span class='ocrx_word' id='word_1_66' title='bbox 844 1217 914 1249; x_wconf 82' lang='lat' dir='ltr'>Re·-</span> 
     </span>
     <span class='ocr_line' id='line_1_17' title="bbox 211 1266 915 1303; baseline -0.006 -1"><span class='ocrx_word' id='word_1_67' title='bbox 211 1270 372 1303; x_wconf 81' lang='lat' dir='ltr'>seruntur</span> <span class='ocrx_word' id='word_1_68' title='bbox 397 1269 488 1301; x_wconf 87' lang='lat' dir='ltr'>haec</span> <span class='ocrx_word' id='word_1_69' title='bbox 515 1268 561 1300; x_wconf 85' lang='lat' dir='ltr'>ad</span> <span class='ocrx_word' id='word_1_70' title='bbox 587 1266 722 1300; x_wconf 90' lang='lat' dir='ltr'>bellum</span> <span class='ocrx_word' id='word_1_71' title='bbox 742 1267 915 1299; x_wconf 90' lang='lat' dir='ltr'>Punicum</span> 
     </span>
     <span class='ocr_line' id='line_1_18' title="bbox 214 1316 915 1362; baseline -0.006 -10"><span class='ocrx_word' id='word_1_72' title='bbox 214 1320 370 1362; x_wconf 88' lang='lat' dir='ltr'>primum</span> <span class='ocrx_word' id='word_1_73' title='bbox 395 1318 468 1361; x_wconf 89' lang='lat' dir='ltr'>(cfr.</span> <span class='ocrx_word' id='word_1_74' title='bbox 493 1317 556 1350; x_wconf 89' lang='lat' dir='ltr'>Od.</span> <span class='ocrx_word' id='word_1_75' title='bbox 580 1318 621 1358; x_wconf 99' lang='grc'>2,</span> <span class='ocrx_word' id='word_1_76' title='bbox 647 1317 708 1357; x_wconf 91' lang='grc'>42,</span> <span class='ocrx_word' id='word_1_77' title='bbox 733 1316 798 1358; x_wconf 93' lang='grc'>3.),</span> <span class='ocrx_word' id='word_1_78' title='bbox 824 1317 915 1357; x_wconf 81' lang='lat' dir='ltr'>Pyr-</span> 
     </span>
     <span class='ocr_line' id='line_1_19' title="bbox 213 1366 912 1408; baseline -0.007 -6"><span class='ocrx_word' id='word_1_79' title='bbox 213 1370 321 1402; x_wconf 91' lang='lat' dir='ltr'>rhum</span> <span class='ocrx_word' id='word_1_80' title='bbox 335 1369 470 1401; x_wconf 88' lang='lat' dir='ltr'>victum</span> <span class='ocrx_word' id='word_1_81' title='bbox 493 1377 514 1400; x_wconf 88' lang='lat' dir='ltr'>a</span> <span class='ocrx_word' id='word_1_82' title='bbox 540 1366 594 1401; x_wconf 88' lang='grc' dir='ltr'>Μ’.</span> <span class='ocrx_word' id='word_1_83' title='bbox 613 1366 718 1400; x_wconf 89' lang='lat' dir='ltr'>Curio</span> <span class='ocrx_word' id='word_1_84' title='bbox 744 1366 786 1408; x_wconf 91' lang='lat' dir='ltr'>(a.</span> <span class='ocrx_word' id='word_1_85' title='bbox 815 1374 851 1398; x_wconf 93' lang='lat' dir='ltr'>u.</span> <span class='ocrx_word' id='word_1_86' title='bbox 880 1374 912 1398; x_wconf 87' lang='lat' dir='ltr'>c.</span> 
     </span>
     <span class='ocr_line' id='line_1_20' title="bbox 213 1416 914 1460; baseline -0.007 -8"><span class='ocrx_word' id='word_1_87' title='bbox 213 1418 302 1460; x_wconf 76' lang='lat'>479.)</span> <span class='ocrx_word' id='word_1_88' title='bbox 319 1444 326 1458; x_wconf 91' lang='lat'>,</span> <span class='ocrx_word' id='word_1_89' title='bbox 367 1416 603 1451; x_wconf 86' lang='lat' dir='ltr'>Hannibalem</span> <span class='ocrx_word' id='word_1_90' title='bbox 629 1425 650 1449; x_wconf 87' lang='lat' dir='ltr'>a</span> <span class='ocrx_word' id='word_1_91' title='bbox 679 1417 717 1449; x_wconf 91' lang='lat' dir='ltr'>P.</span> <span class='ocrx_word' id='word_1_92' title='bbox 751 1416 914 1458; x_wconf 87' lang='lat' dir='ltr'>Scipione</span> 
     </span>
     <span class='ocr_line' id='line_1_21' title="bbox 214 1465 915 1511; baseline -0.006 -10"><span class='ocrx_word' id='word_1_93' title='bbox 214 1468 310 1511; x_wconf 86' lang='lat' dir='ltr'>apud</span> <span class='ocrx_word' id='word_1_94' title='bbox 337 1468 482 1500; x_wconf 86' lang='lat' dir='ltr'>Zamam</span> <span class='ocrx_word' id='word_1_95' title='bbox 511 1467 553 1508; x_wconf 87' lang='lat' dir='ltr'>(a.</span> <span class='ocrx_word' id='word_1_96' title='bbox 575 1466 678 1507; x_wconf 80' lang='grc'>552),</span> <span class='ocrx_word' id='word_1_97' title='bbox 702 1465 915 1498; x_wconf 85' lang='lat' dir='ltr'>Antiochum</span> 
     </span>
     <span class='ocr_line' id='line_1_22' title="bbox 213 1514 912 1559; baseline -0.006 -8"><span class='ocrx_word' id='word_1_98' title='bbox 213 1526 385 1559; x_wconf 86' lang='lat' dir='ltr'>magnum</span> <span class='ocrx_word' id='word_1_99' title='bbox 406 1526 427 1550; x_wconf 90' lang='lat' dir='ltr'>a</span> <span class='ocrx_word' id='word_1_100' title='bbox 449 1515 503 1551; x_wconf 84' lang='grc' dir='ltr'>Μ’.</span> <span class='ocrx_word' id='word_1_101' title='bbox 527 1515 637 1549; x_wconf 89' lang='lat' dir='ltr'>Acilio</span> <span class='ocrx_word' id='word_1_102' title='bbox 653 1514 842 1548; x_wconf 86' lang='lat' dir='ltr'>Glabrione</span> <span class='ocrx_word' id='word_1_103' title='bbox 870 1515 912 1555; x_wconf 86' lang='lat' dir='ltr'>(a.</span> 
     </span>
     <span class='ocr_line' id='line_1_23' title="bbox 213 1566 915 1609; baseline -0.006 -8"><span class='ocrx_word' id='word_1_104' title='bbox 213 1567 302 1609; x_wconf 89' lang='grc'>563.)</span> <span class='ocrx_word' id='word_1_105' title='bbox 316 1568 352 1600; x_wconf 87' lang='lat' dir='ltr'>et</span> <span class='ocrx_word' id='word_1_106' title='bbox 363 1569 400 1600; x_wconf 89' lang='lat' dir='ltr'>L.</span> <span class='ocrx_word' id='word_1_107' title='bbox 414 1566 577 1600; x_wconf 87' lang='lat' dir='ltr'>Cornelio</span> <span class='ocrx_word' id='word_1_108' title='bbox 586 1566 749 1608; x_wconf 85' lang='lat' dir='ltr'>Scipione</span> <span class='ocrx_word' id='word_1_109' title='bbox 762 1566 915 1598; x_wconf 88' lang='lat' dir='ltr'>Asiatico</span> 
     </span>
     <span class='ocr_line' id='line_1_24' title="bbox 214 1615 915 1659; baseline -0.006 -8"><span class='ocrx_word' id='word_1_110' title='bbox 214 1617 260 1650; x_wconf 87' lang='lat' dir='ltr'>ad</span> <span class='ocrx_word' id='word_1_111' title='bbox 275 1617 494 1659; x_wconf 86' lang='lat' dir='ltr'>Magnesiam</span> <span class='ocrx_word' id='word_1_112' title='bbox 507 1616 550 1658; x_wconf 86' lang='lat' dir='ltr'>(a.</span> <span class='ocrx_word' id='word_1_113' title='bbox 568 1615 659 1657; x_wconf 80' lang='lat'>564.)</span> <span class='ocrx_word' id='word_1_114' title='bbox 679 1633 715 1639; x_wconf 93' lang='lat'>—</span> <span class='ocrx_word' id='word_1_115' title='bbox 739 1615 915 1658; x_wconf 71' lang='lat' dir='ltr'>inqentem]</span> 
     </span>
     <span class='ocr_line' id='line_1_25' title="bbox 212 1664 915 1709; baseline -0.003 -10"><span class='ocrx_word' id='word_1_116' title='bbox 212 1667 352 1709; x_wconf 78' lang='lat' dir='ltr'>poetice</span> <span class='ocrx_word' id='word_1_117' title='bbox 369 1675 435 1709; x_wconf 92' lang='lat' dir='ltr'>pro</span> <span class='ocrx_word' id='word_1_118' title='bbox 450 1675 629 1708; x_wconf 66' lang='lat' dir='ltr'>magnum,</span> <span class='ocrx_word' id='word_1_119' title='bbox 660 1674 732 1707; x_wconf 90' lang='lat' dir='ltr'>quo</span> <span class='ocrx_word' id='word_1_120' title='bbox 754 1664 915 1709; x_wconf 78' lang='grc' dir='ltr'><em>ἐπιθέτῳ</em></span> 
     </span>
     <span class='ocr_line' id='line_1_26' title="bbox 213 1714 914 1756; baseline -0.003 -7"><span class='ocrx_word' id='word_1_121' title='bbox 213 1716 259 1749; x_wconf 88' lang='lat' dir='ltr'>ab</span> <span class='ocrx_word' id='word_1_122' title='bbox 290 1715 365 1749; x_wconf 90' lang='lat' dir='ltr'>aliis</span> <span class='ocrx_word' id='word_1_123' title='bbox 405 1716 587 1749; x_wconf 84' lang='lat' dir='ltr'>Antiochis</span> <span class='ocrx_word' id='word_1_124' title='bbox 622 1714 914 1756; x_wconf 83' lang='lat' dir='ltr'>distinguebatur.</span> 
     </span>
     <span class='ocr_line' id='line_1_27' title="bbox 213 1764 914 1807; baseline -0.004 -8"><span class='ocrx_word' id='word_1_125' title='bbox 213 1766 387 1799; x_wconf 71' lang='lat' dir='ltr'>Maximus</span> <span class='ocrx_word' id='word_1_126' title='bbox 405 1774 524 1807; x_wconf 71' lang='lat' dir='ltr'>reywm</span> <span class='ocrx_word' id='word_1_127' title='bbox 545 1766 693 1798; x_wconf 85' lang='lat' dir='ltr'>vocatur</span> <span class='ocrx_word' id='word_1_128' title='bbox 716 1774 736 1796; x_wconf 89' lang='lat' dir='ltr'>a</span> <span class='ocrx_word' id='word_1_129' title='bbox 760 1764 861 1797; x_wconf 91' lang='lat' dir='ltr'>Floro</span> <span class='ocrx_word' id='word_1_130' title='bbox 881 1765 914 1804; x_wconf 91' lang='grc'>2,</span> 
     </span>
     <span class='ocr_line' id='line_1_28' title="bbox 215 1810 918 1860; baseline -0.003 -12"><span class='ocrx_word' id='word_1_131' title='bbox 215 1816 253 1855; x_wconf 88' lang='grc'>8,</span> <span class='ocrx_word' id='word_1_132' title='bbox 282 1816 314 1848; x_wconf 94' lang='grc'>8.</span> <span class='ocrx_word' id='word_1_133' title='bbox 344 1833 379 1838; x_wconf 85' lang='lat'><em>-</em></span> <span class='ocrx_word' id='word_1_134' title='bbox 416 1815 546 1856; x_wconf 80' lang='lat' dir='ltr'>cecidit]</span> <span class='ocrx_word' id='word_1_135' title='bbox 582 1814 670 1846; x_wconf 73' lang='grc' dir='ltr'>καθ’</span> <span class='ocrx_word' id='word_1_136' title='bbox 699 1810 918 1860; x_wconf 76' lang='grc' dir='ltr'><strong><em>ὑπερβολὴν</em></strong></span> 
     </span>
     <span class='ocr_line' id='line_1_29' title="bbox 214 1863 915 1907; baseline -0.001 -10"><span class='ocrx_word' id='word_1_137' title='bbox 214 1874 300 1907; x_wconf 88' lang='lat' dir='ltr'>pro:</span> <span class='ocrx_word' id='word_1_138' title='bbox 320 1865 550 1907; x_wconf 83' lang='lat' dir='ltr'>«profligavit,</span> <span class='ocrx_word' id='word_1_139' title='bbox 564 1863 728 1897; x_wconf 84' lang='lat' dir='ltr'>devicit.»</span> <span class='ocrx_word' id='word_1_140' title='bbox 742 1881 778 1887; x_wconf 85' lang='lat'>-</span> <span class='ocrx_word' id='word_1_141' title='bbox 793 1863 915 1906; x_wconf 68' lang='lat' dir='ltr'>dir-mn]</span> 
     </span>
     <span class='ocr_line' id='line_1_30' title="bbox 216 1912 918 1956; baseline -0.003 -9"><span class='ocrx_word' id='word_1_142' title='bbox 216 1914 342 1947; x_wconf 83' lang='lat' dir='ltr'>stabile</span> <span class='ocrx_word' id='word_1_143' title='bbox 372 1914 468 1956; x_wconf 90' lang='lat' dir='ltr'>apud</span> <span class='ocrx_word' id='word_1_144' title='bbox 499 1914 681 1946; x_wconf 87' lang='lat' dir='ltr'>Horatium</span> <span class='ocrx_word' id='word_1_145' title='bbox 714 1912 918 1946; x_wconf 83' lang='lat' dir='ltr'>Hannibalis</span> 
     </span>
     <span class='ocr_line' id='line_1_31' title="bbox 216 1963 918 2003; baseline -0.004 -5"><span class='ocrx_word' id='word_1_146' title='bbox 216 1964 394 1998; x_wconf 73' lang='grc' dir='ltr'><strong><em>ἐπίθετον</em></strong></span> <span class='ocrx_word' id='word_1_147' title='bbox 417 1964 507 2003; x_wconf 45' lang='lat' dir='ltr'>satis,</span> <span class='ocrx_word' id='word_1_148' title='bbox 524 1964 596 1997; x_wconf 87' lang='lat' dir='ltr'>iam</span> <span class='ocrx_word' id='word_1_149' title='bbox 619 1963 782 1996; x_wconf 86' lang='lat' dir='ltr'>firmatur</span> <span class='ocrx_word' id='word_1_150' title='bbox 805 1973 825 1995; x_wconf 91' lang='lat' dir='ltr'>a</span> <span class='ocrx_word' id='word_1_151' title='bbox 851 1972 918 1995; x_wconf 92' lang='lat' dir='ltr'>no-</span> 
     </span>
     <span class='ocr_line' id='line_1_32' title="bbox 218 2014 834 2053; baseline -0.005 -5"><span class='ocrx_word' id='word_1_152' title='bbox 218 2015 299 2048; x_wconf 89' lang='lat' dir='ltr'>stris</span> <span class='ocrx_word' id='word_1_153' title='bbox 323 2014 435 2047; x_wconf 89' lang='lat' dir='ltr'>Codd.</span> <span class='ocrx_word' id='word_1_154' title='bbox 463 2014 562 2047; x_wconf 80' lang='lat' dir='ltr'>Conf.</span> <span class='ocrx_word' id='word_1_155' title='bbox 581 2014 644 2046; x_wconf 90' lang='lat' dir='ltr'>Od.</span> <span class='ocrx_word' id='word_1_156' title='bbox 663 2014 703 2053; x_wconf 87' lang='grc'>2,</span> <span class='ocrx_word' id='word_1_157' title='bbox 723 2014 784 2053; x_wconf 89' lang='grc'>42,</span> <span class='ocrx_word' id='word_1_158' title='bbox 801 2014 834 2045; x_wconf 87' lang='grc'>2.</span> 
     </span>
    </p>
   </div>
   <div class='ocr_carea' id='block_1_15' title="bbox 215 2087 920 2725">
    <p class='ocr_par' dir='ltr' id='par_1_15' title="bbox 215 2087 920 2725">
     <span class='ocr_line' id='line_1_33' title="bbox 260 2087 918 2132; baseline -0.003 -10"><span class='ocrx_word' id='word_1_159' title='bbox 260 2089 314 2122; x_wconf 90' lang='grc'>38.</span> <span class='ocrx_word' id='word_1_160' title='bbox 340 2089 488 2132; x_wconf 81' lang='lat' dir='ltr'>Sabellis]</span> <span class='ocrx_word' id='word_1_161' title='bbox 512 2088 549 2121; x_wconf 95' lang='lat' dir='ltr'>id</span> <span class='ocrx_word' id='word_1_162' title='bbox 564 2089 638 2128; x_wconf 84' lang='lat' dir='ltr'>est,</span> <span class='ocrx_word' id='word_1_163' title='bbox 657 2087 814 2128; x_wconf 84' lang='lat' dir='ltr'>Sabinis,</span> <span class='ocrx_word' id='word_1_164' title='bbox 839 2096 918 2120; x_wconf 88' lang='lat' dir='ltr'>ma-</span> 
     </span>
     <span class='ocr_line' id='line_1_34' title="bbox 216 2137 915 2181; baseline -0.004 -8"><span class='ocrx_word' id='word_1_165' title='bbox 216 2141 310 2173; x_wconf 80' lang='lat' dir='ltr'>xime</span> <span class='ocrx_word' id='word_1_166' title='bbox 335 2139 431 2181; x_wconf 88' lang='lat' dir='ltr'>apud</span> <span class='ocrx_word' id='word_1_167' title='bbox 453 2139 589 2180; x_wconf 84' lang='lat' dir='ltr'>poetas.</span> <span class='ocrx_word' id='word_1_168' title='bbox 628 2138 710 2179; x_wconf 89' lang='lat' dir='ltr'>(Cfr.</span> <span class='ocrx_word' id='word_1_169' title='bbox 734 2137 860 2170; x_wconf 85' lang='lat' dir='ltr'>Strabo</span> <span class='ocrx_word' id='word_1_170' title='bbox 883 2139 915 2170; x_wconf 84' lang='lat'>5.</span> 
     </span>
     <span class='ocr_line' id='line_1_35' title="bbox 218 2187 915 2232; baseline -0.004 -10"><span class='ocrx_word' id='word_1_171' title='bbox 218 2199 253 2232; x_wconf 88' lang='lat' dir='ltr'>p.</span> <span class='ocrx_word' id='word_1_172' title='bbox 278 2190 355 2222; x_wconf 83' lang='grc'>250.</span> <span class='ocrx_word' id='word_1_173' title='bbox 397 2188 557 2222; x_wconf 86' lang='lat' dir='ltr'>Niebuhr</span> <span class='ocrx_word' id='word_1_174' title='bbox 578 2189 617 2220; x_wconf 89' lang='lat' dir='ltr'>R.</span> <span class='ocrx_word' id='word_1_175' title='bbox 649 2189 687 2220; x_wconf 84' lang='lat' dir='ltr'>G.</span> <span class='ocrx_word' id='word_1_176' title='bbox 712 2187 776 2220; x_wconf 91' lang='lat' dir='ltr'>Ed.</span> <span class='ocrx_word' id='word_1_177' title='bbox 805 2188 861 2220; x_wconf 87' lang='lat' dir='ltr'>IV.</span> <span class='ocrx_word' id='word_1_178' title='bbox 890 2189 915 2219; x_wconf 96' lang='lat'>1.</span> 
     </span>
     <span class='ocr_line' id='line_1_36' title="bbox 216 2237 917 2281; baseline -0.001 -10"><span class='ocrx_word' id='word_1_179' title='bbox 216 2248 251 2281; x_wconf 91' lang='lat' dir='ltr'>p.</span> <span class='ocrx_word' id='word_1_180' title='bbox 278 2239 345 2279; x_wconf 88' lang='grc'>96.)</span> <span class='ocrx_word' id='word_1_181' title='bbox 391 2240 444 2271; x_wconf 86' lang='lat' dir='ltr'>De</span> <span class='ocrx_word' id='word_1_182' title='bbox 478 2237 567 2270; x_wconf 87' lang='lat' dir='ltr'>dura</span> <span class='ocrx_word' id='word_1_183' title='bbox 601 2237 813 2270; x_wconf 86' lang='lat' dir='ltr'>Sabinorum</span> <span class='ocrx_word' id='word_1_184' title='bbox 847 2239 917 2270; x_wconf 85' lang='lat' dir='ltr'>vita</span> 
     </span>
     <span class='ocr_line' id='line_1_37' title="bbox 218 2286 916 2329; baseline -0.001 -8"><span class='ocrx_word' id='word_1_185' title='bbox 218 2288 295 2329; x_wconf 86' lang='lat' dir='ltr'>lege</span> <span class='ocrx_word' id='word_1_186' title='bbox 318 2286 436 2328; x_wconf 86' lang='lat' dir='ltr'>Virgil.</span> <span class='ocrx_word' id='word_1_187' title='bbox 464 2289 524 2320; x_wconf 91' lang='lat' dir='ltr'>Ge.</span> <span class='ocrx_word' id='word_1_188' title='bbox 550 2288 583 2327; x_wconf 91' lang='grc'>2,</span> <span class='ocrx_word' id='word_1_189' title='bbox 601 2287 660 2319; x_wconf 88' lang='grc'>534</span> <span class='ocrx_word' id='word_1_190' title='bbox 681 2296 736 2329; x_wconf 88' lang='lat' dir='ltr'>sq.</span> <span class='ocrx_word' id='word_1_191' title='bbox 770 2289 858 2320; x_wconf 88' lang='lat' dir='ltr'>Aen.</span> <span class='ocrx_word' id='word_1_192' title='bbox 876 2287 916 2327; x_wconf 88' lang='lat'>9,</span> 
     </span>
     <span class='ocr_line' id='line_1_38' title="bbox 217 2337 916 2379; baseline 0 -9"><span class='ocrx_word' id='word_1_193' title='bbox 217 2338 281 2370; x_wconf 85' lang='lat'>603</span> <span class='ocrx_word' id='word_1_194' title='bbox 295 2355 330 2360; x_wconf 93' lang='lat'><em>-</em></span> <span class='ocrx_word' id='word_1_195' title='bbox 345 2337 420 2369; x_wconf 84' lang='grc'>643.</span> <span class='ocrx_word' id='word_1_196' title='bbox 469 2337 594 2370; x_wconf 86' lang='lat' dir='ltr'>Cicero</span> <span class='ocrx_word' id='word_1_197' title='bbox 616 2346 682 2379; x_wconf 89' lang='lat' dir='ltr'>pro</span> <span class='ocrx_word' id='word_1_198' title='bbox 706 2337 842 2378; x_wconf 82' lang='lat' dir='ltr'>Ligario</span> <span class='ocrx_word' id='word_1_199' title='bbox 863 2337 916 2370; x_wconf 91' lang='grc'>44.</span> 
     </span>
     <span class='ocr_line' id='line_1_39' title="bbox 219 2387 919 2429; baseline 0 -9"><span class='ocrx_word' id='word_1_200' title='bbox 219 2387 368 2421; x_wconf 88' lang='lat' dir='ltr'>Sabinos</span> <span class='ocrx_word' id='word_1_201' title='bbox 408 2389 513 2420; x_wconf 81' lang='lat' dir='ltr'>vocat</span> <span class='ocrx_word' id='word_1_202' title='bbox 547 2388 762 2429; x_wconf 76' lang='lat' dir='ltr'>fortissimos,</span> <span class='ocrx_word' id='word_1_203' title='bbox 801 2389 919 2429; x_wconf 75' lang='lat' dir='ltr'>florem</span> 
     </span>
     <span class='ocr_line' id='line_1_40' title="bbox 216 2436 920 2477; baseline -0.001 -7"><span class='ocrx_word' id='word_1_204' title='bbox 216 2437 335 2470; x_wconf 75' lang='lat' dir='ltr'>Italiae</span> <span class='ocrx_word' id='word_1_205' title='bbox 356 2445 397 2468; x_wconf 86' lang='lat' dir='ltr'>ac</span> <span class='ocrx_word' id='word_1_206' title='bbox 419 2437 470 2468; x_wconf 80' lang='lat' dir='ltr'>rei</span> <span class='ocrx_word' id='word_1_207' title='bbox 486 2437 641 2477; x_wconf 80' lang='lat' dir='ltr'>publicae</span> <span class='ocrx_word' id='word_1_208' title='bbox 661 2437 777 2470; x_wconf 81' lang='lat' dir='ltr'>robwr.</span> <span class='ocrx_word' id='word_1_209' title='bbox 812 2436 920 2470; x_wconf 90' lang='lat' dir='ltr'>Colu-</span> 
     </span>
     <span class='ocr_line' id='line_1_41' title="bbox 219 2486 919 2527; baseline -0.001 -7"><span class='ocrx_word' id='word_1_210' title='bbox 219 2486 323 2520; x_wconf 88' lang='lat' dir='ltr'>mella</span> <span class='ocrx_word' id='word_1_211' title='bbox 348 2486 496 2518; x_wconf 81' lang='lat' dir='ltr'>Praefat.</span> <span class='ocrx_word' id='word_1_212' title='bbox 523 2486 554 2527; x_wconf 69' lang='grc' dir='ltr'>ἓ.</span> <span class='ocrx_word' id='word_1_213' title='bbox 582 2487 642 2518; x_wconf 87' lang='grc'>47;</span> <span class='ocrx_word' id='word_1_214' title='bbox 673 2488 757 2519; x_wconf 80' lang='lat' dir='ltr'>Vera</span> <span class='ocrx_word' id='word_1_215' title='bbox 778 2487 838 2519; x_wconf 85' lang='lat' dir='ltr'>illa</span> <span class='ocrx_word' id='word_1_216' title='bbox 853 2487 919 2519; x_wconf 84' lang='lat' dir='ltr'>Ro—</span> 
     </span>
     <span class='ocr_line' id='line_1_42' title="bbox 222 2536 920 2576; baseline -0.001 -7"><span class='ocrx_word' id='word_1_217' title='bbox 222 2537 302 2569; x_wconf 81' lang='lat' dir='ltr'>muli</span> <span class='ocrx_word' id='word_1_218' title='bbox 330 2536 443 2576; x_wconf 80' lang='lat' dir='ltr'>proles</span> <span class='ocrx_word' id='word_1_219' title='bbox 481 2536 624 2568; x_wconf 77' lang='lat' dir='ltr'>assiduis</span> <span class='ocrx_word' id='word_1_220' title='bbox 655 2537 828 2569; x_wconf 77' lang='lat' dir='ltr'>venatibus</span> <span class='ocrx_word' id='word_1_221' title='bbox 860 2545 920 2568; x_wconf 81' lang='lat' dir='ltr'>nec</span> 
     </span>
     <span class='ocr_line' id='line_1_43' title="bbox 218 2585 920 2627; baseline 0 -10"><span class='ocrx_word' id='word_1_222' title='bbox 218 2586 327 2618; x_wconf 77' lang='lat' dir='ltr'>minus</span> <span class='ocrx_word' id='word_1_223' title='bbox 348 2585 533 2627; x_wconf 72' lang='lat' dir='ltr'>ayrostibus</span> <span class='ocrx_word' id='word_1_224' title='bbox 555 2585 706 2625; x_wconf 77' lang='lat' dir='ltr'>operibus</span> <span class='ocrx_word' id='word_1_225' title='bbox 733 2586 920 2618; x_wconf 73' lang='lat' dir='ltr'>exercitata</span> 
     </span>
     <span class='ocr_line' id='line_1_44' title="bbox 215 2635 920 2676; baseline 0.001 -10"><span class='ocrx_word' id='word_1_226' title='bbox 215 2635 413 2675; x_wconf 67' lang='lat' dir='ltr'>firmissimis</span> <span class='ocrx_word' id='word_1_227' title='bbox 437 2635 631 2675; x_wconf 70' lang='lat' dir='ltr'>praevaluit</span> <span class='ocrx_word' id='word_1_228' title='bbox 663 2635 857 2676; x_wconf 82' lang='lat' dir='ltr'>corporibus</span> <span class='ocrx_word' id='word_1_229' title='bbox 879 2644 920 2667; x_wconf 72' lang='lat' dir='ltr'>(w</span> 
     </span>
     <span class='ocr_line' id='line_1_45' title="bbox 218 2684 916 2725; baseline 0 -9"><span class='ocrx_word' id='word_1_230' title='bbox 218 2684 373 2717; x_wconf 81' lang='lat' dir='ltr'>militiam</span> <span class='ocrx_word' id='word_1_231' title='bbox 406 2684 498 2724; x_wconf 83' lang='lat' dir='ltr'>belli,</span> <span class='ocrx_word' id='word_1_232' title='bbox 539 2693 614 2717; x_wconf 83' lang='lat' dir='ltr'>cum</span> <span class='ocrx_word' id='word_1_233' title='bbox 630 2693 699 2718; x_wconf 79' lang='lat' dir='ltr'>&#39;res</span> <span class='ocrx_word' id='word_1_234' title='bbox 716 2685 916 2725; x_wconf 76' lang='lat' dir='ltr'>postulavit,</span> 
     </span>
    </p>
   </div>
   <div class='ocr_carea' id='block_1_16' title="bbox 961 1141 1719 2725">
    <p class='ocr_par' dir='ltr' id='par_1_16' title="bbox 961 1141 1719 2725">
     <span class='ocr_line' id='line_1_46' title="bbox 961 1141 1542 1184; baseline -0.003 -10"><span class='ocrx_word' id='word_1_235' title='bbox 961 1141 1029 1174; x_wconf 79' lang='lat' dir='ltr'>bus.</span> <span class='ocrx_word' id='word_1_236' title='bbox 1059 1158 1095 1165; x_wconf 93' lang='lat'>-</span> <span class='ocrx_word' id='word_1_237' title='bbox 1121 1141 1230 1184; x_wconf 78' lang='lat' dir='ltr'>docta]</span> <span class='ocrx_word' id='word_1_238' title='bbox 1254 1150 1321 1184; x_wconf 87' lang='lat' dir='ltr'>pro</span> <span class='ocrx_word' id='word_1_239' title='bbox 1346 1143 1542 1175; x_wconf 54' lang='lat' dir='ltr'>«assuetam</span> 
     </span>
     <span class='ocr_line' id='line_1_47' title="bbox 1004 1189 1663 1234; baseline 0.002 -10"><span class='ocrx_word' id='word_1_240' title='bbox 1004 1191 1146 1225; x_wconf 74' lang='lat'>39—44.</span> <span class='ocrx_word' id='word_1_241' title='bbox 1170 1189 1322 1234; x_wconf 74' lang='lat' dir='ltr'>severae]</span> <span class='ocrx_word' id='word_1_242' title='bbox 1356 1193 1494 1234; x_wconf 69' lang='lat' dir='ltr'>Riyidas</span> <span class='ocrx_word' id='word_1_243' title='bbox 1517 1192 1663 1225; x_wconf 68' lang='lat' dir='ltr'>Sabinas</span> 
     </span>
     <span class='ocr_line' id='line_1_48' title="bbox 961 1240 1664 1283; baseline 0.001 -9"><span class='ocrx_word' id='word_1_244' title='bbox 961 1242 1065 1274; x_wconf 88' lang='lat' dir='ltr'>vocat</span> <span class='ocrx_word' id='word_1_245' title='bbox 1093 1241 1192 1274; x_wconf 84' lang='lat' dir='ltr'>Ovid.</span> <span class='ocrx_word' id='word_1_246' title='bbox 1221 1242 1299 1274; x_wconf 88' lang='lat' dir='ltr'>Am.</span> <span class='ocrx_word' id='word_1_247' title='bbox 1325 1242 1366 1282; x_wconf 91' lang='grc'>2,</span> <span class='ocrx_word' id='word_1_248' title='bbox 1394 1240 1432 1282; x_wconf 76' lang='lat'>4,</span> <span class='ocrx_word' id='word_1_249' title='bbox 1461 1242 1534 1283; x_wconf 85' lang='grc'>45.,</span> <span class='ocrx_word' id='word_1_250' title='bbox 1558 1242 1664 1275; x_wconf 79' lang='lat' dir='ltr'>duras</span> 
     </span>
     <span class='ocr_line' id='line_1_49' title="bbox 962 1289 1659 1332; baseline 0.001 -9"><span class='ocrx_word' id='word_1_251' title='bbox 962 1291 1167 1332; x_wconf 83' lang='lat' dir='ltr'>Propertius</span> <span class='ocrx_word' id='word_1_252' title='bbox 1200 1289 1238 1330; x_wconf 89' lang='grc'>3,</span> <span class='ocrx_word' id='word_1_253' title='bbox 1274 1290 1317 1323; x_wconf 87' lang='grc'>30</span> <span class='ocrx_word' id='word_1_254' title='bbox 1345 1291 1394 1332; x_wconf 87' lang='grc'>(2,</span> <span class='ocrx_word' id='word_1_255' title='bbox 1425 1290 1503 1332; x_wconf 89' lang='grc'>32),</span> <span class='ocrx_word' id='word_1_256' title='bbox 1533 1290 1588 1324; x_wconf 71' lang='lat'>47.</span> <span class='ocrx_word' id='word_1_257' title='bbox 1622 1309 1659 1315; x_wconf 88' lang='lat'><em>-</em></span> 
     </span>
     <span class='ocr_line' id='line_1_50' title="bbox 961 1338 1663 1374; baseline 0.004 -3"><span class='ocrx_word' id='word_1_258' title='bbox 961 1340 1001 1371; x_wconf 90' lang='lat' dir='ltr'>In</span> <span class='ocrx_word' id='word_1_259' title='bbox 1023 1339 1092 1372; x_wconf 88' lang='lat' dir='ltr'>hoc</span> <span class='ocrx_word' id='word_1_260' title='bbox 1114 1338 1172 1372; x_wconf 89' lang='lat' dir='ltr'>vel</span> <span class='ocrx_word' id='word_1_261' title='bbox 1198 1340 1352 1372; x_wconf 83' lang='lat' dir='ltr'>maxime</span> <span class='ocrx_word' id='word_1_262' title='bbox 1381 1340 1539 1373; x_wconf 81' lang='lat' dir='ltr'>cernitur</span> <span class='ocrx_word' id='word_1_263' title='bbox 1560 1339 1663 1374; x_wconf 88' lang='lat' dir='ltr'>Sabi-</span> 
     </span>
     <span class='ocr_line' id='line_1_51' title="bbox 963 1387 1663 1432; baseline 0.003 -11"><span class='ocrx_word' id='word_1_264' title='bbox 963 1398 1030 1422; x_wconf 87' lang='lat' dir='ltr'>nae</span> <span class='ocrx_word' id='word_1_265' title='bbox 1074 1387 1280 1431; x_wconf 85' lang='lat' dir='ltr'>disciplinae</span> <span class='ocrx_word' id='word_1_266' title='bbox 1318 1390 1492 1423; x_wconf 80' lang='lat' dir='ltr'>severitas</span> <span class='ocrx_word' id='word_1_267' title='bbox 1506 1415 1515 1430; x_wconf 90' lang='lat'>‚</span> <span class='ocrx_word' id='word_1_268' title='bbox 1565 1390 1663 1432; x_wconf 86' lang='lat' dir='ltr'>quod</span> 
     </span>
     <span class='ocr_line' id='line_1_52' title="bbox 963 1438 1664 1474; baseline 0.003 -3"><span class='ocrx_word' id='word_1_269' title='bbox 963 1439 1071 1472; x_wconf 88' lang='lat' dir='ltr'>etiam</span> <span class='ocrx_word' id='word_1_270' title='bbox 1093 1439 1240 1472; x_wconf 88' lang='lat' dir='ltr'>iuvenes</span> <span class='ocrx_word' id='word_1_271' title='bbox 1263 1438 1370 1472; x_wconf 86' lang='lat' dir='ltr'>adulti</span> <span class='ocrx_word' id='word_1_272' title='bbox 1387 1441 1543 1473; x_wconf 86' lang='lat' dir='ltr'>matrum</span> <span class='ocrx_word' id='word_1_273' title='bbox 1558 1440 1664 1474; x_wconf 75' lang='lat' dir='ltr'>iussis</span> 
     </span>
     <span class='ocr_line' id='line_1_53' title="bbox 963 1489 1662 1532; baseline 0.003 -11"><span class='ocrx_word' id='word_1_274' title='bbox 963 1489 1110 1522; x_wconf 87' lang='lat' dir='ltr'>obedire</span> <span class='ocrx_word' id='word_1_275' title='bbox 1123 1490 1171 1530; x_wconf 87' lang='lat' dir='ltr'>et,</span> <span class='ocrx_word' id='word_1_276' title='bbox 1182 1498 1264 1522; x_wconf 88' lang='lat' dir='ltr'>cum</span> <span class='ocrx_word' id='word_1_277' title='bbox 1271 1498 1339 1532; x_wconf 90' lang='lat' dir='ltr'>per</span> <span class='ocrx_word' id='word_1_278' title='bbox 1349 1490 1464 1522; x_wconf 80' lang='lat' dir='ltr'>totum</span> <span class='ocrx_word' id='word_1_279' title='bbox 1473 1489 1568 1523; x_wconf 86' lang='lat' dir='ltr'>diem</span> <span class='ocrx_word' id='word_1_280' title='bbox 1577 1498 1662 1523; x_wconf 85' lang='lat' dir='ltr'>arva</span> 
     </span>
     <span class='ocr_line' id='line_1_54' title="bbox 963 1537 1663 1581; baseline 0.003 -11"><span class='ocrx_word' id='word_1_281' title='bbox 963 1537 1169 1578; x_wconf 88' lang='lat' dir='ltr'>coluerunt,</span> <span class='ocrx_word' id='word_1_282' title='bbox 1205 1539 1349 1581; x_wconf 83' lang='lat' dir='ltr'>vesperi</span> <span class='ocrx_word' id='word_1_283' title='bbox 1370 1538 1455 1572; x_wconf 86' lang='lat' dir='ltr'>lassi</span> <span class='ocrx_word' id='word_1_284' title='bbox 1476 1539 1549 1572; x_wconf 88' lang='lat' dir='ltr'>iam</span> <span class='ocrx_word' id='word_1_285' title='bbox 1570 1538 1663 1581; x_wconf 82' lang='lat' dir='ltr'>ligna</span> 
     </span>
     <span class='ocr_line' id='line_1_55' title="bbox 963 1587 1664 1631; baseline 0.004 -11"><span class='ocrx_word' id='word_1_286' title='bbox 963 1587 1116 1621; x_wconf 85' lang='lat' dir='ltr'>caedere</span> <span class='ocrx_word' id='word_1_287' title='bbox 1156 1588 1375 1630; x_wconf 88' lang='lat' dir='ltr'>domumque</span> <span class='ocrx_word' id='word_1_288' title='bbox 1418 1589 1562 1631; x_wconf 84' lang='lat' dir='ltr'>portare</span> <span class='ocrx_word' id='word_1_289' title='bbox 1596 1589 1664 1623; x_wconf 90' lang='lat' dir='ltr'>de-</span> 
     </span>
     <span class='ocr_line' id='line_1_56' title="bbox 962 1636 1663 1681; baseline 0.003 -11"><span class='ocrx_word' id='word_1_290' title='bbox 962 1637 1062 1670; x_wconf 85' lang='lat' dir='ltr'>bent.</span> <span class='ocrx_word' id='word_1_291' title='bbox 1079 1656 1116 1661; x_wconf 92' lang='lat'><strong>—</strong></span> <span class='ocrx_word' id='word_1_292' title='bbox 1140 1636 1264 1680; x_wconf 80' lang='lat' dir='ltr'>(fustesJ</span> <span class='ocrx_word' id='word_1_293' title='bbox 1276 1638 1529 1672; x_wconf 74' lang='lat' dir='ltr'>Holzkolben.</span> <span class='ocrx_word' id='word_1_294' title='bbox 1546 1638 1663 1681; x_wconf 85' lang='lat' dir='ltr'>Voss.)</span> 
     </span>
     <span class='ocr_line' id='line_1_57' title="bbox 1007 1687 1663 1731; baseline 0.003 -11"><span class='ocrx_word' id='word_1_295' title='bbox 1007 1687 1061 1720; x_wconf 77' lang='grc'>42.</span> <span class='ocrx_word' id='word_1_296' title='bbox 1101 1687 1155 1721; x_wconf 79' lang='grc'>43.</span> <span class='ocrx_word' id='word_1_297' title='bbox 1194 1688 1360 1731; x_wconf 70' lang='lat' dir='ltr'>Matar-et]</span> <span class='ocrx_word' id='word_1_298' title='bbox 1398 1689 1494 1730; x_wconf 82' lang='lat' dir='ltr'>virg.</span> <span class='ocrx_word' id='word_1_299' title='bbox 1518 1688 1590 1722; x_wconf 92' lang='lat' dir='ltr'>Ecl.</span> <span class='ocrx_word' id='word_1_300' title='bbox 1621 1689 1663 1730; x_wconf 81' lang='grc'>2,</span> 
     </span>
     <span class='ocr_line' id='line_1_58' title="bbox 964 1738 1666 1781; baseline 0.003 -11"><span class='ocrx_word' id='word_1_301' title='bbox 964 1738 1029 1770; x_wconf 87' lang='grc'>66;</span> <span class='ocrx_word' id='word_1_302' title='bbox 1068 1738 1222 1779; x_wconf 71' lang='lat' dir='ltr'>Adspice,</span> <span class='ocrx_word' id='word_1_303' title='bbox 1258 1741 1382 1771; x_wconf 80' lang='lat' dir='ltr'>aratra</span> <span class='ocrx_word' id='word_1_304' title='bbox 1408 1739 1487 1781; x_wconf 69' lang='lat' dir='ltr'>iugo</span> <span class='ocrx_word' id='word_1_305' title='bbox 1515 1739 1666 1781; x_wconf 74' lang='lat' dir='ltr'>referunt</span> 
     </span>
     <span class='ocr_line' id='line_1_59' title="bbox 963 1787 1666 1828; baseline 0.003 -8"><span class='ocrx_word' id='word_1_306' title='bbox 963 1797 1123 1828; x_wconf 79' lang='lat' dir='ltr'>suspensa</span> <span class='ocrx_word' id='word_1_307' title='bbox 1160 1788 1290 1820; x_wconf 78' lang='lat' dir='ltr'>iuvenci</span> <span class='ocrx_word' id='word_1_308' title='bbox 1321 1788 1366 1820; x_wconf 82' lang='lat' dir='ltr'>Et</span> <span class='ocrx_word' id='word_1_309' title='bbox 1403 1787 1454 1820; x_wconf 86' lang='lat' dir='ltr'>sol</span> <span class='ocrx_word' id='word_1_310' title='bbox 1488 1791 1666 1822; x_wconf 70' lang='lat' dir='ltr'>crescentes</span> 
     </span>
     <span class='ocr_line' id='line_1_60' title="bbox 964 1837 1666 1881; baseline 0.001 -11"><span class='ocrx_word' id='word_1_311' title='bbox 964 1839 1119 1870; x_wconf 81' lang='lat' dir='ltr'>decedens</span> <span class='ocrx_word' id='word_1_312' title='bbox 1150 1837 1301 1878; x_wconf 80' lang='lat' dir='ltr'>duplicat</span> <span class='ocrx_word' id='word_1_313' title='bbox 1331 1837 1482 1870; x_wconf 77' lang='lat' dir='ltr'>umbras.</span> <span class='ocrx_word' id='word_1_314' title='bbox 1509 1854 1546 1861; x_wconf 92' lang='lat'>-</span> <span class='ocrx_word' id='word_1_315' title='bbox 1581 1837 1666 1881; x_wconf 70' lang='lat' dir='ltr'>iuaa</span> 
     </span>
     <span class='ocr_line' id='line_1_61' title="bbox 965 1884 1664 1929; baseline 0.001 -9"><span class='ocrx_word' id='word_1_316' title='bbox 965 1887 1117 1929; x_wconf 78' lang='lat' dir='ltr'>demeret]</span> <span class='ocrx_word' id='word_1_317' title='bbox 1141 1884 1352 1929; x_wconf 80' lang='grc' dir='ltr'>βούλυσις,</span> <span class='ocrx_word' id='word_1_318' title='bbox 1376 1884 1568 1929; x_wconf 81' lang='grc' dir='ltr'><strong><em>βουλυτός</em></strong></span> <span class='ocrx_word' id='word_1_319' title='bbox 1590 1888 1664 1921; x_wconf 89' lang='lat' dir='ltr'>Ho-</span> 
     </span>
     <span class='ocr_line' id='line_1_62' title="bbox 965 1936 1665 1979; baseline 0.001 -10"><span class='ocrx_word' id='word_1_320' title='bbox 965 1938 1066 1970; x_wconf 86' lang='lat' dir='ltr'>meri.</span> <span class='ocrx_word' id='word_1_321' title='bbox 1113 1938 1155 1971; x_wconf 93' lang='lat' dir='ltr'>Ut</span> <span class='ocrx_word' id='word_1_322' title='bbox 1177 1946 1306 1970; x_wconf 86' lang='lat' dir='ltr'>aurora</span> <span class='ocrx_word' id='word_1_323' title='bbox 1334 1936 1452 1971; x_wconf 87' lang='lat' dir='ltr'>bobus</span> <span class='ocrx_word' id='word_1_324' title='bbox 1480 1937 1562 1979; x_wconf 84' lang='lat' dir='ltr'>iuga</span> <span class='ocrx_word' id='word_1_325' title='bbox 1595 1937 1665 1970; x_wconf 90' lang='lat' dir='ltr'>im-</span> 
     </span>
     <span class='ocr_line' id='line_1_63' title="bbox 964 1983 1666 2029; baseline 0.001 -10"><span class='ocrx_word' id='word_1_326' title='bbox 964 1987 1064 2029; x_wconf 86' lang='lat' dir='ltr'>ponit</span> <span class='ocrx_word' id='word_1_327' title='bbox 1079 1986 1232 2028; x_wconf 91' lang='lat' dir='ltr'>(Hesiod.</span> <span class='ocrx_word' id='word_1_328' title='bbox 1251 1987 1289 2019; x_wconf 94' lang='lat'>0.</span> <span class='ocrx_word' id='word_1_329' title='bbox 1308 1987 1346 2019; x_wconf 83' lang='lat' dir='ltr'>et</span> <span class='ocrx_word' id='word_1_330' title='bbox 1358 1987 1400 2020; x_wconf 93' lang='lat' dir='ltr'>D.</span> <span class='ocrx_word' id='word_1_331' title='bbox 1414 1987 1473 2020; x_wconf 76' lang='grc'>584</span> <span class='ocrx_word' id='word_1_332' title='bbox 1489 1995 1497 2020; x_wconf 89' lang='lat'>:</span> <span class='ocrx_word' id='word_1_333' title='bbox 1510 1983 1608 2028; x_wconf 77' lang='grc' dir='ltr'>Ἠώς</span> <span class='ocrx_word' id='word_1_334' title='bbox 1620 2004 1638 2012; x_wconf 83' lang='grc'><strong>-</strong></span> <span class='ocrx_word' id='word_1_335' title='bbox 1649 2005 1666 2012; x_wconf 96' lang='grc'>-</span> 
     </span>
     <span class='ocr_line' id='line_1_64' title="bbox 965 2033 1664 2080; baseline 0.001 -11"><span class='ocrx_word' id='word_1_336' title='bbox 965 2036 1027 2070; x_wconf 80' lang='grc' dir='ltr'>ἐπὶ</span> <span class='ocrx_word' id='word_1_337' title='bbox 1049 2033 1144 2080; x_wconf 76' lang='grc' dir='ltr'><em>ζυγὰ</em></span> <span class='ocrx_word' id='word_1_338' title='bbox 1165 2034 1284 2076; x_wconf 73' lang='grc' dir='ltr'>βουσὶ</span> <span class='ocrx_word' id='word_1_339' title='bbox 1305 2035 1512 2080; x_wconf 61' lang='lat' dir='ltr'>vmqvam),</span> <span class='ocrx_word' id='word_1_340' title='bbox 1536 2037 1589 2070; x_wconf 87' lang='lat' dir='ltr'>sic</span> <span class='ocrx_word' id='word_1_341' title='bbox 1611 2035 1664 2070; x_wconf 78' lang='lat' dir='ltr'>sol</span> 
     </span>
     <span class='ocr_line' id='line_1_65' title="bbox 965 2085 1666 2130; baseline 0.001 -11"><span class='ocrx_word' id='word_1_342' title='bbox 965 2085 1133 2119; x_wconf 87' lang='lat' dir='ltr'>occidens</span> <span class='ocrx_word' id='word_1_343' title='bbox 1150 2085 1272 2119; x_wconf 88' lang='lat' dir='ltr'>demit.</span> <span class='ocrx_word' id='word_1_344' title='bbox 1300 2103 1338 2110; x_wconf 94' lang='lat'><strong>—</strong></span> <span class='ocrx_word' id='word_1_345' title='bbox 1355 2086 1514 2130; x_wconf 60' lang='lat' dir='ltr'>anticum]</span> <span class='ocrx_word' id='word_1_346' title='bbox 1536 2088 1577 2120; x_wconf 81' lang='lat' dir='ltr'>ut</span> <span class='ocrx_word' id='word_1_347' title='bbox 1598 2087 1666 2128; x_wconf 82' lang='grc' dir='ltr'>φι-</span> 
     </span>
     <span class='ocr_line' id='line_1_66' title="bbox 965 2134 1666 2179; baseline 0.006 -12"><span class='ocrx_word' id='word_1_348' title='bbox 965 2134 1055 2175; x_wconf 82' lang='grc' dir='ltr'>λον,</span> <span class='ocrx_word' id='word_1_349' title='bbox 1095 2136 1235 2176; x_wconf 86' lang='lat' dir='ltr'>gratum</span> <span class='ocrx_word' id='word_1_350' title='bbox 1260 2134 1392 2177; x_wconf 86' lang='lat' dir='ltr'>diuque</span> <span class='ocrx_word' id='word_1_351' title='bbox 1419 2137 1666 2179; x_wconf 80' lang='lat' dir='ltr'>exspectatum</span> 
     </span>
     <span class='ocr_line' id='line_1_67' title="bbox 964 2185 1719 2227; baseline 0.007 -10"><span class='ocrx_word' id='word_1_352' title='bbox 964 2185 1010 2218; x_wconf 85' lang='lat' dir='ltr'>ad</span> <span class='ocrx_word' id='word_1_353' title='bbox 1033 2185 1191 2227; x_wconf 87' lang='lat' dir='ltr'>quietem</span> <span class='ocrx_word' id='word_1_354' title='bbox 1214 2185 1437 2227; x_wconf 86' lang='lat' dir='ltr'>capiendam.</span> <span class='ocrx_word' id='word_1_355' title='bbox 1711 2218 1719 2222; x_wconf 92' lang='lat'>.</span> 
     </span>
     <span class='ocr_line' id='line_1_68' title="bbox 1009 2233 1665 2278; baseline 0 -10"><span class='ocrx_word' id='word_1_356' title='bbox 1009 2234 1063 2268; x_wconf 79' lang='lat'>45.</span> <span class='ocrx_word' id='word_1_357' title='bbox 1089 2234 1282 2277; x_wconf 79' lang='lat' dir='ltr'>Dwmnosa]</span> <span class='ocrx_word' id='word_1_358' title='bbox 1315 2235 1460 2268; x_wconf 78' lang='lat' dir='ltr'>«omnia</span> <span class='ocrx_word' id='word_1_359' title='bbox 1482 2233 1665 2278; x_wconf 83' lang='lat' dir='ltr'>paullatim</span> 
     </span>
     <span class='ocr_line' id='line_1_69' title="bbox 966 2283 1665 2318; baseline 0.001 -1"><span class='ocrx_word' id='word_1_360' title='bbox 966 2285 1180 2318; x_wconf 86' lang='lat' dir='ltr'>detrimento</span> <span class='ocrx_word' id='word_1_361' title='bbox 1196 2284 1356 2318; x_wconf 78' lang='lat' dir='ltr'>afficiens</span> <span class='ocrx_word' id='word_1_362' title='bbox 1369 2293 1412 2318; x_wconf 83' lang='lat' dir='ltr'>ac</span> <span class='ocrx_word' id='word_1_363' title='bbox 1431 2283 1665 2318; x_wconf 80' lang='lat' dir='ltr'>dissolvens.»</span> 
     </span>
     <span class='ocr_line' id='line_1_70' title="bbox 966 2333 1667 2376; baseline -0.001 -8"><span class='ocrx_word' id='word_1_364' title='bbox 966 2335 1064 2368; x_wconf 86' lang='lat' dir='ltr'>ovid.</span> <span class='ocrx_word' id='word_1_365' title='bbox 1093 2335 1175 2368; x_wconf 85' lang='lat' dir='ltr'>Met.</span> <span class='ocrx_word' id='word_1_366' title='bbox 1205 2333 1264 2374; x_wconf 83' lang='grc'>45,</span> <span class='ocrx_word' id='word_1_367' title='bbox 1292 2333 1376 2367; x_wconf 74' lang='lat'>234:</span> <span class='ocrx_word' id='word_1_368' title='bbox 1417 2334 1556 2376; x_wconf 70' lang='lat' dir='ltr'>Tempus</span> <span class='ocrx_word' id='word_1_369' title='bbox 1575 2334 1667 2367; x_wconf 69' lang='lat' dir='ltr'>odam</span> 
     </span>
     <span class='ocr_line' id='line_1_71' title="bbox 965 2383 1667 2424; baseline -0.001 -7"><span class='ocrx_word' id='word_1_370' title='bbox 965 2393 1081 2417; x_wconf 70' lang='lat' dir='ltr'>rerum</span> <span class='ocrx_word' id='word_1_371' title='bbox 1091 2388 1192 2424; x_wconf 76' lang='lat' dir='ltr'>tuque</span> <span class='ocrx_word' id='word_1_372' title='bbox 1202 2384 1367 2417; x_wconf 78' lang='lat' dir='ltr'>invidiosa</span> <span class='ocrx_word' id='word_1_373' title='bbox 1373 2386 1532 2424; x_wconf 71' lang='lat' dir='ltr'>vetustas,</span> <span class='ocrx_word' id='word_1_374' title='bbox 1546 2383 1667 2416; x_wconf 77' lang='lat' dir='ltr'>Omnia</span> 
     </span>
     <span class='ocr_line' id='line_1_72' title="bbox 967 2432 1667 2476; baseline -0.001 -9"><span class='ocrx_word' id='word_1_375' title='bbox 967 2434 1145 2467; x_wconf 76' lang='lat' dir='ltr'>destruitis.</span> <span class='ocrx_word' id='word_1_376' title='bbox 1166 2450 1201 2457; x_wconf 88' lang='lat'>—</span> <span class='ocrx_word' id='word_1_377' title='bbox 1230 2433 1409 2476; x_wconf 70' lang='lat' dir='ltr'>immiomit]</span> <span class='ocrx_word' id='word_1_378' title='bbox 1435 2433 1590 2467; x_wconf 78' lang='lat' dir='ltr'>«sensim</span> <span class='ocrx_word' id='word_1_379' title='bbox 1604 2432 1667 2466; x_wconf 84' lang='lat' dir='ltr'>de-</span> 
     </span>
     <span class='ocr_line' id='line_1_73' title="bbox 967 2482 1666 2524; baseline 0 -8"><span class='ocrx_word' id='word_1_380' title='bbox 967 2483 1079 2517; x_wconf 78' lang='lat' dir='ltr'>bilitat</span> <span class='ocrx_word' id='word_1_381' title='bbox 1108 2492 1152 2517; x_wconf 86' lang='lat' dir='ltr'>ac</span> <span class='ocrx_word' id='word_1_382' title='bbox 1185 2483 1343 2517; x_wconf 78' lang='lat' dir='ltr'>deterius</span> <span class='ocrx_word' id='word_1_383' title='bbox 1369 2482 1504 2524; x_wconf 82' lang='lat' dir='ltr'>reddit,</span> <span class='ocrx_word' id='word_1_384' title='bbox 1534 2483 1575 2516; x_wconf 85' lang='lat' dir='ltr'>ut</span> <span class='ocrx_word' id='word_1_385' title='bbox 1600 2490 1666 2516; x_wconf 81' lang='lat' dir='ltr'>nos</span> 
     </span>
     <span class='ocr_line' id='line_1_74' title="bbox 967 2531 1667 2572; baseline -0.004 -5"><span class='ocrx_word' id='word_1_386' title='bbox 967 2534 1203 2567; x_wconf 73' lang='lat' dir='ltr'>schmdlern.</span> <span class='ocrx_word' id='word_1_387' title='bbox 1250 2534 1318 2567; x_wconf 88' lang='lat' dir='ltr'>Pro</span> <span class='ocrx_word' id='word_1_388' title='bbox 1340 2533 1578 2572; x_wconf 65' lang='lat' dir='ltr'>convniam,</span> <span class='ocrx_word' id='word_1_389' title='bbox 1601 2531 1667 2565; x_wconf 86' lang='lat' dir='ltr'>mi·</span> 
     </span>
     <span class='ocr_line' id='line_1_75' title="bbox 967 2581 1667 2625; baseline -0.004 -9"><span class='ocrx_word' id='word_1_390' title='bbox 967 2584 1115 2617; x_wconf 84' lang='lat' dir='ltr'>nutatim</span> <span class='ocrx_word' id='word_1_391' title='bbox 1149 2583 1356 2625; x_wconf 82' lang='lat' dir='ltr'>infringere,</span> <span class='ocrx_word' id='word_1_392' title='bbox 1383 2581 1601 2621; x_wconf 74' lang='lat' dir='ltr'>destruere,</span> <span class='ocrx_word' id='word_1_393' title='bbox 1626 2582 1667 2613; x_wconf 77' lang='lat' dir='ltr'>ut</span> 
     </span>
     <span class='ocr_line' id='line_1_76' title="bbox 968 2631 1626 2673; baseline -0.005 -7"><span class='ocrx_word' id='word_1_394' title='bbox 968 2632 1123 2667; x_wconf 90' lang='lat' dir='ltr'>nonnulli</span> <span class='ocrx_word' id='word_1_395' title='bbox 1145 2632 1283 2673; x_wconf 90' lang='lat' dir='ltr'>volunt,</span> <span class='ocrx_word' id='word_1_396' title='bbox 1307 2632 1444 2666; x_wconf 84' lang='lat' dir='ltr'>dictum</span> <span class='ocrx_word' id='word_1_397' title='bbox 1465 2640 1538 2665; x_wconf 88' lang='lat' dir='ltr'>nou</span> <span class='ocrx_word' id='word_1_398' title='bbox 1561 2631 1626 2664; x_wconf 81' lang='lat' dir='ltr'>est.</span> 
     </span>
     <span class='ocr_line' id='line_1_77' title="bbox 1010 2680 1665 2725; baseline -0.009 -8"><span class='ocrx_word' id='word_1_399' title='bbox 1010 2683 1063 2717; x_wconf 76' lang='lat'>46.</span> <span class='ocrx_word' id='word_1_400' title='bbox 1096 2683 1194 2724; x_wconf 80' lang='lat' dir='ltr'>peior</span> <span class='ocrx_word' id='word_1_401' title='bbox 1220 2682 1308 2725; x_wconf 75' lang='lat' dir='ltr'>avis]</span> <span class='ocrx_word' id='word_1_402' title='bbox 1349 2681 1527 2715; x_wconf 71' lang='lat' dir='ltr'>«vitiosior</span> <span class='ocrx_word' id='word_1_403' title='bbox 1549 2680 1665 2713; x_wconf 81' lang='lat' dir='ltr'>aetate</span> 
     </span>
    </p>
   </div>
  </div>
 </body>
</html>
