1722 2904
188 79 270 121 602
694 82 866 115 HORATII
890 82 1116 117 CARMINUM

412 185 526 229 Voce
557 187 670 242 'quos
700 185 887 238 reddas3
918 186 1164 230 minuentur
1193 191 1311 230 atrae
1580 187 1635 229 35

527 266 726 311 Carmine
755 280 899 311 curae.

275 405 329 438 35.
355 405 555 438 minuuntur
577 405 698 438 Codex
721 414 813 439 unus
837 406 1057 439 Bersmanni.

185 517 371 551 cathedras.
398 518 480 558 (Sat.
500 517 513 548 4
531 542 539 556 ,
560 516 618 556 40,
637 516 705 558 94.)
737 533 773 540 -
806 517 886 549 red-
934 520 1106 557 nuuntur,
1154 516 1251 560 quod
1274 515 1450 551 nonnullis
1479 516 1633 560 placuit,

186 567 259 608 das]
285 566 438 599 «mihi».
465 566 579 599 Cantu
601 567 703 607 quasi
725 566 887 599 reddun-
934 565 1053 599 locum
1076 575 1308 600 communem
1329 575 1486 608 eumque
1509 567 1636 600 admo-

186 619 244 650 tur
253 616 394 649 numeri
407 612 578 662 (ῥυθμοί)
592 617 628 648 et
636 616 733 648 modi
746 614 883 659 (μέλη),
938 616 1026 648 dum
1041 617 1188 649 tenuem
1202 616 1440 659 praebuisset.
1464 634 1501 640 —-
1527 616 1635 659 atrae]

187 675 278 708 quos
319 666 398 707 quis
433 675 454 698 a
487 665 710 698 modulatore
749 665 882 699 didicit.
933 665 1012 698 Vid.
1050 665 1097 698 ad
1125 665 1189 698 Od.
1215 665 1254 706 3,
1286 665 1326 706 4,
1350 665 1406 699 40.
1444 682 1480 689 —
1529 666 1638 699 curas

192 716 248 748 Sic
272 714 336 748 Od.
355 715 397 755 4,
425 715 463 755 6,
490 714 551 748 43:
576 716 714 748 Reddidi
735 725 884 756 carmen,
935 714 1114 748 Bentleius
1142 715 1243 757 putat
1273 723 1354 749 esse
1378 714 1488 748 solius
1510 714 1639 757 Phylli-

188 766 383 798 «cantavi»
418 782 454 789 -
492 765 702 807 minuentur]
741 766 885 798 «Statim
936 764 989 797 dis
1003 790 1011 804 ,
1051 765 1175 806 utpote
1199 772 1292 806 quae
1315 764 1468 798 adverso
1492 764 1638 807 Telephi

186 814 248 848 ubi
271 815 310 846 tu
332 816 437 847 cantu
460 822 519 847 me
536 813 743 854 delectabis,
765 816 885 848 tristes
935 823 1059 847 amore
1069 814 1307 848 contristetur.
1318 814 1465 855 Quidni:
1483 815 1634 855 «omnia,
1717 824 1722 859 ῑ

187 873 295 897 curae
319 863 606 906 mitigabuntur.»
643 863 811 897 Consulto
835 865 887 897 fu·
935 873 1028 906 quae
1053 872 1118 897 nos
1141 863 1268 898 ambos
1290 866 1423 906 angunt
1437 865 1498 897 :n‘i
1718 871 1722 874 ·

187 915 306 947 turum
337 914 476 956 posuit;
512 922 596 947 nam
624 922 797 956 praesens
818 914 886 946 mi-
