1722 2904
194 104 277 145 400

702 109 874 142 HORATII
898 110 1123 144 CARMINUM

422 211 562 253 Servit
591 211 806 269 Hispanae
838 220 960 256 vetus
991 212 1124 256 hostis
1154 227 1257 256 orae

421 291 633 335 Cantaber
663 306 762 336 sera
794 292 982 337 domitus
1012 301 1189 344 catena,

427 374 511 415 lam
544 373 731 432 Scythae
760 373 857 417 laxo
887 375 1147 418 meditantur
1183 389 1286 419 arcu

648 454 815 498 Cedere
853 456 1028 512 campis.

421 565 682 624 Neglegens‚
716 581 770 611 ne
800 582 887 625 qua
916 567 1103 625 populus
1133 567 1325 619 laboret,

196 743 354 781 rexerat,
380 741 494 773 victus
517 742 552 774 in
576 743 715 783 Syriam
739 742 784 775 ad
806 743 898 776 Cae-

195 799 314 823 sarem
336 791 510 832 profugit,
545 791 590 823 ab
615 800 730 833 eoque
754 793 896 824 veniam

196 841 414 882 impetravit,
440 842 479 872 ut
501 840 548 872 ibi
572 843 786 873 remaneret.
824 841 894 874 Cfr.

196 889 260 921 Dio
294 890 354 929 54,
381 890 433 922 48.
473 890 626 923 Iustinus
659 889 720 930 42,
747 891 800 930 5.‚
837 892 898 932 qui

195 941 339 971 omnino
363 939 570 980 inspiciendi
593 942 687 972 sunt.
717 958 753 963 —
788 941 898 982 «Infe-

194 991 264 1020 stus
285 987 371 1020 alias
394 989 577 1028 Romanis,
617 997 712 1021 nunc
740 990 801 1021 sibi
832 990 898 1031 ipsi

195 1038 351 1070 luctuosis
394 1040 503 1076 cet.»;
559 1039 767 1080 neutiquam
811 1049 897 1072 vero

196 1087 415 1128 iungendum
460 1090 521 1119 aut
563 1088 700 1129 infestus
739 1089 800 1121 sibi
838 1091 899 1121 aut

194 1137 255 1169 sibi
279 1138 433 1176 dissidet;
473 1138 524 1170 sic
557 1138 653 1170 enim
683 1148 716 1170 v.
742 1139 899 1171 luctuosis

195 1187 349 1219 otiosum
372 1186 412 1218 fit
433 1185 631 1226 ἐπίθετον,
664 1189 782 1220 omnia
814 1197 897 1220 cum

195 1244 294 1268 arma
328 1235 464 1268 luctum
494 1239 687 1278 generent;
724 1246 899 1279 superva-

195 1294 347 1318 caneum
386 1286 493 1318 etiam
533 1288 588 1319 est
630 1287 691 1318 sibi
738 1288 898 1319 iunctum

196 1344 277 1367 cum
294 1344 327 1367 ν.
347 1336 489 1367 dissidet.
537 1337 575 1367 In
600 1335 710 1368 altera
731 1336 896 1374 lectione,

196 1385 252 1416 cui
275 1386 395 1416 tamen
418 1384 536 1417 obstat
552 1386 767 1426 optimorum
784 1386 896 1419 Codd.

195 1435 398 1473 auctoritas,
422 1435 539 1466 Medus
553 1435 679 1476 infestis
692 1436 754 1467 sibi
768 1436 899 1467 luctuo-

194 1493 250 1516 sus
278 1484 419 1516 Dissidet
444 1485 567 1524 armis,
591 1486 708 1517 Medus
733 1486 900 1517 luctuosus

195 1534 330 1566 dictum
354 1535 451 1566 esset
473 1535 512 1566 ut
527 1534 590 1566 Od.
610 1535 629 1566 3
642 1561 649 1574 ,
669 1536 706 1575 6,
724 1536 756 1568 8.
781 1537 901 1576 Hespe-

194 1584 250 1615 ria
273 1583 446 1622 luctuosa;
486 1584 612 1625 infestis
635 1586 755 1617 autem
779 1586 896 1624 armis,

196 1633 263 1665 etsi
289 1631 451 1674 exempla
477 1635 669 1675 suppetunt
692 1634 736 1675 (v.
755 1634 895 1676 Bentl.),

195 1685 315 1715 tamen
338 1691 424 1724 prae
449 1685 570 1715 nostra
594 1683 744 1716 lectione
776 1684 895 1726 friget,

195 1741 265 1773 qua
301 1732 468 1764 Parthum
499 1735 715 1775 perpetuum
746 1735 898 1767 nominis

195 1782 342 1814 Romani
365 1782 505 1814 hostem
531 1791 611 1815 esse
635 1785 740 1824 poeta
763 1783 898 1824 signifi-

196 1833 263 1863 cat.
327 1831 471 1873 (Digna,
518 1840 610 1873 quae
650 1833 873 1865 examinetur
888 1859 895 1873 ,

195 1879 453 1921 Dillenburgeri
477 1882 532 1913 est
554 1882 664 1921 ratio,
698 1883 758 1923 qui
781 1881 899 1924 dupli-

195 1938 276 1962 cem
298 1930 356 1962 hic
373 1938 517 1971 quoque
534 1931 654 1963 statuit
670 1932 899 1964 constructio—

196 1987 301 2011 nem:
327 1979 464 2020 infestus
478 1980 561 2020 sibi,
588 1983 624 2012 et
644 1981 706 2013 sibi
729 1981 894 2014 luctuosis.

195 2029 335 2061 Mecum
360 2029 442 2061 facit
465 2029 617 2062 Liibker.
657 2031 790 2070 Quodsi
810 2040 897 2063 vero

196 2077 325 2119 duplex
367 2081 422 2111 est
463 2081 699 2119 constructio,
740 2082 898 2122 praestat

195 2128 307 2159 haec:
340 2128 401 2160 sibi
423 2129 580 2161 luctuosis
603 2131 639 2162 et
661 2131 793 2163 dissidet
814 2130 894 2171 sibi,

197 2177 308 2208 «inter
331 2186 409 2217 se»,
436 2180 475 2210 ut
491 2179 554 2211 Od.
572 2180 612 2218 2,
631 2180 671 2219 2,
691 2180 751 2212 ⁴8:
784 2181 896 2212 Dissi-

195 2227 274 2258 dens
291 2227 413 2267 plebi·
427 2228 545 2260 virtus.
586 2229 672 2262 Voc.
691 2231 815 2262 contra
835 2230 898 2263 sibi

196 2284 278 2308 cum
319 2286 350 2308 ν.
386 2278 523 2319 infestus
556 2279 650 2320 iungi
685 2288 755 2311 non
789 2288 896 2321 posse

196 2324 416 2358 demonstrat
438 2327 514 2368 ipsa
537 2337 664 2362 versus
689 2337 849 2362 caesura.

238 2374 290 2406 24.
318 2376 371 2407 22.
396 2380 489 2408 vetus
509 2378 621 2420 hostis]
645 2379 719 2411 Liv.
745 2379 809 2419 28,
829 2380 894 2412 ⁴2:

197 2423 360 2464 Hispania
380 2426 497 2465 prima
519 2428 677 2460 Romanis
703 2429 788 2460 inita
812 2438 899 2469 pro-—

194 2472 400 2514 vinciar-um,
438 2485 523 2515 quae
546 2477 678 2517 quidem
700 2477 900 2511 continentis

195 2525 293 2562 sunt,
313 2527 486 2562 postrema
507 2527 677 2566 ommium,
702 2531 819 2560 nostra
840 2529 899 2561 de-

195 2579 287 2602 mwm
310 2576 435 2613 aetate,
468 2575 569 2607 ductu
591 2577 807 2618 auspicioque
826 2578 899 2611 Au-

195 2620 283 2658 9usti
299 2621 452 2654 Caesaris
461 2625 651 2663 perdomita
666 2629 724 2658 est.
746 2645 782 2650 —
808 2627 899 2660 Cam—

197 2668 299 2710 taber]
326 2671 489 2703 Cantabri
517 2674 549 2705 in
576 2675 738 2715 Hispania
758 2679 899 2718 septen-

1593 571 1648 614 25

946 744 1085 777 trionali
1118 745 1241 778 domiti
1276 755 1308 778 a.
1335 756 1369 779 u.
1395 755 1427 780 c.
1452 746 1528 781 734.
1584 748 1649 780 Dio

947 794 1009 834 53,
1035 795 1089 830 25.
1138 795 1208 828 Cir.
1234 796 1298 829 Od.
1327 797 1367 836 2,
1395 796 1496 837 6,2;
1522 797 1650 830 Canta-

947 844 1045 877 brum
1078 846 1248 879 indoctum
1279 847 1362 889 iuqa
1394 847 1487 889 ferre
1517 850 1646 880 nostra.

948 894 1012 927 Od.
1031 894 1072 935 4,
1091 894 1152 935 44,
1170 894 1234 928 4⁴:
1277 896 1317 929 Te
1345 897 1524 939 (Auguste)
1560 897 1651 931 Gan-

948 943 1042 976 taber
1057 953 1124 977 non
1139 948 1218 977 ante
1232 946 1411 990 domabilis-
1420 964 1439 970 -
1452 964 1473 970 -
1485 947 1647 980 Miratur.

947 994 1036 1036 Epp.
1055 995 1069 1026 4
1087 1019 1095 1034 ,
1114 995 1173 1035 42,
1189 995 1250 1028 26:
1292 995 1458 1029 Cantaber
1478 996 1649 1039 Aqrippae

948 1061 968 1067 -
981 1044 1106 1076 virtute
1120 1062 1139 1068 -
1155 1045 1282 1077 cecidit.

990 1111 1044 1144 23.
1062 1111 1117 1146 24.
1136 1113 1295 1156 Scythae]
1321 1114 1446 1155 iidem,
1468 1123 1559 1157 quos
1574 1125 1646 1149 κυ-

948 1162 1135 1207 ριωτέρως
1158 1162 1298 1195 Gelonos
1322 1165 1427 1196 vocat
1453 1164 1517 1197 Od.
1543 1165 1584 1205 2,
1608 1165 1649 1206 9,

949 1211 1002 1243 23.
1040 1210 1128 1243 Flor.
1154 1211 1194 1252 4,
1214 1212 1275 1253 42,
1293 1213 1356 1245 20’;
1381 1213 1563 1247 Sarmame
1584 1224 1652 1256 pa-

947 1260 1086 1293 tentibus
1099 1263 1228 1303 campis
1248 1263 1450 1303 inequitant‚·
1473 1267 1505 1296 et
1518 1264 1578 1297 hos
1586 1273 1652 1306 per

948 1328 967 1333 -
981 1310 1157 1343 Lentulum
1178 1311 1357 1352 prohibere
1388 1313 1545 1346 Danubio
1566 1315 1649 1347 satis

946 1360 1021 1401 fuit.
1049 1360 1130 1401 (Csr.
1157 1361 1203 1394 de
1228 1362 1264 1394 h.
1293 1360 1315 1394 1.
1347 1362 1462 1403 Unger
1482 1363 1522 1396 V.
1549 1364 1589 1396 R.
1612 1372 1648 1406 p.

950 1409 1025 1442 356.
1061 1411 1098 1442 et
1119 1410 1208 1452 364.)
1248 1429 1285 1434 —-
1325 1411 1423 1454 laxo]
1455 1413 1648 1454 «remisso,

949 1459 1210 1493 incursionibus
1230 1460 1266 1493 in
1281 1460 1372 1494 fines
1386 1462 1564 1496 Romanos
1580 1463 1651 1496 iam

948 1510 1216 1542 renuntiaturi.»
1252 1511 1347 1552 Virg.
1366 1512 1453 1544 Aen.
1473 1512 1509 1545 44
1527 1538 1535 1553 ,
1560 1512 1649 1547 874:

948 1558 1013 1590 Sed
1027 1559 1127 1591 laxos
1147 1560 1298 1601 referunt
1318 1560 1464 1593 humeris
1485 1561 1651 1604 lanquen—

947 1608 1033 1640 tibus
1054 1617 1165 1641 arcus
1193 1627 1230 1634 —
1264 1611 1471 1644 meditantur
1484 1629 1505 1636 -
1519 1611 1650 1655 Cedere]

948 1659 983 1690 in
1006 1667 1058 1700 pr.
1086 1660 1200 1692 orat.:
1241 1660 1342 1693 «iam
1363 1660 1451 1694 inibi
1473 1663 1572 1703 sunt,
1611 1665 1652 1696 ut

948 1716 987 1740 se
1003 1708 1177 1750 recipiant
1191 1709 1292 1750 inde,
1311 1719 1383 1752 quo
1398 1712 1535 1745 temere
1550 1714 1652 1746 erant

948 1760 1163 1799 progressi.»
1208 1759 1368 1792 Meditari
1383 1769 1467 1793 cum
1482 1761 1651 1796 infinitivo

949 1807 1056 1840 etiam
1085 1808 1155 1840 Sat.
1181 1809 1219 1848 2,
1245 1808 1285 1850 3,
1310 1809 1392 1842 263:
1419 1811 1653 1845 wit-mediter

945 1857 1044 1899 finire
1065 1857 1224 1890 labores?
1260 1858 1406 1892 Rutilius
1429 1861 1516 1902 Lup.
1543 1862 1579 1902 4,
1606 1861 1620 1894 4
1640 1872 1648 1894 :

947 1916 1006 1939 nos
1020 1925 1039 1930 -
1054 1925 1073 1931 —
1087 1908 1175 1939 vinci
1196 1909 1409 1942 meditamur.

991 1976 1045 2007 25.
1092 1976 1292 2020 Negleqens]
1333 1978 1516 2013 «Securus
1531 2005 1539 2020 ‚
1579 1989 1650 2014 non

949 2025 1111 2058 timens.»
1143 2024 1265 2059 Sc‘non.
1315 2028 1410 2060 «Hoc
1433 2027 1560 2062 saltem
1591 2030 1650 2064 die

947 2075 1069 2107 omitte
1099 2075 1354 2118 aliquantisper
1381 2078 1542 2112 assiduas
1570 2079 1657 2115 tuas·

946 2133 1012 2165 pro
1045 2125 1166 2166 populi
1204 2125 1318 2159 salute
1363 2136 1468 2162 curas
1505 2128 1649 2172 nolique

947 2173 1054 2207 nimis
1084 2173 1253 2208 sollicitus
1282 2184 1364 2209 esse
1387 2177 1433 2210 de
1458 2179 1560 2212 novis
1582 2188 1650 2222 pe-
1703 2217 1710 2223 .

947 2223 1065 2256 riculis
1088 2225 1140 2256 rei
1162 2224 1327 2266 publicae
1352 2226 1501 2261 fortasse
1530 2229 1650 2262 immi-

947 2272 1150 2306 uentibus.»
1174 2275 1267 2307 Scite
1283 2276 1540 2318 Maecenatem,
1562 2278 1649 2312 dum

948 2330 1033 2354 eum
1081 2320 1128 2355 ad
1176 2332 1303 2357 omnes
1346 2334 1451 2360 curas
1487 2326 1649 2369 publicas

947 2372 1163 2405 omittendas
1179 2373 1396 2415 exhortatur,
1422 2374 1544 2410 laudat
1558 2379 1651 2411 tam-

948 2429 1058 2462 quam
1088 2430 1190 2462 eum,
1227 2423 1288 2464 qui
1314 2423 1561 2458 huiuscemodi
1583 2435 1649 2460 cu-

947 2471 995 2503 ris
1016 2479 1163 2513 semper
1189 2471 1362 2506 distentus
1387 2475 1648 2517 sapientissima

949 2518 1094 2552 consilia
1127 2520 1304 2562 praebere
1335 2521 1448 2556 soleat
1475 2525 1645 2567 Augusto.

951 2587 988 2592 -
1012 2578 1054 2601 ne
1075 2569 1155 2611 qua]
1181 2580 1253 2604 «ue
1283 2571 1520 2616 qualicunque
1548 2576 1584 2608 in
1607 2585 1647 2609 re

948 2617 1019 2657 ullo
1043 2619 1151 2652 modo
1175 2622 1267 2653 cet.»

991 2680 1045 2712 26.
1092 2682 1212 2723 Pareo]
1262 2684 1355 2725 apud
1389 2687 1513 2727 poetas
1549 2686 1646 2720 idem
