1722 2904
202 81 282 122 444-

713 81 883 115 HORATII
909 81 1133 116 CARMINUM

483 187 671 237 Sternet,
707 200 846 244 aquae
877 186 957 230 nisi
988 186 1091 230 fallit
1120 200 1256 244 augur

369 293 541 335 Annosa
571 292 731 335 cornix.

792 293 903 335 Dum
934 292 1067 349 potis,
1100 291 1267 335 aridum

288 436 340 470 43.
361 440 455 478 potes
476 436 767 477 BbSTcd,LCtFJ.
794 436 892 477 (potis
915 445 957 468 ex
980 434 1030 478 βγ
1054 437 1089 467 et
1111 444 1164 477 pr.
1191 445 1213 467 κ
1236 435 1412 469 Bentleius
1435 445 1477 469 ac
1493 437 1550 477 M.)

199 568 278 613 ριαί
316 577 361 600 σε
398 565 612 610 καταιγίδες
654 564 896 608 ἐξεκύλισαν,

199 615 321 656 Φιλλί,
346 615 425 649 κτλ.

245 667 298 699 42.
325 676 436 707 aquae
451 685 469 690 -
484 684 503 689 -
519 665 646 708 auqur]
679 673 874 708 «praesaga
888 689 895 705 ,

199 715 349 748 divina.»
389 718 553 749 Ponpnvn.
598 715 661 747 Od.
680 714 717 754 3,
741 715 802 754 27,
830 714 895 746 40:

994 566 1046 598 45.
1074 565 1126 598 ⁴6.
1163 565 1314 609 Curabis]
1343 575 1409 608 pro
1438 566 1646 608 imperativo

949 623 1159 655 «venerare,
1178 614 1290 648 cole.»
1314 614 1404 647 Alibi
1421 615 1561 648 Genium
1571 617 1648 656 plaf

946 674 1041 706 care,
1076 666 1249 706 invocare,
1289 669 1327 698 nt
1357 666 1451 699 nobis
1477 668 1647 708 propitius

946 716 998 748 sit.
1024 716 1088 748 Hic
1111 716 1251 756 autem,
1276 715 1425 750 fortasse
1441 725 1525 749 cum
1549 718 1646 750 certo

197 765 357 797 Imbrium
400 766 514 797 divina
552 765 624 796 avis
655 765 895 796 imminentiam.
947 765 1103 806 quodam
1126 766 1221 805 ioco,
1239 772 1299 798 ‘ex
1322 764 1482 799 formulis
1506 767 1648 800 Genium

197 816 292 847 Arat.
311 813 417 847 Διοσ.
445 815 549 847 4022ι
574 810 777 856 Χειμῶνος
797 813 898 857 μέγα

197 862 307 906 σῆμα
329 865 396 896 καὶ
417 861 633 909 ἑννεάνειρα
649 860 800 909 κορώνη
824 860 899 896 Νύ-

197 923 330 960 κτερον
356 909 554 946 ἀείδουσα.
590 912 688 945 ovid.
703 914 780 945 Am.
798 913 837 953 2,
857 913 894 954 6,

196 963 254 996 34:
282 964 418 1005 pluviae
439 963 598 1005 qraculus
623 966 742 995 auctor
767 971 895 1003 aquae,

195 1013 257 1045 ubi
286 1014 448 1046 Heinsius
470 1012 615 1045 volebat
637 1021 760 1054 auqur.
808 1013 896 1045 Hinc

195 1063 373 1105 Euphorio
400 1063 455 1095 Fr.
496 1062 550 1095 65.
590 1062 694 1095 Mein.
731 1061 794 1094 Ed.
830 1063 913 1111 Π.;ν

190 1108 429 1154 Ὑετόμαντις
462 1105 528 1143 ὅτε
549 1108 706 1156 κρώξειε
729 1108 892 1157 κορώνη.

194 1163 261 1194 Pro
294 1171 373 1194 voc.
399 1170 511 1203 auqur
533 1170 664 1202 genere
695 1161 777 1194 fem.
807 1161 896 1194 affe-

193 1212 275 1243 runt
313 1212 419 1243 etiam
456 1211 554 1243 Statii
591 1210 700 1243 Theb.
735 1211 771 1251 9,
808 1211 891 1244 629:

192 1261 318 1301 simque
340 1269 453 1302 auqur
471 1269 568 1293 cassa
587 1261 706 1302 futuri.

238 1311 290 1343 43.
312 1309 364 1343 ⁴4.
388 1310 533 1352 Annosa]
558 1311 694 1342 Novem
718 1311 814 1343 enim
831 1319 894 1343 ae-

193 1360 283 1392 tates
306 1360 426 1392 vivere
454 1358 695 1392 credebantur
718 1361 891 1394 cornices.

194 1409 336 1442 Hesiod.
355 1409 409 1441 Fr.
429 1409 504 1441 406.
522 1408 662 1441 Goettl.:
683 1404 815 1441 Ἐννέα
833 1419 893 1442 τοι

194 1457 280 1500 ζώει
302 1454 434 1502 γενεὰς
456 1457 642 1505 λακέρυζα
656 1456 808 1505 κορώνη
819 1454 894 1492 Ἀν-

193 1505 291 1554 ὁρῶν
315 1505 510 1551 ἡβώντων.
556 1509 663 1540 Arato
686 1507 765 1541 loco
789 1509 811 1542 l.
839 1511 893 1542 est

193 1554 410 1605 ἐννεάνειρα
431 1554 596 1604 κορώνη.
625 1575 662 1582 -
682 1559 774 1591 Dwm
791 1559 890 1602 potis]

195 1607 358 1649 (Praebet
401 1608 494 1640 hanc
537 1616 661 1640 veram
701 1606 891 1642 lectionem

194 1658 302 1690 etiam
337 1657 423 1690 Cod.
461 1658 487 1689 B
526 1657 708 1690 Vanderb.
741 1658 819 1691 Sec.
847 1659 888 1691 X.

192 1706 370 1748 Exemplis
393 1716 413 1738 a
437 1705 594 1739 Bentleio
619 1706 774 1740 collectis
797 1707 890 1741 adde

193 1765 235 1788 ex
265 1755 403 1788 Anthol.
430 1757 563 1798 Meyeri
595 1758 635 1789 N.
663 1757 766 1790 ⁴52⁴:
801 1758 892 1790 Nwm

189 1806 260 1846 fato
305 1809 443 1846 raptam
486 1816 553 1838 non
596 1807 687 1847 potis
734 1806 890 1850 eripere.)

192 1850 263 1896 ἕως
296 1853 462 1888 δυνατόν
496 1855 611 1889 ἐστιν.
662 1857 775 1889 «Dum
809 1855 892 1890 licet

190 1914 256 1946 per
278 1906 542 1938 serenitatem.»
589 1906 711 1938 Senon.
760 1907 892 1939 «Ante-

191 1963 298 1996 quam
338 1964 404 1997 per
444 1954 594 1995 imbres,
642 1956 701 1997 qui
740 1956 888 1997 instant,

191 2004 331 2037 madida
370 2005 456 2037 fiant
492 2004 624 2046 ligna.»
670 2004 734 2038 Alii
771 2006 890 2040 minus

190 2056 305 2087 recte:
334 2054 440 2088 «dum
455 2055 525 2087 vita
543 2055 606 2087 tibi
624 2056 791 2097 suppetit,
819 2064 890 2098 qua

190 2103 281 2137 laete
298 2105 362 2137 frui
379 2105 536 2147 possis;»
557 2113 627 2146 qua
643 2104 790 2146 quidem
806 2114 890 2139 cum

189 2155 362 2187 sententia
393 2162 589 2195 componere
615 2154 760 2196 liqnum,
797 2155 890 2187 tam-

190 2212 296 2245 quam
316 2204 411 2237 esset
433 2203 619 2246 voluptarii
635 2201 778 2245 aliquid,
803 2205 889 2237 satis

189 2253 308 2294 inepte
325 2254 541 2294 iungeretur.
563 2271 599 2275 —
618 2253 791 2295 compone]
810 2262 891 2285 «ex-

189 2303 286 2333 strue
304 2311 412 2343 super
423 2302 554 2335 focum.
581 2303 630 2335 Eo
646 2302 774 2343 magis,
793 2302 889 2344 quod

190 2360 268 2383 cras
302 2352 464 2384 imminet
497 2351 638 2384 turbida
673 2352 885 2393 tempestas,

190 2401 298 2433 Genio
334 2400 567 2442 indulgebis.»
605 2419 642 2425 -—
680 2402 766 2444 cras]
803 2403 889 2434 For-

189 2451 281 2483 tasse
299 2451 444 2492 propter
462 2449 632 2483 sollemne
650 2452 886 2491 menstruum,

189 2508 259 2540 quo
291 2500 439 2532 Genium
472 2500 650 2541 Laresque
686 2509 755 2532 una
790 2499 887 2532 cole-

188 2548 292 2580 bant:
319 2548 348 2581 si
373 2549 417 2580 de
442 2548 611 2582 nataliciis
635 2549 745 2582 verba
770 2549 886 2589 facere

188 2596 373 2636 voluisset,
411 2606 495 2630 sane
528 2598 596 2630 hoc
628 2607 698 2631 uno
731 2598 885 2632 alterove

188 2646 297 2678 verbo
322 2647 565 2688 significasset.
615 2688 618 2694 ,

941 814 1100 855 placare,
1134 814 1238 848 Genio
1267 815 1438 857 indulqere
1468 817 1504 848 et
1525 825 1648 849 curare

946 873 1082 905 eorpuS,
1107 867 1226 904 cutem,
1251 864 1344 898 hanc
1361 873 1490 898 novam
1514 865 1647 899 effinxit

945 923 1068 947 curare
1101 914 1253 947 Genium.
1292 929 1329 938 ——
1361 923 1466 955 pereo
1489 914 1646 959 bimestri]

946 964 1045 996 Idem
1058 963 1272 996 sacrificium
1283 964 1319 997 in
1332 965 1468 997 Garnae
1481 963 1646 999 sollemni

946 1014 1124 1046 memorat
1138 1012 1237 1046 ovid.
1255 1013 1346 1046 Fast.
1364 1013 1401 1054 6,
1428 1013 1509 1047 ⁴58:
1533 1015 1646 1047 Exta—

946 1071 1009 1104 que
1037 1063 1076 1095 de
1100 1071 1209 1103 porca
1236 1062 1344 1095 cruda
1365 1062 1517 1096 bimestre
1539 1066 1624 1098 tenet
1630 1074 1642 1104 ;

944 1129 964 1136 ·—
979 1130 998 1136 -
1013 1120 1080 1152 pro
1105 1120 1215 1152 parvo
1243 1111 1382 1144 victima
1403 1121 1519 1153 parva
1540 1114 1641 1146 cadit.

944 1160 1174 1195 Difficultates
1203 1160 1360 1194 nonnulli
1389 1163 1579 1195 moverunt
1601 1172 1645 1195 ex

945 1211 1128 1244 Censorin.
1154 1211 1199 1243 2:
1233 1211 1347 1243 Funde
1374 1219 1505 1244 merum
1526 1212 1641 1246 Genio.

945 1260 1103 1302 (Persius
1137 1261 1209 1292 Sat.
1241 1261 1280 1300 2,
1313 1259 1364 1301 3.)
1409 1261 1472 1293 Hic
1501 1262 1646 1303 forsitan

943 1310 1017 1350 quis
1039 1313 1199 1351 quaerat,
1240 1310 1322 1349 quid
1357 1319 1481 1344 causae
1516 1311 1577 1352 sit,
1607 1315 1646 1344 ut

941 1368 1071 1392 merum
1097 1359 1302 1402 fundendum
1331 1359 1453 1400 Genio,
1489 1370 1556 1393 non
1583 1361 1644 1394 he-

941 1409 1006 1441 stia
1026 1409 1218 1451 faciendum
1233 1409 1417 1449 putaverit.
1457 1411 1546 1450 quod
1578 1411 1645 1443 sei-

941 1459 1031 1499 licet,
1055 1462 1093 1491 ut
1118 1459 1226 1491 Varro
1249 1461 1390 1491 testatur
1415 1477 1436 1483 -
1450 1477 1489 1500 -,
1513 1460 1549 1492 id
1569 1469 1644 1493 mo-
1714 1466 1717 1468 “

939 1509 989 1540 ris
1011 1508 1216 1549 institutique
1237 1508 1382 1541 maiores
1402 1509 1508 1541 nostri
1527 1512 1643 1543 tenue—

939 1561 1031 1598 runt,
1055 1561 1094 1590 ut
1108 1566 1184 1590 cnm
1199 1558 1251 1590 die
1264 1558 1372 1591 natali
1385 1567 1507 1592 munus
1520 1560 1644 1593 annale

942 1609 1045 1642 Genio
1071 1608 1250 1649 solverent,
1278 1617 1418 1641 manum
1438 1617 1462 1641 α
1483 1610 1584 1642 caede
1601 1619 1644 1642 ae

940 1658 1103 1700 sanquine
1136 1658 1353 1699 abstinerent,
1390 1667 1433 1691 ne
1466 1659 1535 1700 diez,
1574 1668 1643 1700 qua

939 1709 1003 1749 ipsi
1018 1709 1124 1741 lucem
1138 1708 1352 1748 accepissent,
1371 1708 1447 1740 aliis
1461 1709 1637 1742 demerent.

940 1759 991 1791 Ex
1013 1758 1082 1790 hoc
1104 1766 1247 1799 quoque
1271 1756 1444 1799 colligitur
1457 1758 1642 1792 Horatium

940 1817 1011 1841 non
1033 1807 1130 1849 loqui
1154 1807 1199 1840 de
1223 1808 1365 1840 Lamiae
1389 1807 1447 1840 die
1463 1807 1581 1841 natali.
1601 1827 1638 1833 —

940 1866 1079 1898 operwm
1095 1856 1224 1898 solutis]
1251 1855 1322 1889 «ab
1346 1865 1455 1899 opere
1472 1857 1639 1891 feriatis.»

940 1909 1062 1940 Senon.
1089 1907 1161 1940 Cic.
1187 1906 1232 1939 de
1255 1907 1361 1948 Legg.
1387 1907 1420 1940 2.
1443 1907 1475 1949 S.
1493 1907 1552 1940 29:
1577 1908 1640 1940 Fe-

938 1957 1072 1989 riarwm
1091 1957 1315 1998 festor-umque
1336 1956 1466 1991 dierum
1491 1957 1582 1990 ratio
1603 1957 1640 1990 in

939 2007 1050 2039 liberis
1070 2006 1250 2047 requietem
1270 2005 1366 2038 habet
1387 2006 1497 2039 litium
1517 2009 1549 2039 et
1563 2007 1639 2039 iur-

938 2056 1087 2098 giorum·
1103 2056 1139 2088 in
1148 2055 1263 2096 servis,
1279 2064 1417 2096 opernm
1427 2058 1460 2088 et
1472 2055 1636 2088 labor-mn.

939 2104 1062 2137 Tibull.
1077 2105 1108 2145 2,
1131 2105 1161 2145 t,
1181 2106 1220 2138 5:
1237 2106 1325 2137 Luce
1339 2113 1441 2137 sacra
1453 2105 1640 2145 requieseat

938 2155 1072 2194 tamnus,
1099 2155 1285 2195 requiescat
1298 2157 1437 2187 arator:
1453 2171 1472 2178 —
1485 2171 1503 2178 -
1517 2155 1639 2187 Omnia

938 2205 1002 2237 sint
1033 2207 1174 2244 operata
1203 2205 1280 2237 deo:
1318 2213 1385 2237 non
1419 2204 1543 2237 audeat
1566 2204 1640 2237 uua
1709 2226 1716 2230 -

937 2253 1123 2296 Lanificam
1139 2254 1263 2294 pensis*
1271 2254 1463 2294 imposuisse
1484 2262 1635 2286 manmn.

939 2303 1161 2336 Constructio
1191 2304 1310 2335 autem
1341 2311 1376 2335 v.
1401 2303 1527 2335 solvere
1553 2310 1637 2335 cum

938 2353 1089 2393 genitivo
1121 2352 1174 2393 (ut
1201 2348 1304 2385 λύειν
1332 2349 1470 2393 πόνου)
1495 2352 1592 2384 certe
1615 2359 1636 2384 a

937 2401 1184 2435 iureconsultis
1199 2401 1329 2434 Latinis
1344 2402 1451 2434 etiam
1465 2401 1547 2434 ante
1564 2401 1637 2433 Ho-

937 2452 1066 2484 ratium
1086 2450 1337 2493 usurpabatur.
1376 2451 1447 2484 Cic.
1466 2450 1512 2483 de
1527 2450 1632 2490 Legg.

937 2501 975 2539 2,
1001 2501 1061 2533 2οε
1087 2501 1116 2532 is
1132 2510 1197 2541 per
1218 2509 1275 2533 aes
1289 2504 1320 2533 et
1341 2500 1463 2532 libram
1484 2498 1636 2532 heredem

936 2551 1120 2583 testamenti
1135 2550 1255 2589 solvat,
1281 2549 1318 2582 id
1333 2551 1404 2589 est,
1423 2547 1633 2590 obligatione

936 2599 1150 2632 testamenti.
1200 2598 1318 2640 (Falso
1351 2598 1487 2631 addunt
1516 2597 1633 2639 ipsum

937 2648 1147 2681 Ciceronem
1163 2656 1228 2690 pro
1245 2648 1335 2681 Sest.
1353 2648 1389 2679 7:
1415 2646 1510 2680 solvit
1528 2645 1634 2679 subito
