<?xml version="1.0" encoding="UTF-8"?>
<!DOCTYPE html PUBLIC "-//W3C//DTD XHTML 1.0 Transitional//EN"
    "http://www.w3.org/TR/xhtml1/DTD/xhtml1-transitional.dtd">
<html xmlns="http://www.w3.org/1999/xhtml" xml:lang="en" lang="en">
 <head>
  <title>
</title>
<meta http-equiv="Content-Type" content="text/html;charset=utf-8" />
  <meta name='ocr-system' content='tesseract 3.04.00' />
  <meta name='ocr-capabilities' content='ocr_page ocr_carea ocr_par ocr_line ocrx_word'/>
</head>
<body>
  <div class='ocr_page' id='page_1' title='image "./qhoratiusflaccus12horauoft_0649.png"; bbox 0 0 1722 2904; ppageno 0'>
   <div class='ocr_carea' id='block_1_1' title="bbox 585 40 1501 109">
    <p class='ocr_par' dir='ltr' id='par_1_1' title="bbox 585 40 1501 109">
     <span class='ocr_line' id='line_1_1' title="bbox 585 40 1501 109; baseline 0.007 -7"><span class='ocrx_word' id='word_1_1' title='bbox 585 69 719 104; x_wconf 69' lang='lat' dir='ltr'>unm.</span> <span class='ocrx_word' id='word_1_2' title='bbox 767 69 897 102; x_wconf 66' lang='lat' dir='ltr'>cuin.</span> <span class='ocrx_word' id='word_1_3' title='bbox 924 69 964 101; x_wconf 81' lang='lat' dir='ltr'>n.</span> <span class='ocrx_word' id='word_1_4' title='bbox 995 40 999 41; x_wconf 30' lang='lat'><em>⁷</em></span> <span class='ocrx_word' id='word_1_5' title='bbox 1418 67 1501 109; x_wconf 75' lang='lat'>653</span> 
     </span>
    </p>
   </div>
   <div class='ocr_carea' id='block_1_2' title="bbox 284 175 1497 710">
    <p class='ocr_par' dir='ltr' id='par_1_2' title="bbox 344 175 1081 230">
     <span class='ocr_line' id='line_1_2' title="bbox 344 175 1081 230; baseline -0.004 -12"><span class='ocrx_word' id='word_1_6' title='bbox 344 175 586 218; x_wconf 84' lang='lat' dir='ltr'>Certantem</span> <span class='ocrx_word' id='word_1_7' title='bbox 614 180 659 218; x_wconf 88' lang='lat' dir='ltr'>et</span> <span class='ocrx_word' id='word_1_8' title='bbox 684 186 813 216; x_wconf 86' lang='lat' dir='ltr'>uvam</span> <span class='ocrx_word' id='word_1_9' title='bbox 842 186 1059 230; x_wconf 85' lang='lat' dir='ltr'>purpurae</span> <span class='ocrx_word' id='word_1_10' title='bbox 1072 206 1081 223; x_wconf 94' lang='lat'>,</span> 
     </span>
    </p>

    <p class='ocr_par' dir='ltr' id='par_1_3' title="bbox 287 253 1275 386">
     <span class='ocr_line' id='line_1_3' title="bbox 287 253 1275 311; baseline -0.002 -13"><span class='ocrx_word' id='word_1_11' title='bbox 287 255 383 307; x_wconf 88' lang='lat' dir='ltr'>Qua</span> <span class='ocrx_word' id='word_1_12' title='bbox 410 261 659 298; x_wconf 83' lang='lat' dir='ltr'>muneretur</span> <span class='ocrx_word' id='word_1_13' title='bbox 685 261 753 303; x_wconf 88' lang='lat' dir='ltr'>te,</span> <span class='ocrx_word' id='word_1_14' title='bbox 785 253 957 311; x_wconf 82' lang='lat' dir='ltr'>Priape,</span> <span class='ocrx_word' id='word_1_15' title='bbox 989 260 1032 296; x_wconf 88' lang='lat' dir='ltr'>et</span> <span class='ocrx_word' id='word_1_16' title='bbox 1061 261 1122 301; x_wconf 89' lang='lat' dir='ltr'>te,</span> <span class='ocrx_word' id='word_1_17' title='bbox 1154 261 1275 311; x_wconf 83' lang='lat' dir='ltr'>pater</span> 
     </span>
     <span class='ocr_line' id='line_1_4' title="bbox 341 334 879 386; baseline -0.004 -7"><span class='ocrx_word' id='word_1_18' title='bbox 341 335 512 379; x_wconf 88' lang='lat' dir='ltr'>Silvane</span> <span class='ocrx_word' id='word_1_19' title='bbox 525 370 535 386; x_wconf 95' lang='lat'>‚</span> <span class='ocrx_word' id='word_1_20' title='bbox 566 342 680 379; x_wconf 89' lang='lat' dir='ltr'>tutor</span> <span class='ocrx_word' id='word_1_21' title='bbox 707 334 879 378; x_wconf 88' lang='lat' dir='ltr'>finium!</span> 
     </span>
    </p>

    <p class='ocr_par' dir='ltr' id='par_1_4' title="bbox 287 414 1203 554">
     <span class='ocr_line' id='line_1_5' title="bbox 287 414 1203 473; baseline 0.001 -14"><span class='ocrx_word' id='word_1_22' title='bbox 287 414 409 460; x_wconf 90' lang='lat' dir='ltr'>Libet</span> <span class='ocrx_word' id='word_1_23' title='bbox 437 417 580 460; x_wconf 87' lang='lat' dir='ltr'>iacere</span> <span class='ocrx_word' id='word_1_24' title='bbox 608 415 739 459; x_wconf 89' lang='lat' dir='ltr'>modo</span> <span class='ocrx_word' id='word_1_25' title='bbox 769 415 851 459; x_wconf 89' lang='lat' dir='ltr'>sub</span> <span class='ocrx_word' id='word_1_26' title='bbox 880 416 1054 473; x_wconf 90' lang='lat' dir='ltr'>antiqua</span> <span class='ocrx_word' id='word_1_27' title='bbox 1084 415 1203 464; x_wconf 82' lang='lat' dir='ltr'>ilice,</span> 
     </span>
     <span class='ocr_line' id='line_1_6' title="bbox 341 497 938 554; baseline -0.002 -14"><span class='ocrx_word' id='word_1_28' title='bbox 341 497 468 540; x_wconf 79' lang='lat' dir='ltr'>Modo</span> <span class='ocrx_word' id='word_1_29' title='bbox 498 497 540 539; x_wconf 89' lang='lat' dir='ltr'>in</span> <span class='ocrx_word' id='word_1_30' title='bbox 569 497 707 541; x_wconf 88' lang='lat' dir='ltr'>tenaci</span> <span class='ocrx_word' id='word_1_31' title='bbox 735 497 938 554; x_wconf 78' lang='lat' dir='ltr'>gramine.</span> 
     </span>
    </p>

    <p class='ocr_par' dir='ltr' id='par_1_5' title="bbox 284 577 1497 710">
     <span class='ocr_line' id='line_1_7' title="bbox 284 577 1497 635; baseline -0.001 -15"><span class='ocrx_word' id='word_1_32' title='bbox 284 577 503 620; x_wconf 89' lang='lat' dir='ltr'>Labuntur</span> <span class='ocrx_word' id='word_1_33' title='bbox 530 577 626 621; x_wconf 84' lang='lat' dir='ltr'>altis</span> <span class='ocrx_word' id='word_1_34' title='bbox 655 577 824 621; x_wconf 88' lang='lat' dir='ltr'>interim</span> <span class='ocrx_word' id='word_1_35' title='bbox 851 577 957 635; x_wconf 86' lang='lat' dir='ltr'>ripis</span> <span class='ocrx_word' id='word_1_36' title='bbox 988 591 1129 635; x_wconf 88' lang='lat' dir='ltr'>aquae</span> <span class='ocrx_word' id='word_1_37' title='bbox 1143 612 1152 627; x_wconf 91' lang='lat'>‚</span> <span class='ocrx_word' id='word_1_38' title='bbox 1444 579 1497 620; x_wconf 73' lang='lat'>25</span> 
     </span>
     <span class='ocr_line' id='line_1_8' title="bbox 343 658 963 710; baseline 0.003 -10"><span class='ocrx_word' id='word_1_39' title='bbox 343 658 591 710; x_wconf 84' lang='lat' dir='ltr'>Queruntur</span> <span class='ocrx_word' id='word_1_40' title='bbox 620 659 661 706; x_wconf 86' lang='lat' dir='ltr'>in</span> <span class='ocrx_word' id='word_1_41' title='bbox 691 658 810 701; x_wconf 86' lang='lat' dir='ltr'>silvis</span> <span class='ocrx_word' id='word_1_42' title='bbox 840 672 963 707; x_wconf 81' lang='lat' dir='ltr'>aves,</span> 
     </span>
    </p>
   </div>
   <div class='ocr_carea' id='block_1_3' title="bbox 104 789 1457 980">
    <p class='ocr_par' dir='ltr' id='par_1_6' title="bbox 104 789 1457 980">
     <span class='ocr_line' id='line_1_9' title="bbox 147 789 1457 831; baseline 0.001 -8"><span class='ocrx_word' id='word_1_43' title='bbox 147 791 202 823; x_wconf 77' lang='lat'>20.</span> <span class='ocrx_word' id='word_1_44' title='bbox 221 798 380 831; x_wconf 72' lang='lat' dir='ltr'>purpura</span> <span class='ocrx_word' id='word_1_45' title='bbox 400 789 522 822; x_wconf 80' lang='lat' dir='ltr'>Bland.</span> <span class='ocrx_word' id='word_1_46' title='bbox 548 791 723 831; x_wconf 86' lang='lat' dir='ltr'>quattuor.</span> <span class='ocrx_word' id='word_1_47' title='bbox 750 790 803 830; x_wconf 90' lang='lat' dir='ltr'>(Ut</span> <span class='ocrx_word' id='word_1_48' title='bbox 824 798 908 829; x_wconf 88' lang='lat' dir='ltr'>nos,</span> <span class='ocrx_word' id='word_1_49' title='bbox 933 791 1054 830; x_wconf 83' lang='lat' dir='ltr'>nostri,</span> <span class='ocrx_word' id='word_1_50' title='bbox 1078 789 1223 823; x_wconf 80' lang='lat' dir='ltr'>Bentleii</span> <span class='ocrx_word' id='word_1_51' title='bbox 1246 793 1282 823; x_wconf 87' lang='lat' dir='ltr'>et</span> <span class='ocrx_word' id='word_1_52' title='bbox 1303 792 1457 824; x_wconf 86' lang='lat' dir='ltr'>Pottierii</span> 
     </span>
     <span class='ocr_line' id='line_1_10' title="bbox 106 839 1452 881; baseline 0.001 -8"><span class='ocrx_word' id='word_1_53' title='bbox 106 839 230 880; x_wconf 86' lang='lat' dir='ltr'>codd.)</span> <span class='ocrx_word' id='word_1_54' title='bbox 258 857 291 864; x_wconf 92' lang='lat'>-</span> <span class='ocrx_word' id='word_1_55' title='bbox 332 840 387 872; x_wconf 76' lang='lat'>2⁴.</span> <span class='ocrx_word' id='word_1_56' title='bbox 412 839 493 880; x_wconf 75' lang='lat' dir='ltr'>Quis</span> <span class='ocrx_word' id='word_1_57' title='bbox 514 841 658 872; x_wconf 87' lang='lat' dir='ltr'>auctore</span> <span class='ocrx_word' id='word_1_58' title='bbox 683 839 937 881; x_wconf 84' lang='lat' dir='ltr'>cuninghamio</span> <span class='ocrx_word' id='word_1_59' title='bbox 961 840 996 872; x_wconf 87' lang='lat' dir='ltr'>F.</span> <span class='ocrx_word' id='word_1_60' title='bbox 1035 857 1071 863; x_wconf 90' lang='lat'>—</span> <span class='ocrx_word' id='word_1_61' title='bbox 1112 841 1166 873; x_wconf 75' lang='lat'>25.</span> <span class='ocrx_word' id='word_1_62' title='bbox 1190 841 1273 873; x_wconf 75' lang='lat' dir='ltr'>rivis</span> <span class='ocrx_word' id='word_1_63' title='bbox 1295 841 1452 874; x_wconf 84' lang='lat' dir='ltr'>Blandin.</span> 
     </span>
     <span class='ocr_line' id='line_1_11' title="bbox 104 888 1455 932; baseline 0.001 -10"><span class='ocrx_word' id='word_1_64' title='bbox 104 889 307 932; x_wconf 60' lang='lat' dir='ltr'>antiquiss„</span> <span class='ocrx_word' id='word_1_65' title='bbox 331 888 464 922; x_wconf 82' lang='lat' dir='ltr'>«codd.</span> <span class='ocrx_word' id='word_1_66' title='bbox 489 888 645 922; x_wconf 88' lang='lat' dir='ltr'>nonnulli</span> <span class='ocrx_word' id='word_1_67' title='bbox 678 889 785 921; x_wconf 89' lang='lat' dir='ltr'>etiam</span> <span class='ocrx_word' id='word_1_68' title='bbox 813 889 1065 929; x_wconf 80' lang='lat' dir='ltr'>antiquissimi»</span> <span class='ocrx_word' id='word_1_69' title='bbox 1099 889 1244 923; x_wconf 84' lang='lat' dir='ltr'>Bentleii</span> <span class='ocrx_word' id='word_1_70' title='bbox 1259 916 1268 930; x_wconf 86' lang='lat'>,</span> <span class='ocrx_word' id='word_1_71' title='bbox 1303 892 1455 924; x_wconf 83' lang='lat' dir='ltr'>Pottierii</span> 
     </span>
     <span class='ocr_line' id='line_1_12' title="bbox 104 938 989 980; baseline -0.002 -8"><span class='ocrx_word' id='word_1_72' title='bbox 104 938 271 972; x_wconf 82' lang='lat' dir='ltr'>undecim</span> <span class='ocrx_word' id='word_1_73' title='bbox 284 963 294 978; x_wconf 88' lang='lat'>,</span> <span class='ocrx_word' id='word_1_74' title='bbox 318 939 397 971; x_wconf 75' lang='lat' dir='ltr'>Fen.</span> <span class='ocrx_word' id='word_1_75' title='bbox 422 938 527 980; x_wconf 66' lang='lat' dir='ltr'>(stipis</span> <span class='ocrx_word' id='word_1_76' title='bbox 549 938 691 971; x_wconf 83' lang='lat' dir='ltr'>firmant</span> <span class='ocrx_word' id='word_1_77' title='bbox 712 939 869 980; x_wconf 85' lang='lat' dir='ltr'>quinque</span> <span class='ocrx_word' id='word_1_78' title='bbox 892 939 989 980; x_wconf 86' lang='lat' dir='ltr'>mei.)</span> 
     </span>
    </p>
   </div>
   <div class='ocr_carea' id='block_1_4' title="bbox 62 1037 1499 1099">
    <p class='ocr_par' dir='ltr' id='par_1_7' title="bbox 62 1037 1499 1099">
     <span class='ocr_line' id='line_1_13' title="bbox 62 1037 1499 1099; baseline 0.002 -11"><span class='ocrx_word' id='word_1_79' title='bbox 62 1037 755 1096; x_wconf 72' lang='lat' dir='ltr'>etovid.uet.8,67szsstaepmpu-</span> <span class='ocrx_word' id='word_1_80' title='bbox 805 1055 987 1088; x_wconf 72' lang='lat' dir='ltr'>umbrosa.</span> <span class='ocrx_word' id='word_1_81' title='bbox 1030 1074 1067 1079; x_wconf 82' lang='lat'><em>-</em></span> <span class='ocrx_word' id='word_1_82' title='bbox 1106 1057 1235 1099; x_wconf 67' lang='lat' dir='ltr'>emes]</span> <span class='ocrx_word' id='word_1_83' title='bbox 1276 1057 1353 1090; x_wconf 68' lang='lat' dir='ltr'>«im</span> <span class='ocrx_word' id='word_1_84' title='bbox 1389 1058 1499 1091; x_wconf 70' lang='lat' dir='ltr'>noae·-</span> 
     </span>
    </p>
   </div>
   <div class='ocr_carea' id='block_1_5' title="bbox 59 1104 754 1195">
    <p class='ocr_par' dir='ltr' id='par_1_8' title="bbox 59 1104 754 1195">
     <span class='ocr_line' id='line_1_14' title="bbox 59 1104 754 1138; baseline -0.001 0"><span class='ocrx_word' id='word_1_85' title='bbox 59 1104 533 1138; x_wconf 68' lang='lat' dir='ltr'>rotscouoetaovitibuswae.</span> <span class='ocrx_word' id='word_1_86' title='bbox 568 1104 754 1137; x_wconf 89' lang='lat' dir='ltr'>Cornelius</span> 
     </span>
     <span class='ocr_line' id='line_1_15' title="bbox 60 1153 751 1195; baseline -0.001 -8"><span class='ocrx_word' id='word_1_87' title='bbox 60 1156 214 1187; x_wconf 81' lang='lat' dir='ltr'>Severus</span> <span class='ocrx_word' id='word_1_88' title='bbox 242 1154 278 1186; x_wconf 91' lang='lat' dir='ltr'>in</span> <span class='ocrx_word' id='word_1_89' title='bbox 310 1153 428 1186; x_wconf 80' lang='lat' dir='ltr'>libello</span> <span class='ocrx_word' id='word_1_90' title='bbox 462 1154 507 1187; x_wconf 91' lang='lat' dir='ltr'>de</span> <span class='ocrx_word' id='word_1_91' title='bbox 540 1163 620 1195; x_wconf 87' lang='lat' dir='ltr'>gen.</span> <span class='ocrx_word' id='word_1_92' title='bbox 655 1163 751 1187; x_wconf 92' lang='lat' dir='ltr'>nom.</span> 
     </span>
    </p>
   </div>
   <div class='ocr_carea' id='block_1_6' title="bbox 4 1203 755 2672">
    <p class='ocr_par' dir='ltr' id='par_1_9' title="bbox 4 1203 755 1446">
     <span class='ocr_line' id='line_1_16' title="bbox 61 1203 755 1246; baseline -0.001 -10"><span class='ocrx_word' id='word_1_93' title='bbox 61 1204 119 1236; x_wconf 89' lang='lat' dir='ltr'>ed.</span> <span class='ocrx_word' id='word_1_94' title='bbox 142 1204 258 1246; x_wconf 80' lang='lat' dir='ltr'>Haupt</span> <span class='ocrx_word' id='word_1_95' title='bbox 278 1211 357 1246; x_wconf 79' lang='lat' dir='ltr'>pag.</span> <span class='ocrx_word' id='word_1_96' title='bbox 381 1203 448 1236; x_wconf 74' lang='lat'>94:</span> <span class='ocrx_word' id='word_1_97' title='bbox 476 1229 483 1236; x_wconf 93' lang='lat'>.</span> <span class='ocrx_word' id='word_1_98' title='bbox 512 1229 520 1236; x_wconf 90' lang='lat'>.</span> <span class='ocrx_word' id='word_1_99' title='bbox 548 1229 555 1236; x_wconf 89' lang='lat'>.</span> <span class='ocrx_word' id='word_1_100' title='bbox 586 1229 592 1235; x_wconf 96' lang='lat'>.</span> <span class='ocrx_word' id='word_1_101' title='bbox 620 1213 755 1245; x_wconf 73' lang='lat' dir='ltr'>purpu-</span> 
     </span>
     <span class='ocr_line' id='line_1_17' title="bbox 58 1253 754 1295; baseline 0 -9"><span class='ocrx_word' id='word_1_102' title='bbox 58 1253 126 1286; x_wconf 70' lang='lat' dir='ltr'>reis</span> <span class='ocrx_word' id='word_1_103' title='bbox 138 1253 318 1295; x_wconf 62' lang='lat' dir='ltr'>ammonuit</span> <span class='ocrx_word' id='word_1_104' title='bbox 327 1253 507 1293; x_wconf 70' lang='lat' dir='ltr'>pampinus</span> <span class='ocrx_word' id='word_1_105' title='bbox 519 1253 603 1285; x_wconf 75' lang='lat' dir='ltr'>wis.</span> <span class='ocrx_word' id='word_1_106' title='bbox 628 1254 754 1286; x_wconf 86' lang='lat' dir='ltr'>Nostro</span> 
     </span>
     <span class='ocr_line' id='line_1_18' title="bbox 60 1301 751 1344; baseline 0.001 -10"><span class='ocrx_word' id='word_1_107' title='bbox 60 1302 139 1335; x_wconf 91' lang='lat' dir='ltr'>loco</span> <span class='ocrx_word' id='word_1_108' title='bbox 158 1301 272 1335; x_wconf 90' lang='lat' dir='ltr'>Codd.</span> <span class='ocrx_word' id='word_1_109' title='bbox 295 1301 377 1344; x_wconf 81' lang='lat' dir='ltr'>aliq.</span> <span class='ocrx_word' id='word_1_110' title='bbox 393 1311 569 1342; x_wconf 61' lang='lat' dir='ltr'>pur-parm</span> <span class='ocrx_word' id='word_1_111' title='bbox 597 1302 662 1335; x_wconf 86' lang='lat' dir='ltr'>sed</span> <span class='ocrx_word' id='word_1_112' title='bbox 689 1303 751 1335; x_wconf 83' lang='lat' dir='ltr'>cfr.</span> 
     </span>
     <span class='ocr_line' id='line_1_19' title="bbox 60 1351 752 1393; baseline 0 -9"><span class='ocrx_word' id='word_1_113' title='bbox 60 1351 123 1384; x_wconf 91' lang='lat' dir='ltr'>Od.</span> <span class='ocrx_word' id='word_1_114' title='bbox 136 1352 170 1391; x_wconf 78' lang='lat'>2,</span> <span class='ocrx_word' id='word_1_115' title='bbox 183 1351 216 1390; x_wconf 81' lang='grc'>6,</span> <span class='ocrx_word' id='word_1_116' title='bbox 231 1351 286 1383; x_wconf 81' lang='grc'>45.</span> <span class='ocrx_word' id='word_1_117' title='bbox 301 1351 366 1393; x_wconf 87' lang='lat' dir='ltr'>Ep.</span> <span class='ocrx_word' id='word_1_118' title='bbox 384 1352 438 1391; x_wconf 76' lang='lat' dir='ltr'>u,</span> <span class='ocrx_word' id='word_1_119' title='bbox 453 1351 506 1384; x_wconf 75' lang='lat'>⁴8.</span> <span class='ocrx_word' id='word_1_120' title='bbox 521 1352 591 1383; x_wconf 91' lang='lat' dir='ltr'>Sat.</span> <span class='ocrx_word' id='word_1_121' title='bbox 605 1352 638 1390; x_wconf 76' lang='lat'>2,</span> <span class='ocrx_word' id='word_1_122' title='bbox 651 1353 684 1390; x_wconf 86' lang='lat'>5,</span> <span class='ocrx_word' id='word_1_123' title='bbox 700 1352 752 1384; x_wconf 75' lang='lat'>⁴9.</span> 
     </span>
     <span class='ocr_line' id='line_1_20' title="bbox 4 1399 753 1446; baseline -0.001 -13"><span class='ocrx_word' id='word_1_124' title='bbox 4 1438 14 1446; x_wconf 85' lang='lat'>.</span> <span class='ocrx_word' id='word_1_125' title='bbox 102 1399 221 1433; x_wconf 68' lang='lat'>24-24.</span> <span class='ocrx_word' id='word_1_126' title='bbox 256 1400 342 1442; x_wconf 81' lang='lat' dir='ltr'>Qua]</span> <span class='ocrx_word' id='word_1_127' title='bbox 370 1401 479 1442; x_wconf 78' lang='lat' dir='ltr'>Magis</span> <span class='ocrx_word' id='word_1_128' title='bbox 500 1401 640 1442; x_wconf 73' lang='lat' dir='ltr'>poetica</span> <span class='ocrx_word' id='word_1_129' title='bbox 666 1402 753 1433; x_wconf 82' lang='lat' dir='ltr'>ratio</span> 
     </span>
    </p>

    <p class='ocr_par' dir='ltr' id='par_1_10' title="bbox 11 1449 755 2672">
     <span class='ocr_line' id='line_1_21' title="bbox 59 1449 753 1492; baseline 0.001 -10"><span class='ocrx_word' id='word_1_130' title='bbox 59 1449 219 1490; x_wconf 86' lang='lat' dir='ltr'>videtur,</span> <span class='ocrx_word' id='word_1_131' title='bbox 242 1451 282 1482; x_wconf 91' lang='lat' dir='ltr'>ut</span> <span class='ocrx_word' id='word_1_132' title='bbox 302 1458 405 1492; x_wconf 88' lang='lat' dir='ltr'>pron.</span> <span class='ocrx_word' id='word_1_133' title='bbox 429 1449 617 1483; x_wconf 86' lang='lat' dir='ltr'>relativum</span> <span class='ocrx_word' id='word_1_134' title='bbox 642 1450 753 1483; x_wconf 78' lang='lat' dir='ltr'>forma</span> 
     </span>
     <span class='ocr_line' id='line_1_22' title="bbox 60 1499 753 1541; baseline 0.001 -10"><span class='ocrx_word' id='word_1_135' title='bbox 60 1507 123 1532; x_wconf 80' lang='lat' dir='ltr'>sua</span> <span class='ocrx_word' id='word_1_136' title='bbox 142 1499 316 1531; x_wconf 83' lang='lat' dir='ltr'>exteriore</span> <span class='ocrx_word' id='word_1_137' title='bbox 332 1499 378 1531; x_wconf 85' lang='lat' dir='ltr'>ad</span> <span class='ocrx_word' id='word_1_138' title='bbox 399 1500 600 1541; x_wconf 84' lang='lat' dir='ltr'>proximum</span> <span class='ocrx_word' id='word_1_139' title='bbox 616 1501 753 1532; x_wconf 87' lang='lat' dir='ltr'>tantum</span> 
     </span>
     <span class='ocr_line' id='line_1_23' title="bbox 60 1548 755 1590; baseline 0.001 -10"><span class='ocrx_word' id='word_1_140' title='bbox 60 1548 405 1588; x_wconf 71' lang='lat' dir='ltr'>nomen‘referatur,</span> <span class='ocrx_word' id='word_1_141' title='bbox 431 1557 539 1589; x_wconf 89' lang='lat' dir='ltr'>quam</span> <span class='ocrx_word' id='word_1_142' title='bbox 561 1550 599 1580; x_wconf 91' lang='lat' dir='ltr'>ut</span> <span class='ocrx_word' id='word_1_143' title='bbox 622 1548 755 1590; x_wconf 86' lang='lat' dir='ltr'>ample-</span> 
     </span>
     <span class='ocr_line' id='line_1_24' title="bbox 59 1599 754 1639; baseline 0 -9"><span class='ocrx_word' id='word_1_144' title='bbox 59 1599 199 1630; x_wconf 86' lang='lat' dir='ltr'>ctamur</span> <span class='ocrx_word' id='word_1_145' title='bbox 230 1606 532 1639; x_wconf 82' lang='lat' dir='ltr'>supervacaneam</span> <span class='ocrx_word' id='word_1_146' title='bbox 573 1599 754 1631; x_wconf 84' lang='lat' dir='ltr'>coniectu-</span> 
     </span>
     <span class='ocr_line' id='line_1_25' title="bbox 59 1647 750 1688; baseline 0 -10"><span class='ocrx_word' id='word_1_147' title='bbox 59 1655 137 1680; x_wconf 86' lang='lat' dir='ltr'>ram</span> <span class='ocrx_word' id='word_1_148' title='bbox 159 1647 243 1687; x_wconf 73' lang='lat' dir='ltr'>quis.</span> <span class='ocrx_word' id='word_1_149' title='bbox 270 1665 307 1670; x_wconf 97' lang='lat'><strong>—</strong></span> <span class='ocrx_word' id='word_1_150' title='bbox 329 1647 466 1688; x_wconf 54' lang='lat' dir='ltr'>Priape]</span> <span class='ocrx_word' id='word_1_151' title='bbox 490 1647 603 1688; x_wconf 84' lang='lat' dir='ltr'>Priap.</span> <span class='ocrx_word' id='word_1_152' title='bbox 625 1648 685 1686; x_wconf 79' lang='lat'>82,</span> <span class='ocrx_word' id='word_1_153' title='bbox 711 1647 750 1680; x_wconf 74' lang='lat'>4:</span> 
     </span>
     <span class='ocr_line' id='line_1_26' title="bbox 59 1695 751 1729; baseline 0 -1"><span class='ocrx_word' id='word_1_154' title='bbox 59 1695 216 1729; x_wconf 63' lang='lat' dir='ltr'>Assiduus</span> <span class='ocrx_word' id='word_1_155' title='bbox 246 1698 355 1728; x_wconf 73' lang='lat' dir='ltr'>custos</span> <span class='ocrx_word' id='word_1_156' title='bbox 385 1697 478 1728; x_wconf 76' lang='lat' dir='ltr'>ruris</span> <span class='ocrx_word' id='word_1_157' title='bbox 504 1699 543 1728; x_wconf 76' lang='lat' dir='ltr'>ut</span> <span class='ocrx_word' id='word_1_158' title='bbox 569 1705 636 1728; x_wconf 74' lang='lat' dir='ltr'>esse</span> <span class='ocrx_word' id='word_1_159' title='bbox 660 1697 751 1728; x_wconf 75' lang='lat' dir='ltr'>velis.</span> 
     </span>
     <span class='ocr_line' id='line_1_27' title="bbox 59 1745 750 1787; baseline 0 -9"><span class='ocrx_word' id='word_1_160' title='bbox 59 1746 207 1787; x_wconf 81' lang='lat' dir='ltr'>Priapus</span> <span class='ocrx_word' id='word_1_161' title='bbox 239 1746 275 1778; x_wconf 86' lang='lat' dir='ltr'>in</span> <span class='ocrx_word' id='word_1_162' title='bbox 307 1746 442 1786; x_wconf 72' lang='lat' dir='ltr'>Meyeri</span> <span class='ocrx_word' id='word_1_163' title='bbox 473 1745 614 1778; x_wconf 85' lang='lat' dir='ltr'>Anthol.</span> <span class='ocrx_word' id='word_1_164' title='bbox 647 1747 684 1778; x_wconf 95' lang='lat' dir='ltr'>L.</span> <span class='ocrx_word' id='word_1_165' title='bbox 709 1748 750 1778; x_wconf 91' lang='lat' dir='ltr'>N.</span> 
     </span>
     <span class='ocr_line' id='line_1_28' title="bbox 60 1795 753 1836; baseline 0.001 -9"><span class='ocrx_word' id='word_1_166' title='bbox 60 1795 165 1828; x_wconf 74' lang='lat'>⁴698:</span> <span class='ocrx_word' id='word_1_167' title='bbox 188 1795 272 1828; x_wconf 68' lang='lat' dir='ltr'>nvn·</span> <span class='ocrx_word' id='word_1_168' title='bbox 293 1795 419 1827; x_wconf 80' lang='lat' dir='ltr'>corolla</span> <span class='ocrx_word' id='word_1_169' title='bbox 434 1796 530 1836; x_wconf 77' lang='lat' dir='ltr'>picta</span> <span class='ocrx_word' id='word_1_170' title='bbox 550 1805 627 1828; x_wconf 82' lang='lat' dir='ltr'>vere</span> <span class='ocrx_word' id='word_1_171' title='bbox 650 1797 753 1836; x_wconf 73' lang='lat' dir='ltr'>poni-</span> 
     </span>
     <span class='ocr_line' id='line_1_29' title="bbox 59 1844 750 1886; baseline 0.001 -10"><span class='ocrx_word' id='word_1_172' title='bbox 59 1847 134 1884; x_wconf 75' lang='lat' dir='ltr'>tur,</span> <span class='ocrx_word' id='word_1_173' title='bbox 156 1844 240 1877; x_wconf 65' lang='lat' dir='ltr'>mhi</span> <span class='ocrx_word' id='word_1_174' title='bbox 260 1844 381 1876; x_wconf 70' lang='lat' dir='ltr'>nobem</span> <span class='ocrx_word' id='word_1_175' title='bbox 401 1846 509 1877; x_wconf 75' lang='lat' dir='ltr'>arista</span> <span class='ocrx_word' id='word_1_176' title='bbox 523 1845 589 1877; x_wconf 76' lang='lat' dir='ltr'>sole</span> <span class='ocrx_word' id='word_1_177' title='bbox 609 1846 750 1886; x_wconf 77' lang='lat' dir='ltr'>fervido,</span> 
     </span>
     <span class='ocr_line' id='line_1_30' title="bbox 57 1891 753 1935; baseline 0.001 -10"><span class='ocrx_word' id='word_1_178' title='bbox 57 1893 275 1926; x_wconf 67' lang='lat' dir='ltr'>Hiltivironte</span> <span class='ocrx_word' id='word_1_179' title='bbox 288 1893 391 1925; x_wconf 73' lang='lat' dir='ltr'>dulcis</span> <span class='ocrx_word' id='word_1_180' title='bbox 401 1903 468 1926; x_wconf 73' lang='lat' dir='ltr'>wa</span> <span class='ocrx_word' id='word_1_181' title='bbox 478 1891 652 1935; x_wconf 75' lang='lat' dir='ltr'>pampino,</span> <span class='ocrx_word' id='word_1_182' title='bbox 670 1895 753 1927; x_wconf 63' lang='lat' dir='ltr'>Mihi</span> 
     </span>
     <span class='ocr_line' id='line_1_31' title="bbox 58 1941 750 1985; baseline 0.001 -11"><span class='ocrx_word' id='word_1_183' title='bbox 58 1941 183 1983; x_wconf 70' lang='lat' dir='ltr'>ylauea</span> <span class='ocrx_word' id='word_1_184' title='bbox 207 1943 292 1974; x_wconf 72' lang='lat' dir='ltr'>duro</span> <span class='ocrx_word' id='word_1_185' title='bbox 317 1943 407 1975; x_wconf 72' lang='lat' dir='ltr'>oliva</span> <span class='ocrx_word' id='word_1_186' title='bbox 430 1947 524 1975; x_wconf 80' lang='lat' dir='ltr'>cocta</span> <span class='ocrx_word' id='word_1_187' title='bbox 546 1944 684 1985; x_wconf 74' lang='lat' dir='ltr'>friyore.</span> <span class='ocrx_word' id='word_1_188' title='bbox 713 1962 750 1967; x_wconf 90' lang='lat'>—-</span> 
     </span>
     <span class='ocr_line' id='line_1_32' title="bbox 56 1991 749 2033; baseline -0.001 -9"><span class='ocrx_word' id='word_1_189' title='bbox 56 1991 165 2033; x_wconf 72' lang='lat' dir='ltr'>pater]</span> <span class='ocrx_word' id='word_1_190' title='bbox 188 2000 378 2024; x_wconf 86' lang='lat' dir='ltr'>commune</span> <span class='ocrx_word' id='word_1_191' title='bbox 397 1992 547 2024; x_wconf 88' lang='lat' dir='ltr'>deorum</span> <span class='ocrx_word' id='word_1_192' title='bbox 562 1992 749 2025; x_wconf 79' lang='grc' dir='ltr'><strong><em>ἐπίθετον.</em></strong></span> 
     </span>
     <span class='ocr_line' id='line_1_33' title="bbox 61 2040 753 2082; baseline 0.001 -10"><span class='ocrx_word' id='word_1_193' title='bbox 61 2057 99 2064; x_wconf 87' lang='grc'>-</span> <span class='ocrx_word' id='word_1_194' title='bbox 111 2040 257 2082; x_wconf 73' lang='lat' dir='ltr'>Silvm]</span> <span class='ocrx_word' id='word_1_195' title='bbox 269 2041 361 2082; x_wconf 81' lang='lat' dir='ltr'>virg.</span> <span class='ocrx_word' id='word_1_196' title='bbox 378 2043 466 2074; x_wconf 85' lang='lat' dir='ltr'>Aen.</span> <span class='ocrx_word' id='word_1_197' title='bbox 481 2041 514 2080; x_wconf 90' lang='grc'>8,</span> <span class='ocrx_word' id='word_1_198' title='bbox 528 2041 586 2073; x_wconf 82' lang='grc'>604</span> <span class='ocrx_word' id='word_1_199' title='bbox 605 2051 612 2072; x_wconf 88' lang='lat'>:</span> <span class='ocrx_word' id='word_1_200' title='bbox 632 2041 753 2082; x_wconf 92' lang='lat' dir='ltr'>(Silva-</span> 
     </span>
     <span class='ocr_line' id='line_1_34' title="bbox 43 2089 754 2131; baseline 0.001 -10"><span class='ocrx_word' id='word_1_201' title='bbox 43 2089 115 2129; x_wconf 58' lang='grc' dir='ltr'>ρο)</span> <span class='ocrx_word' id='word_1_202' title='bbox 130 2089 496 2131; x_wconf 61' lang='lat' dir='ltr'>wemmam-isque</span> <span class='ocrx_word' id='word_1_203' title='bbox 510 2091 584 2128; x_wconf 65' lang='lat' dir='ltr'>dem</span> <span class='ocrx_word' id='word_1_204' title='bbox 603 2091 638 2122; x_wconf 91' lang='lat' dir='ltr'>h.</span> <span class='ocrx_word' id='word_1_205' title='bbox 652 2089 675 2122; x_wconf 95' lang='lat' dir='ltr'>l.</span> <span class='ocrx_word' id='word_1_206' title='bbox 689 2115 697 2129; x_wconf 87' lang='lat'>,</span> <span class='ocrx_word' id='word_1_207' title='bbox 714 2091 754 2122; x_wconf 89' lang='lat' dir='ltr'>ut</span> 
     </span>
     <span class='ocr_line' id='line_1_35' title="bbox 59 2137 748 2181; baseline 0 -11"><span class='ocrx_word' id='word_1_208' title='bbox 59 2137 139 2170; x_wconf 83' lang='lat' dir='ltr'>alibi</span> <span class='ocrx_word' id='word_1_209' title='bbox 151 2139 348 2179; x_wconf 88' lang='lat' dir='ltr'>Terminus,</span> <span class='ocrx_word' id='word_1_210' title='bbox 362 2141 416 2171; x_wconf 90' lang='lat' dir='ltr'>est</span> <span class='ocrx_word' id='word_1_211' title='bbox 427 2143 517 2172; x_wconf 75' lang='lat' dir='ltr'>tutor</span> <span class='ocrx_word' id='word_1_212' title='bbox 524 2140 653 2181; x_wconf 78' lang='lat' dir='ltr'>finium.</span> <span class='ocrx_word' id='word_1_213' title='bbox 671 2140 748 2171; x_wconf 89' lang='lat' dir='ltr'>Vet.</span> 
     </span>
     <span class='ocr_line' id='line_1_36' title="bbox 11 2188 755 2230; baseline 0.001 -10"><span class='ocrx_word' id='word_1_214' title='bbox 11 2199 18 2204; x_wconf 65' lang='lat'><em>⁴</em></span> <span class='ocrx_word' id='word_1_215' title='bbox 59 2189 159 2220; x_wconf 84' lang='lat' dir='ltr'>Auct.</span> <span class='ocrx_word' id='word_1_216' title='bbox 177 2188 223 2221; x_wconf 89' lang='lat' dir='ltr'>de</span> <span class='ocrx_word' id='word_1_217' title='bbox 239 2189 352 2221; x_wconf 85' lang='lat' dir='ltr'>Limit.</span> <span class='ocrx_word' id='word_1_218' title='bbox 366 2197 401 2230; x_wconf 89' lang='lat' dir='ltr'>p.</span> <span class='ocrx_word' id='word_1_219' title='bbox 416 2188 491 2221; x_wconf 77' lang='lat'>294.</span> <span class='ocrx_word' id='word_1_220' title='bbox 507 2190 623 2221; x_wconf 87' lang='lat' dir='ltr'>Goes.:</span> <span class='ocrx_word' id='word_1_221' title='bbox 642 2190 755 2221; x_wconf 76' lang='lat' dir='ltr'>Omnis</span> 
     </span>
     <span class='ocr_line' id='line_1_37' title="bbox 55 2238 754 2278; baseline 0.001 -9"><span class='ocrx_word' id='word_1_222' title='bbox 55 2238 212 2278; x_wconf 66' lang='lat' dir='ltr'>poaeoesio</span> <span class='ocrx_word' id='word_1_223' title='bbox 245 2241 311 2269; x_wconf 77' lang='lat' dir='ltr'>tres</span> <span class='ocrx_word' id='word_1_224' title='bbox 340 2238 494 2269; x_wconf 76' lang='lat' dir='ltr'>silvanos</span> <span class='ocrx_word' id='word_1_225' title='bbox 522 2238 616 2270; x_wconf 77' lang='lat' dir='ltr'>habet</span> <span class='ocrx_word' id='word_1_226' title='bbox 622 2247 635 2276; x_wconf 91' lang='lat'><em>;</em></span> <span class='ocrx_word' id='word_1_227' title='bbox 668 2247 754 2270; x_wconf 72' lang='lat' dir='ltr'>unus</span> 
     </span>
     <span class='ocr_line' id='line_1_38' title="bbox 58 2287 752 2327; baseline 0 -8"><span class='ocrx_word' id='word_1_228' title='bbox 58 2287 180 2319; x_wconf 74' lang='lat' dir='ltr'>dicitur</span> <span class='ocrx_word' id='word_1_229' title='bbox 206 2288 418 2326; x_wconf 75' lang='lat' dir='ltr'>domesticus,</span> <span class='ocrx_word' id='word_1_230' title='bbox 449 2288 643 2327; x_wconf 76' lang='lat' dir='ltr'>possessioni</span> <span class='ocrx_word' id='word_1_231' title='bbox 671 2297 752 2319; x_wconf 78' lang='lat' dir='ltr'>con-</span> 
     </span>
     <span class='ocr_line' id='line_1_39' title="bbox 58 2336 752 2377; baseline -0.001 -8"><span class='ocrx_word' id='word_1_232' title='bbox 58 2339 222 2374; x_wconf 49' lang='lat' dir='ltr'>matun</span> <span class='ocrx_word' id='word_1_233' title='bbox 253 2337 339 2368; x_wconf 77' lang='lat' dir='ltr'>alter</span> <span class='ocrx_word' id='word_1_234' title='bbox 360 2336 483 2367; x_wconf 73' lang='lat' dir='ltr'>dicitur</span> <span class='ocrx_word' id='word_1_235' title='bbox 503 2337 662 2377; x_wconf 62' lang='lat' dir='ltr'>agrestis,</span> <span class='ocrx_word' id='word_1_236' title='bbox 682 2346 752 2376; x_wconf 85' lang='lat' dir='ltr'>pa-</span> 
     </span>
     <span class='ocr_line' id='line_1_40' title="bbox 58 2385 752 2422; baseline -0.001 -5"><span class='ocrx_word' id='word_1_237' title='bbox 58 2385 215 2417; x_wconf 70' lang='lat' dir='ltr'>stionibus</span> <span class='ocrx_word' id='word_1_238' title='bbox 235 2388 461 2422; x_wconf 65' lang='lat' dir='ltr'>consecratu-³,-</span> <span class='ocrx_word' id='word_1_239' title='bbox 496 2386 612 2417; x_wconf 73' lang='lat' dir='ltr'>tertius</span> <span class='ocrx_word' id='word_1_240' title='bbox 630 2386 752 2417; x_wconf 78' lang='lat' dir='ltr'>dicitur</span> 
     </span>
     <span class='ocr_line' id='line_1_41' title="bbox 58 2435 753 2476; baseline 0 -10"><span class='ocrx_word' id='word_1_241' title='bbox 58 2435 243 2473; x_wconf 66' lang='lat' dir='ltr'>orientalis,</span> <span class='ocrx_word' id='word_1_242' title='bbox 289 2435 343 2466; x_wconf 79' lang='lat' dir='ltr'>cui</span> <span class='ocrx_word' id='word_1_243' title='bbox 379 2437 427 2466; x_wconf 83' lang='lat' dir='ltr'>est</span> <span class='ocrx_word' id='word_1_244' title='bbox 458 2435 494 2466; x_wconf 75' lang='lat' dir='ltr'>in</span> <span class='ocrx_word' id='word_1_245' title='bbox 525 2435 666 2476; x_wconf 71' lang='lat' dir='ltr'>confinio</span> <span class='ocrx_word' id='word_1_246' title='bbox 703 2435 753 2466; x_wconf 79' lang='lat' dir='ltr'>lu-</span> 
     </span>
     <span class='ocr_line' id='line_1_42' title="bbox 58 2484 747 2525; baseline -0.003 -9"><span class='ocrx_word' id='word_1_247' title='bbox 58 2492 117 2516; x_wconf 75' lang='lat' dir='ltr'>cus</span> <span class='ocrx_word' id='word_1_248' title='bbox 132 2485 270 2524; x_wconf 75' lang='lat' dir='ltr'>positus.</span> <span class='ocrx_word' id='word_1_249' title='bbox 296 2484 468 2525; x_wconf 81' lang='lat' dir='ltr'>Inscriptt.</span> <span class='ocrx_word' id='word_1_250' title='bbox 494 2492 542 2516; x_wconf 93' lang='lat' dir='ltr'>m.</span> <span class='ocrx_word' id='word_1_251' title='bbox 560 2484 632 2515; x_wconf 86' lang='lat' dir='ltr'>Lat.</span> <span class='ocrx_word' id='word_1_252' title='bbox 651 2484 747 2516; x_wconf 75' lang='lat'>⁴6⁴3:</span> 
     </span>
     <span class='ocr_line' id='line_1_43' title="bbox 58 2532 752 2573; baseline 0 -9"><span class='ocrx_word' id='word_1_253' title='bbox 58 2532 194 2565; x_wconf 72' lang='lat' dir='ltr'>Silvano</span> <span class='ocrx_word' id='word_1_254' title='bbox 214 2541 314 2565; x_wconf 78' lang='lat' dir='ltr'>saera</span> <span class='ocrx_word' id='word_1_255' title='bbox 341 2533 507 2565; x_wconf 73' lang='lat' dir='ltr'>semicluse</span> <span class='ocrx_word' id='word_1_256' title='bbox 536 2532 677 2573; x_wconf 68' lang='lat' dir='ltr'>fra-vino</span> <span class='ocrx_word' id='word_1_257' title='bbox 709 2533 752 2565; x_wconf 83' lang='lat' dir='ltr'>Et</span> 
     </span>
     <span class='ocr_line' id='line_1_44' title="bbox 57 2581 748 2614; baseline -0.001 0"><span class='ocrx_word' id='word_1_258' title='bbox 57 2581 154 2613; x_wconf 67' lang='lat' dir='ltr'>&#39;mim</span> <span class='ocrx_word' id='word_1_259' title='bbox 180 2582 241 2614; x_wconf 77' lang='lat' dir='ltr'>alti</span> <span class='ocrx_word' id='word_1_260' title='bbox 267 2590 391 2614; x_wconf 71' lang='lat' dir='ltr'>mmo</span> <span class='ocrx_word' id='word_1_261' title='bbox 418 2584 526 2613; x_wconf 72' lang='lat' dir='ltr'>custos</span> <span class='ocrx_word' id='word_1_262' title='bbox 550 2581 684 2613; x_wconf 76' lang='lat' dir='ltr'>hortuli.</span> <span class='ocrx_word' id='word_1_263' title='bbox 713 2599 748 2604; x_wconf 91' lang='lat'>—-</span> 
     </span>
     <span class='ocr_line' id='line_1_45' title="bbox 61 2629 751 2672; baseline -0.001 -10"><span class='ocrx_word' id='word_1_264' title='bbox 61 2630 211 2672; x_wconf 70' lang='lat' dir='ltr'>antiqua]</span> <span class='ocrx_word' id='word_1_265' title='bbox 235 2632 270 2663; x_wconf 88' lang='lat' dir='ltr'>et</span> <span class='ocrx_word' id='word_1_266' title='bbox 292 2631 480 2672; x_wconf 85' lang='lat' dir='ltr'>propterea</span> <span class='ocrx_word' id='word_1_267' title='bbox 502 2629 619 2671; x_wconf 89' lang='lat' dir='ltr'>patula</span> <span class='ocrx_word' id='word_1_268' title='bbox 644 2631 751 2670; x_wconf 80' lang='lat' dir='ltr'>atque</span> 
     </span>
    </p>
   </div>
   <div class='ocr_carea' id='block_1_7' title="bbox 800 1105 1501 2673">
    <p class='ocr_par' dir='ltr' id='par_1_11' title="bbox 802 1105 1501 1688">
     <span class='ocr_line' id='line_1_46' title="bbox 802 1105 1499 1146; baseline 0.006 -10"><span class='ocrx_word' id='word_1_269' title='bbox 802 1105 1029 1146; x_wconf 69' lang='lat' dir='ltr'>sesmalteridn;</span> <span class='ocrx_word' id='word_1_270' title='bbox 1054 1114 1219 1146; x_wconf 76' lang='lat' dir='ltr'>«gramen</span> <span class='ocrx_word' id='word_1_271' title='bbox 1237 1105 1328 1138; x_wconf 88' lang='lat' dir='ltr'>adeo</span> <span class='ocrx_word' id='word_1_272' title='bbox 1347 1106 1499 1140; x_wconf 86' lang='lat' dir='ltr'>densum</span> 
     </span>
     <span class='ocr_line' id='line_1_47' title="bbox 805 1155 1499 1196; baseline 0.004 -10"><span class='ocrx_word' id='word_1_273' title='bbox 805 1163 847 1186; x_wconf 88' lang='lat' dir='ltr'>ae</span> <span class='ocrx_word' id='word_1_274' title='bbox 881 1155 1036 1196; x_wconf 84' lang='lat' dir='ltr'>spissum</span> <span class='ocrx_word' id='word_1_275' title='bbox 1050 1180 1058 1193; x_wconf 93' lang='lat'>,</span> <span class='ocrx_word' id='word_1_276' title='bbox 1094 1157 1132 1186; x_wconf 92' lang='lat' dir='ltr'>ut</span> <span class='ocrx_word' id='word_1_277' title='bbox 1165 1155 1222 1187; x_wconf 82' lang='lat' dir='ltr'>vix</span> <span class='ocrx_word' id='word_1_278' title='bbox 1244 1165 1265 1187; x_wconf 92' lang='lat' dir='ltr'>e</span> <span class='ocrx_word' id='word_1_279' title='bbox 1288 1155 1364 1188; x_wconf 91' lang='lat' dir='ltr'>solo</span> <span class='ocrx_word' id='word_1_280' title='bbox 1398 1157 1499 1189; x_wconf 90' lang='lat' dir='ltr'>evelli</span> 
     </span>
     <span class='ocr_line' id='line_1_48' title="bbox 805 1204 1501 1247; baseline 0.004 -12"><span class='ocrx_word' id='word_1_281' title='bbox 805 1205 926 1245; x_wconf 85' lang='lat' dir='ltr'>possit,</span> <span class='ocrx_word' id='word_1_282' title='bbox 961 1213 1003 1236; x_wconf 87' lang='lat' dir='ltr'>ac</span> <span class='ocrx_word' id='word_1_283' title='bbox 1033 1206 1180 1245; x_wconf 89' lang='lat' dir='ltr'>propter</span> <span class='ocrx_word' id='word_1_284' title='bbox 1201 1204 1270 1237; x_wconf 85' lang='lat' dir='ltr'>hoe</span> <span class='ocrx_word' id='word_1_285' title='bbox 1292 1205 1409 1247; x_wconf 89' lang='lat' dir='ltr'>ipsum</span> <span class='ocrx_word' id='word_1_286' title='bbox 1432 1207 1501 1238; x_wconf 88' lang='lat' dir='ltr'>ho-</span> 
     </span>
     <span class='ocr_line' id='line_1_49' title="bbox 805 1253 1501 1296; baseline 0.004 -11"><span class='ocrx_word' id='word_1_287' title='bbox 805 1254 889 1285; x_wconf 91' lang='lat' dir='ltr'>mini</span> <span class='ocrx_word' id='word_1_288' title='bbox 912 1254 945 1285; x_wconf 90' lang='lat' dir='ltr'>in</span> <span class='ocrx_word' id='word_1_289' title='bbox 970 1263 1013 1285; x_wconf 90' lang='lat' dir='ltr'>eo</span> <span class='ocrx_word' id='word_1_290' title='bbox 1036 1254 1163 1286; x_wconf 88' lang='lat' dir='ltr'>iacenti</span> <span class='ocrx_word' id='word_1_291' title='bbox 1186 1253 1326 1287; x_wconf 90' lang='lat' dir='ltr'>mollius</span> <span class='ocrx_word' id='word_1_292' title='bbox 1348 1257 1501 1296; x_wconf 85' lang='lat' dir='ltr'>gratius-</span> 
     </span>
     <span class='ocr_line' id='line_1_50' title="bbox 805 1302 1500 1346; baseline 0.004 -12"><span class='ocrx_word' id='word_1_293' title='bbox 805 1311 875 1344; x_wconf 86' lang='lat' dir='ltr'>que</span> <span class='ocrx_word' id='word_1_294' title='bbox 898 1302 1014 1336; x_wconf 65' lang='lat' dir='ltr'>cubae</span> <span class='ocrx_word' id='word_1_295' title='bbox 1037 1303 1208 1345; x_wconf 88' lang='lat' dir='ltr'>praebeat</span> <span class='ocrx_word' id='word_1_296' title='bbox 1230 1313 1338 1345; x_wconf 89' lang='lat' dir='ltr'>quam</span> <span class='ocrx_word' id='word_1_297' title='bbox 1352 1313 1500 1346; x_wconf 86' lang='lat' dir='ltr'>gramen</span> 
     </span>
     <span class='ocr_line' id='line_1_51' title="bbox 804 1351 1500 1395; baseline 0.006 -12"><span class='ocrx_word' id='word_1_298' title='bbox 804 1360 958 1384; x_wconf 78' lang='lat' dir='ltr'>rarum.»</span> <span class='ocrx_word' id='word_1_299' title='bbox 975 1351 1085 1384; x_wconf 80' lang='lat' dir='ltr'>Aliter</span> <span class='ocrx_word' id='word_1_300' title='bbox 1098 1352 1362 1394; x_wconf 87' lang='lat' dir='ltr'>Dillenburger:</span> <span class='ocrx_word' id='word_1_301' title='bbox 1383 1354 1500 1395; x_wconf 77' lang='lat' dir='ltr'>«qnod</span> 
     </span>
     <span class='ocr_line' id='line_1_52' title="bbox 804 1401 1501 1446; baseline 0.006 -13"><span class='ocrx_word' id='word_1_302' title='bbox 804 1401 970 1434; x_wconf 87' lang='lat' dir='ltr'>euntibus</span> <span class='ocrx_word' id='word_1_303' title='bbox 1000 1402 1295 1444; x_wconf 86' lang='lat' dir='ltr'>impedimentum</span> <span class='ocrx_word' id='word_1_304' title='bbox 1326 1405 1381 1436; x_wconf 87' lang='lat' dir='ltr'>est</span> <span class='ocrx_word' id='word_1_305' title='bbox 1413 1413 1501 1446; x_wconf 87' lang='lat' dir='ltr'>pro—</span> 
     </span>
     <span class='ocr_line' id='line_1_53' title="bbox 804 1450 1499 1493; baseline 0 -11"><span class='ocrx_word' id='word_1_306' title='bbox 804 1450 972 1490; x_wconf 85' lang='lat' dir='ltr'>cedendi,</span> <span class='ocrx_word' id='word_1_307' title='bbox 998 1451 1093 1492; x_wconf 90' lang='lat' dir='ltr'>quod</span> <span class='ocrx_word' id='word_1_308' title='bbox 1115 1452 1227 1493; x_wconf 88' lang='lat' dir='ltr'>pedes</span> <span class='ocrx_word' id='word_1_309' title='bbox 1243 1452 1344 1493; x_wconf 87' lang='lat' dir='ltr'>quasi</span> <span class='ocrx_word' id='word_1_310' title='bbox 1367 1454 1499 1485; x_wconf 80' lang='lat' dir='ltr'>tenet.»</span> 
     </span>
     <span class='ocr_line' id='line_1_54' title="bbox 804 1500 1497 1543; baseline 0.006 -12"><span class='ocrx_word' id='word_1_311' title='bbox 804 1501 927 1532; x_wconf 80' lang='lat' dir='ltr'>Miram</span> <span class='ocrx_word' id='word_1_312' title='bbox 950 1500 1120 1532; x_wconf 88' lang='lat' dir='ltr'>Torrentii</span> <span class='ocrx_word' id='word_1_313' title='bbox 1151 1501 1497 1543; x_wconf 83' lang='lat' dir='ltr'>interpretationem:</span> 
     </span>
     <span class='ocr_line' id='line_1_55' title="bbox 806 1548 1500 1590; baseline 0.006 -10"><span class='ocrx_word' id='word_1_314' title='bbox 806 1548 923 1590; x_wconf 75' lang='lat' dir='ltr'>«quod</span> <span class='ocrx_word' id='word_1_315' title='bbox 944 1549 1178 1582; x_wconf 88' lang='lat' dir='ltr'>recubantem</span> <span class='ocrx_word' id='word_1_316' title='bbox 1199 1552 1316 1582; x_wconf 88' lang='lat' dir='ltr'>virore</span> <span class='ocrx_word' id='word_1_317' title='bbox 1339 1559 1404 1584; x_wconf 86' lang='lat' dir='ltr'>suo</span> <span class='ocrx_word' id='word_1_318' title='bbox 1431 1551 1500 1584; x_wconf 86' lang='lat' dir='ltr'>oh-</span> 
     </span>
     <span class='ocr_line' id='line_1_56' title="bbox 803 1597 1501 1640; baseline 0.004 -11"><span class='ocrx_word' id='word_1_319' title='bbox 803 1597 910 1629; x_wconf 88' lang='lat' dir='ltr'>lectat</span> <span class='ocrx_word' id='word_1_320' title='bbox 933 1599 968 1630; x_wconf 90' lang='lat' dir='ltr'>et</span> <span class='ocrx_word' id='word_1_321' title='bbox 989 1599 1138 1637; x_wconf 86' lang='lat' dir='ltr'>retinet;</span> <span class='ocrx_word' id='word_1_322' title='bbox 1152 1611 1169 1627; x_wconf 79' lang='lat'>1·</span> <span class='ocrx_word' id='word_1_323' title='bbox 1203 1600 1375 1640; x_wconf 82' lang='lat' dir='ltr'>optimam</span> <span class='ocrx_word' id='word_1_324' title='bbox 1395 1601 1501 1632; x_wconf 83' lang='lat' dir='ltr'>vocat</span> 
     </span>
     <span class='ocr_line' id='line_1_57' title="bbox 803 1647 1084 1688; baseline 0.004 -10"><span class='ocrx_word' id='word_1_325' title='bbox 803 1647 945 1679; x_wconf 85' lang='lat' dir='ltr'>Mohrus</span> <span class='ocrx_word' id='word_1_326' title='bbox 968 1655 1003 1688; x_wconf 91' lang='lat' dir='ltr'>p.</span> <span class='ocrx_word' id='word_1_327' title='bbox 1029 1647 1084 1679; x_wconf 88' lang='grc'>36.</span> 
     </span>
    </p>

    <p class='ocr_par' dir='ltr' id='par_1_12' title="bbox 800 1696 1500 2673">
     <span class='ocr_line' id='line_1_58' title="bbox 846 1696 1500 1740; baseline 0.005 -12"><span class='ocrx_word' id='word_1_328' title='bbox 846 1697 900 1728; x_wconf 78' lang='lat'>25.</span> <span class='ocrx_word' id='word_1_329' title='bbox 925 1696 979 1728; x_wconf 76' lang='lat'>26.</span> <span class='ocrx_word' id='word_1_330' title='bbox 1003 1697 1151 1740; x_wconf 73' lang='lat' dir='ltr'>interim]</span> <span class='ocrx_word' id='word_1_331' title='bbox 1175 1697 1283 1730; x_wconf 76' lang='lat' dir='ltr'>«dum</span> <span class='ocrx_word' id='word_1_332' title='bbox 1298 1699 1429 1731; x_wconf 89' lang='lat' dir='ltr'>stratus</span> <span class='ocrx_word' id='word_1_333' title='bbox 1445 1701 1500 1732; x_wconf 84' lang='lat' dir='ltr'>est</span> 
     </span>
     <span class='ocr_line' id='line_1_59' title="bbox 803 1745 1496 1789; baseline 0.004 -13"><span class='ocrx_word' id='word_1_334' title='bbox 803 1745 838 1777; x_wconf 90' lang='lat' dir='ltr'>in</span> <span class='ocrx_word' id='word_1_335' title='bbox 873 1746 1020 1778; x_wconf 74' lang='lat' dir='ltr'>herba.»</span> <span class='ocrx_word' id='word_1_336' title='bbox 1057 1765 1095 1770; x_wconf 95' lang='lat'><em>-</em></span> <span class='ocrx_word' id='word_1_337' title='bbox 1131 1747 1240 1779; x_wconf 77' lang='lat' dir='ltr'>altis—</span> <span class='ocrx_word' id='word_1_338' title='bbox 1254 1747 1352 1789; x_wconf 77' lang='lat' dir='ltr'>ripis]</span> <span class='ocrx_word' id='word_1_339' title='bbox 1386 1747 1496 1786; x_wconf 78' lang='lat' dir='ltr'>Altae,</span> 
     </span>
     <span class='ocr_line' id='line_1_60' title="bbox 804 1794 1500 1837; baseline 0.004 -11"><span class='ocrx_word' id='word_1_340' title='bbox 804 1794 986 1835; x_wconf 82' lang='lat' dir='ltr'>excelsae,</span> <span class='ocrx_word' id='word_1_341' title='bbox 1021 1796 1118 1837; x_wconf 88' lang='lat' dir='ltr'>ripae</span> <span class='ocrx_word' id='word_1_342' title='bbox 1152 1798 1299 1837; x_wconf 89' lang='lat' dir='ltr'>propter</span> <span class='ocrx_word' id='word_1_343' title='bbox 1327 1797 1436 1829; x_wconf 87' lang='lat' dir='ltr'>flores</span> <span class='ocrx_word' id='word_1_344' title='bbox 1464 1798 1500 1829; x_wconf 90' lang='lat' dir='ltr'>et</span> 
     </span>
     <span class='ocr_line' id='line_1_61' title="bbox 801 1843 1499 1885; baseline 0.004 -10"><span class='ocrx_word' id='word_1_345' title='bbox 801 1843 961 1884; x_wconf 85' lang='lat' dir='ltr'>virgulta,</span> <span class='ocrx_word' id='word_1_346' title='bbox 979 1844 1109 1885; x_wconf 82' lang='lat' dir='ltr'>quibus</span> <span class='ocrx_word' id='word_1_347' title='bbox 1123 1846 1271 1878; x_wconf 87' lang='lat' dir='ltr'>vestitae</span> <span class='ocrx_word' id='word_1_348' title='bbox 1283 1847 1376 1884; x_wconf 90' lang='lat' dir='ltr'>sunt,</span> <span class='ocrx_word' id='word_1_349' title='bbox 1391 1846 1499 1878; x_wconf 87' lang='lat' dir='ltr'>etiam</span> 
     </span>
     <span class='ocr_line' id='line_1_62' title="bbox 802 1895 1499 1935; baseline 0.004 -11"><span class='ocrx_word' id='word_1_350' title='bbox 802 1895 948 1935; x_wconf 88' lang='lat' dir='ltr'>propter</span> <span class='ocrx_word' id='word_1_351' title='bbox 987 1903 1096 1935; x_wconf 85' lang='lat' dir='ltr'>rupes</span> <span class='ocrx_word' id='word_1_352' title='bbox 1146 1896 1388 1935; x_wconf 87' lang='lat' dir='ltr'>prominentes</span> <span class='ocrx_word' id='word_1_353' title='bbox 1432 1904 1499 1927; x_wconf 91' lang='lat' dir='ltr'>ne-</span> 
     </span>
     <span class='ocr_line' id='line_1_63' title="bbox 803 1943 1498 1984; baseline 0.004 -10"><span class='ocrx_word' id='word_1_354' title='bbox 803 1943 877 1974; x_wconf 89' lang='lat' dir='ltr'>scio</span> <span class='ocrx_word' id='word_1_355' title='bbox 900 1943 985 1983; x_wconf 87' lang='lat' dir='ltr'>quid</span> <span class='ocrx_word' id='word_1_356' title='bbox 1007 1943 1140 1975; x_wconf 89' lang='lat' dir='ltr'>habent</span> <span class='ocrx_word' id='word_1_357' title='bbox 1162 1945 1249 1984; x_wconf 85' lang='lat' dir='ltr'>grati</span> <span class='ocrx_word' id='word_1_358' title='bbox 1273 1944 1318 1975; x_wconf 84' lang='lat' dir='ltr'>ad</span> <span class='ocrx_word' id='word_1_359' title='bbox 1351 1953 1498 1977; x_wconf 90' lang='lat' dir='ltr'>sensum</span> 
     </span>
     <span class='ocr_line' id='line_1_64' title="bbox 803 1992 1499 2031; baseline 0.004 -8"><span class='ocrx_word' id='word_1_360' title='bbox 803 1993 1046 2031; x_wconf 85' lang='lat' dir='ltr'>amoenitatis;</span> <span class='ocrx_word' id='word_1_361' title='bbox 1086 1992 1170 2025; x_wconf 88' lang='lat' dir='ltr'>nihil</span> <span class='ocrx_word' id='word_1_362' title='bbox 1206 1995 1328 2025; x_wconf 86' lang='lat' dir='ltr'>contra</span> <span class='ocrx_word' id='word_1_363' title='bbox 1365 1994 1499 2026; x_wconf 87' lang='lat' dir='ltr'>tristius</span> 
     </span>
     <span class='ocr_line' id='line_1_65' title="bbox 803 2042 1500 2084; baseline 0.004 -12"><span class='ocrx_word' id='word_1_364' title='bbox 803 2043 949 2082; x_wconf 89' lang='lat' dir='ltr'>aspectu</span> <span class='ocrx_word' id='word_1_365' title='bbox 964 2042 1049 2083; x_wconf 86' lang='lat' dir='ltr'>ripis</span> <span class='ocrx_word' id='word_1_366' title='bbox 1064 2042 1251 2074; x_wconf 86' lang='lat' dir='ltr'>fluminum</span> <span class='ocrx_word' id='word_1_367' title='bbox 1266 2042 1500 2084; x_wconf 83' lang='lat' dir='ltr'>marginibus-</span> 
     </span>
     <span class='ocr_line' id='line_1_66' title="bbox 803 2090 1498 2132; baseline 0.004 -11"><span class='ocrx_word' id='word_1_368' title='bbox 803 2099 873 2131; x_wconf 89' lang='lat' dir='ltr'>que</span> <span class='ocrx_word' id='word_1_369' title='bbox 895 2090 1054 2122; x_wconf 88' lang='lat' dir='ltr'>rivorum</span> <span class='ocrx_word' id='word_1_370' title='bbox 1077 2090 1277 2132; x_wconf 87' lang='lat' dir='ltr'>depressis,</span> <span class='ocrx_word' id='word_1_371' title='bbox 1302 2090 1435 2124; x_wconf 89' lang='lat' dir='ltr'>ulvosis</span> <span class='ocrx_word' id='word_1_372' title='bbox 1455 2100 1498 2124; x_wconf 86' lang='lat' dir='ltr'>ac</span> 
     </span>
     <span class='ocr_line' id='line_1_67' title="bbox 801 2138 1499 2182; baseline 0.003 -11"><span class='ocrx_word' id='word_1_373' title='bbox 801 2138 990 2180; x_wconf 88' lang='lat' dir='ltr'>paludosis.</span> <span class='ocrx_word' id='word_1_374' title='bbox 1038 2140 1081 2172; x_wconf 88' lang='lat' dir='ltr'>Et</span> <span class='ocrx_word' id='word_1_375' title='bbox 1095 2148 1204 2180; x_wconf 88' lang='lat' dir='ltr'>quam</span> <span class='ocrx_word' id='word_1_376' title='bbox 1220 2142 1379 2172; x_wconf 82' lang='lat' dir='ltr'>contorta</span> <span class='ocrx_word' id='word_1_377' title='bbox 1394 2150 1499 2182; x_wconf 87' lang='lat' dir='ltr'>prae-</span> 
     </span>
     <span class='ocr_line' id='line_1_68' title="bbox 803 2188 1498 2231; baseline 0.003 -11"><span class='ocrx_word' id='word_1_378' title='bbox 803 2191 901 2220; x_wconf 86' lang='lat' dir='ltr'>terea</span> <span class='ocrx_word' id='word_1_379' title='bbox 935 2190 991 2220; x_wconf 89' lang='lat' dir='ltr'>est</span> <span class='ocrx_word' id='word_1_380' title='bbox 1020 2188 1130 2221; x_wconf 84' lang='lat' dir='ltr'>altera</span> <span class='ocrx_word' id='word_1_381' title='bbox 1160 2188 1264 2222; x_wconf 88' lang='lat' dir='ltr'>lectio</span> <span class='ocrx_word' id='word_1_382' title='bbox 1294 2189 1371 2221; x_wconf 77' lang='lat' dir='ltr'>altis</span> <span class='ocrx_word' id='word_1_383' title='bbox 1394 2190 1498 2231; x_wconf 89' lang='lat' dir='ltr'>(pro-</span> 
     </span>
     <span class='ocr_line' id='line_1_69' title="bbox 802 2237 1495 2278; baseline 0.001 -9"><span class='ocrx_word' id='word_1_384' title='bbox 802 2237 938 2277; x_wconf 87' lang='lat' dir='ltr'>fundis)</span> <span class='ocrx_word' id='word_1_385' title='bbox 976 2238 1059 2268; x_wconf 74' lang='lat' dir='ltr'>rivis</span> <span class='ocrx_word' id='word_1_386' title='bbox 1095 2237 1253 2270; x_wconf 79' lang='lat' dir='ltr'>labuntur</span> <span class='ocrx_word' id='word_1_387' title='bbox 1288 2239 1420 2278; x_wconf 81' lang='lat' dir='ltr'>aquae!</span> <span class='ocrx_word' id='word_1_388' title='bbox 1458 2256 1495 2262; x_wconf 92' lang='lat'>—</span> 
     </span>
     <span class='ocr_line' id='line_1_70' title="bbox 802 2286 1498 2328; baseline 0.001 -9"><span class='ocrx_word' id='word_1_389' title='bbox 802 2286 969 2328; x_wconf 81' lang='lat' dir='ltr'>Exempla</span> <span class='ocrx_word' id='word_1_390' title='bbox 992 2289 1111 2319; x_wconf 88' lang='lat' dir='ltr'>autem</span> <span class='ocrx_word' id='word_1_391' title='bbox 1144 2296 1164 2319; x_wconf 84' lang='lat' dir='ltr'>a</span> <span class='ocrx_word' id='word_1_392' title='bbox 1196 2289 1263 2320; x_wconf 87' lang='lat' dir='ltr'>Fea</span> <span class='ocrx_word' id='word_1_393' title='bbox 1297 2287 1398 2320; x_wconf 83' lang='lat' dir='ltr'>allata</span> <span class='ocrx_word' id='word_1_394' title='bbox 1427 2297 1498 2320; x_wconf 90' lang='lat' dir='ltr'>non</span> 
     </span>
     <span class='ocr_line' id='line_1_71' title="bbox 800 2335 1495 2378; baseline 0.001 -11"><span class='ocrx_word' id='word_1_395' title='bbox 800 2335 969 2377; x_wconf 84' lang='lat' dir='ltr'>probant,</span> <span class='ocrx_word' id='word_1_396' title='bbox 1006 2336 1103 2377; x_wconf 91' lang='lat' dir='ltr'>quod</span> <span class='ocrx_word' id='word_1_397' title='bbox 1124 2335 1181 2369; x_wconf 89' lang='lat' dir='ltr'>ille</span> <span class='ocrx_word' id='word_1_398' title='bbox 1203 2337 1393 2378; x_wconf 83' lang='lat' dir='ltr'>probatum</span> <span class='ocrx_word' id='word_1_399' title='bbox 1416 2337 1495 2376; x_wconf 88' lang='lat' dir='ltr'>ivit,</span> 
     </span>
     <span class='ocr_line' id='line_1_72' title="bbox 801 2385 1498 2426; baseline 0.003 -10"><span class='ocrx_word' id='word_1_400' title='bbox 801 2385 886 2416; x_wconf 72' lang='lat' dir='ltr'>altos</span> <span class='ocrx_word' id='word_1_401' title='bbox 911 2386 1001 2416; x_wconf 79' lang='lat' dir='ltr'>rivos</span> <span class='ocrx_word' id='word_1_402' title='bbox 1021 2393 1086 2426; x_wconf 88' lang='lat' dir='ltr'>pro</span> <span class='ocrx_word' id='word_1_403' title='bbox 1108 2386 1190 2417; x_wconf 70' lang='grc' dir='ltr'>ηὐἱε</span> <span class='ocrx_word' id='word_1_404' title='bbox 1211 2386 1254 2417; x_wconf 84' lang='lat' dir='ltr'>ab</span> <span class='ocrx_word' id='word_1_405' title='bbox 1276 2387 1355 2418; x_wconf 74' lang='lat' dir='ltr'>altis</span> <span class='ocrx_word' id='word_1_406' title='bbox 1373 2387 1498 2418; x_wconf 71' lang='lat' dir='ltr'>morui-</span> 
     </span>
     <span class='ocr_line' id='line_1_73' title="bbox 801 2433 1493 2476; baseline 0.003 -11"><span class='ocrx_word' id='word_1_407' title='bbox 801 2433 861 2465; x_wconf 81' lang='lat' dir='ltr'>bus</span> <span class='ocrx_word' id='word_1_408' title='bbox 889 2433 1102 2475; x_wconf 64' lang='lat' dir='ltr'>‹1371qu</span> <span class='ocrx_word' id='word_1_409' title='bbox 1128 2434 1196 2466; x_wconf 89' lang='lat' dir='ltr'>dici</span> <span class='ocrx_word' id='word_1_410' title='bbox 1229 2443 1348 2476; x_wconf 84' lang='lat' dir='ltr'>posse.</span> <span class='ocrx_word' id='word_1_411' title='bbox 1383 2435 1493 2468; x_wconf 87' lang='lat' dir='ltr'>Codd.</span> 
     </span>
     <span class='ocr_line' id='line_1_74' title="bbox 801 2483 1494 2517; baseline 0.001 -2"><span class='ocrx_word' id='word_1_412' title='bbox 801 2483 887 2515; x_wconf 87' lang='lat' dir='ltr'>item</span> <span class='ocrx_word' id='word_1_413' title='bbox 910 2483 1098 2515; x_wconf 86' lang='lat' dir='ltr'>auctoritas</span> <span class='ocrx_word' id='word_1_414' title='bbox 1121 2485 1262 2516; x_wconf 89' lang='lat' dir='ltr'>nostrae</span> <span class='ocrx_word' id='word_1_415' title='bbox 1285 2483 1366 2516; x_wconf 87' lang='lat' dir='ltr'>lect.</span> <span class='ocrx_word' id='word_1_416' title='bbox 1389 2484 1494 2517; x_wconf 77' lang='lat' dir='ltr'>favet.</span> 
     </span>
     <span class='ocr_line' id='line_1_75' title="bbox 804 2530 1495 2578; baseline 0.004 -15"><span class='ocrx_word' id='word_1_417' title='bbox 804 2550 840 2555; x_wconf 91' lang='lat'>—-</span> <span class='ocrx_word' id='word_1_418' title='bbox 867 2531 1075 2573; x_wconf 73' lang='lat' dir='ltr'>Queruntur}</span> <span class='ocrx_word' id='word_1_419' title='bbox 1105 2533 1161 2564; x_wconf 87' lang='lat' dir='ltr'>Sic</span> <span class='ocrx_word' id='word_1_420' title='bbox 1188 2530 1400 2578; x_wconf 76' lang='grc' dir='ltr'>μύρεσθαι,</span> <span class='ocrx_word' id='word_1_421' title='bbox 1429 2545 1495 2575; x_wconf 82' lang='grc' dir='ltr'>μι-</span> 
     </span>
     <span class='ocr_line' id='line_1_76' title="bbox 800 2581 1496 2626; baseline 0.001 -13"><span class='ocrx_word' id='word_1_422' title='bbox 800 2581 959 2626; x_wconf 74' lang='grc' dir='ltr'>νυρίζειν</span> <span class='ocrx_word' id='word_1_423' title='bbox 973 2605 982 2620; x_wconf 92' lang='grc'>,</span> <span class='ocrx_word' id='word_1_424' title='bbox 1032 2581 1077 2614; x_wconf 92' lang='lat' dir='ltr'>de</span> <span class='ocrx_word' id='word_1_425' title='bbox 1115 2581 1257 2614; x_wconf 86' lang='lat' dir='ltr'>avibus:</span> <span class='ocrx_word' id='word_1_426' title='bbox 1324 2583 1398 2614; x_wconf 78' lang='lat' dir='ltr'>«ita</span> <span class='ocrx_word' id='word_1_427' title='bbox 1434 2591 1496 2614; x_wconf 88' lang='lat' dir='ltr'>ca-</span> 
     </span>
     <span class='ocr_line' id='line_1_77' title="bbox 801 2630 1495 2673; baseline 0.004 -11"><span class='ocrx_word' id='word_1_428' title='bbox 801 2632 899 2668; x_wconf 85' lang='lat' dir='ltr'>nunt,</span> <span class='ocrx_word' id='word_1_429' title='bbox 924 2633 961 2662; x_wconf 91' lang='lat' dir='ltr'>ut</span> <span class='ocrx_word' id='word_1_430' title='bbox 985 2631 1084 2672; x_wconf 90' lang='lat' dir='ltr'>queri</span> <span class='ocrx_word' id='word_1_431' title='bbox 1099 2630 1294 2671; x_wconf 85' lang='lat' dir='ltr'>videantur,</span> <span class='ocrx_word' id='word_1_432' title='bbox 1321 2632 1495 2673; x_wconf 87' lang='lat' dir='ltr'>imprimis</span> 
     </span>
    </p>
   </div>
  </div>
 </body>
</html>
