1722 2904
213 108 294 150 378

724 113 895 146 HORATII
921 115 1145 149 CARMINUM

498 217 735 285 Portasque
769 231 854 260 non
884 217 1054 287 clausas
1085 227 1127 262 et
1156 233 1259 264 arva
1325 264 1330 266 ,

552 299 683 341 Marte
714 297 796 341 coli
829 299 1030 356 populata
1062 307 1223 344 nostro.

434 417 548 458 Auro
579 430 791 473 repensus
821 417 984 461 scilicet
1023 419 1164 462 acrior

434 496 553 540 Miles
583 497 751 541 redibit.
782 523 839 530 —
868 498 1045 556 Flagitio
1075 499 1233 543 additis

1605 424 1659 465 25

490 579 727 621 Damnum:
760 593 904 637 neque
933 581 1118 623 amissos
1150 581 1320 626 colores

547 661 662 703 Lana
691 660 822 704 refert
850 661 1060 726 medicata
1094 662 1211 714 fuco,

431 779 519 820 Nec
551 792 653 821 vera
683 779 839 829 virtus,
872 794 971 823 cum
1000 780 1135 824 semel
1172 781 1350 831 excidit,

1602 867 1659 908 30
1695 908 1700 909 γ

433 859 562 902 Curat
590 860 741 924 reponi
774 860 1075 905 deterioribus.

495 925 529 936 χ

293 1010 345 1042 23.
371 1011 480 1042 clusas
502 1011 546 1049 S
573 1010 658 1043 Cod.
685 1010 806 1043 Bland
836 1029 871 1034 ——
911 1012 965 1044 25.
994 1020 1151 1053 repensus
1181 1021 1359 1055 superscr.
1386 1014 1463 1047 «vel
1484 1016 1615 1048 redem-

243 1063 341 1100 ptus»

203 1203 268 1235 Od.
288 1203 327 1243 4,
347 1204 406 1243 45,
426 1204 457 1235 7.
479 1222 515 1226 -
543 1204 688 1246 Retorta]
714 1205 801 1246 Epp.
819 1205 852 1242 2,
872 1205 903 1244 4,

205 1253 285 1285 494;
323 1254 408 1286 Mooe
437 1253 586 1285 trahitur
607 1254 761 1286 manibus
788 1262 906 1296 regum

203 1303 344 1343 fortwna
365 1303 509 1335 retortis.
537 1303 635 1336 Ovid.
654 1304 731 1336 Am.
752 1305 783 1344 4,
801 1305 834 1344 2,
849 1304 903 1336 34.

204 1353 238 1384 in
275 1354 415 1386 Amoris
450 1354 645 1395 triumpho:
695 1355 789 1386 Mens
819 1355 907 1387 bona

204 1404 344 1435 ducetur
365 1403 521 1435 man-ibus
538 1406 615 1443 post
634 1406 731 1444 tet-qa
758 1406 903 1437 retortis.

245 1452 299 1485 23.
321 1452 376 1485 24.
401 1452 593 1494 Portasque]
610 1453 844 1494 Karthaginis.
865 1472 902 1477 —

201 1503 440 1544 non'clausas]
478 1502 513 1534 id
541 1503 637 1543 quod
664 1504 817 1536 maxime
844 1512 904 1536 se-

201 1553 361 1584 curitatis
385 1553 524 1593 signum
549 1554 638 1585 erat1
689 1555 728 1585 A.
754 1555 790 1586 P.
815 1555 901 1586 ⁴99:

203 1602 329 1642 apertis
343 1603 413 1634 otia
424 1604 544 1643 portis.
562 1621 598 1626 —
613 1605 724 1636 Marte
735 1603 817 1645 cet.]
837 1603 902 1636 «ab

202 1652 361 1684 exercitu
383 1653 505 1684 nostro
527 1652 711 1685 devastata
733 1652 800 1685 coli
823 1662 904 1685 rur-

201 1708 262 1732 sus
286 1709 306 1732 a
331 1702 493 1733 Poenis.»
519 1701 618 1734 Falsa
635 1703 730 1734 enim
747 1704 804 1734 est
818 1703 905 1734 Vos-

201 1750 243 1782 sii
268 1749 400 1792 duplex
428 1751 613 1783 iunctura:
657 1761 760 1784 «arva
792 1753 902 1785 Marte

201 1802 324 1832 nostro
339 1799 507 1841 populata
524 1800 590 1833 coli
607 1803 717 1834 Marte
735 1803 856 1834 nostro
871 1811 901 1841 ;»

200 1848 266 1889 (ich
289 1850 351 1881 sah
373 1867 392 1872 —
415 1867 434 1873 —
462 1851 540 1882 Feld
561 1860 626 1883 von
647 1860 783 1883 unser-m
804 1852 904 1883 Krie-

202 1908 263 1940 yer
284 1899 422 1940 qebaut,
459 1900 520 1931 das
544 1909 581 1932 er
599 1902 719 1942 junyst
742 1901 903 1943 ver-odet.)

200 1949 328 1990 captivi
360 1950 455 1982 enim
487 1951 558 1982 iam
580 1952 678 1983 Mars
698 1954 810 1982 noster
836 1959 903 1983 vo-

202 1999 274 2030 cari
308 1998 403 2031 nullo
434 2001 538 2041 paeto
570 2002 758 2041 poterant;
798 2002 834 2032 et
857 2009 901 2032 ne

199 2049 364 2081 Lucanus
399 2049 546 2090 quidem
578 2049 634 2082 vel
669 2051 799 2082 Statius
832 2050 902 2083 hoc

198 2097 265 2130 sibi
289 2098 504 2131 indulsisset.
533 2099 599 2140 (Sic
617 2100 785 2140 populare
805 2099 898 2140 Virg.

198 2148 259 2179 Ge.
279 2148 316 2188 4,
344 2148 419 2180 485.
459 2150 547 2181 Aen.
575 2149 610 2188 4,
637 2149 726 2190 527.)

240 2198 295 2229 27.
331 2197 385 2229 28.
422 2198 612 2240 Damnum]
649 2198 786 2231 Rhesus
811 2198 898 2230 ⁴02:

198 2243 369 2292 Αἰσχρὸν
403 2245 476 2293 γὰρ
505 2244 600 2291 ἡμῖν
633 2248 699 2280 καὶ
722 2244 817 2294 πρὸς
840 2247 901 2279 αἰ-

198 2294 323 2342 σχύνῃ
339 2295 473 2329 κακόν.
513 2299 589 2330 Non
614 2298 659 2330 de
681 2298 813 2330 iactura
835 2306 901 2339 pe—

197 2347 340 2385 cuniae,
378 2355 487 2387 quam
511 2347 756 2389 consumpturi
780 2348 901 2380 essent

199 2396 231 2426 in
249 2397 480 2436 rependendis,
506 2397 541 2429 id
564 2399 637 2436 est,
667 2396 897 2435 redimendis,

198 2446 344 2486 captivis
361 2445 533 2488 loquitur,
560 2446 643 2479 sed:
673 2446 796 2487 «longe
822 2455 900 2478 ma-

198 2495 270 2533 ius,
297 2495 426 2536 inquit,
453 2495 625 2528 damnum
648 2497 775 2537 partim
798 2496 901 2528 inerit

197 2545 229 2575 in
259 2545 352 2586 turpi
374 2544 538 2587 exemplo
562 2545 606 2577 ad
627 2547 791 2587 posteros
814 2554 899 2587 pro-

197 2593 285 2632 dito,
312 2595 441 2635 partim
467 2596 500 2627 in
526 2603 581 2634 en,
601 2595 698 2636 quod
723 2595 899 2637 redempti

198 2643 251 2675 isti
269 2643 413 2685 reliquis
429 2643 598 2676 militibus
622 2645 802 2686 permixti,
828 2645 898 2676 iam

197 2694 395 2733 ignaviores
413 2702 520 2735 quam
537 2697 658 2733 antea,
687 2694 829 2727 foedam
846 2694 897 2726 su-

368 1060 401 1092 d.
432 1078 467 1083 -
494 1060 548 1092 27.
575 1069 634 1093 nec
657 1061 693 1092 T
722 1061 851 1101 (Ceteri
875 1050 945 1094 mei
967 1071 1083 1102 neque.
1087 1062 1100 1104 )
1127 1081 1163 1085 —
1188 1062 1243 1095 29.
1268 1064 1428 1096 occidit'l'
1444 1063 1553 1098 solus.

955 1213 1037 1246 gam
1061 1205 1244 1246 capientes
1266 1205 1323 1238 vel
1346 1207 1478 1240 iterum
1500 1216 1581 1241 sese
1597 1208 1659 1241 de-

955 1254 1083 1286 dentes
1106 1254 1244 1288 cladem
1268 1255 1419 1288 afferent
1439 1256 1572 1299 populo
1592 1258 1659 1290 Ro-

955 1312 1097 1336 mano.»
1124 1322 1162 1328 -
1191 1314 1298 1346 neque
1316 1306 1471 1348 antissos]
1501 1308 1563 1341 «Ut
1582 1307 1658 1349 pri-

955 1363 1055 1388 mum
1077 1354 1235 1388 colorem
1255 1355 1452 1389 naturalem
1473 1365 1657 1398 nunquam

954 1405 1081 1446 recipit
1113 1404 1193 1437 lana
1225 1404 1338 1438 semel
1368 1404 1436 1438 alio
1459 1405 1579 1439 colore
1601 1407 1657 1439 in-

955 1454 1063 1494 fecta,
1099 1455 1147 1486 ita
1170 1455 1263 1487 cet.»
1310 1454 1450 1494 Quintil.
1479 1456 1516 1495 4,
1546 1456 1586 1496 4,
1610 1457 1654 1488 5:

953 1505 1020 1536 Nec
1036 1505 1196 1536 lanarum
1209 1504 1350 1544 colores,
1376 1504 1495 1545 quibus
1511 1505 1655 1545 simple-1:

952 1554 1007 1586 ille
1021 1554 1149 1585 candor
1161 1557 1310 1586 mutatus
1332 1557 1394 1594 est,
1419 1554 1487 1586 elui
1499 1556 1652 1595 possunt.

956 1621 992 1626 —
1017 1603 1194 1644 medicata]
1218 1603 1264 1635 de
1281 1602 1459 1636 coloribus
1473 1629 1482 1644 ,
1506 1605 1546 1636 ut
1560 1613 1658 1649 φαρ-

951 1649 1136 1695 μάσσειν,
1155 1651 1348 1685 «imbutas
1372 1652 1498 1685 Cicero
1513 1653 1549 1685 in
1565 1653 1656 1685 Hor-

953 1702 1068 1734 tensio
1103 1702 1158 1734 Fr.
1194 1702 1226 1734 8.
1250 1710 1286 1743 p.
1313 1701 1388 1734 479.
1425 1710 1528 1734 meae
1563 1701 1652 1734 Ed.:

956 1752 995 1783 Ut
1016 1752 1064 1791 ii,
1083 1752 1140 1792 qui
1163 1751 1302 1784 combibi
1318 1759 1514 1792 purpuram
1526 1751 1654 1791 volunt,

951 1801 1120 1843 sufficiunt
1142 1802 1244 1842 prius
1273 1801 1389 1833 lanam
1409 1801 1656 1833 medicamentis

953 1851 1150 1892 quibusdam
1182 1852 1251 1883 cet.
1306 1850 1406 1883 ovid.
1437 1851 1537 1883 Rem.
1570 1851 1649 1883 Am.

953 1901 1040 1932 707:
1089 1900 1274 1940 Amyclaeis
1315 1900 1519 1932 medicatum
1551 1900 1656 1932 vellus

951 1950 1074 1982 ahenis.
1111 1949 1230 1990 Virgil.
1255 1950 1317 1996 (je.
1338 1950 1375 1988 4,
1402 1949 1486 1981 493;
1518 1949 1654 1982 Somim

949 2000 1018 2031 vidi
1041 1999 1190 2039 equidem
1210 1999 1332 2031 multos
1351 1999 1520 2031 medicare
1539 2007 1654 2031 seren-

951 2053 1013 2089 tes,
1050 2050 1095 2081 Et
1126 2049 1215 2080 nitro
1243 2049 1342 2089 prius
1374 2051 1406 2081 et
1437 2048 1541 2090 niyra
1568 2057 1653 2088 per-

949 2099 1088 2139 fimdere
1110 2107 1266 2139 aonurqa.
1304 2114 1341 2121 —
1369 2097 1464 2140 fuco]
1496 2096 1582 2130 Plin.
1608 2098 1650 2130 H.

951 2150 991 2181 N.
1017 2148 1072 2187 26,
1098 2148 1150 2180 40.
1182 2148 1296 2180 Fucus
1322 2148 1503 2186 marinus,
1539 2146 1653 2179 lactu-
1688 2159 1689 2163 ¹

952 2207 1015 2231 cae
1047 2196 1187 2237 similis,
1219 2196 1414 2238 conchyliis
1443 2195 1654 2229 substerne·
1683 2195 1686 2243 j

950 2247 1073 2286 batur,
1110 2247 1145 2278 id
1177 2247 1251 2286 est,
1287 2245 1368 2278 lana
1398 2245 1533 2278 herbae
1561 2243 1652 2277 illius
1682 2245 1687 2283 s

950 2305 1037 2330 suco
1061 2297 1159 2337 prius
1188 2295 1436 2335 imbuebatur,
1461 2302 1534 2336 quo
1564 2293 1652 2326 saci-

949 2345 1016 2378 lius
1047 2353 1228 2387 purpurae
1258 2344 1417 2378 colorem
1445 2342 1648 2376 imbiberet.

950 2397 1038 2428 Tum
1070 2396 1263 2437 usurpatur
1291 2402 1357 2436 pro
1389 2393 1515 2435 quovis
1549 2399 1648 2431 suco,

950 2446 1010 2486 qui
1052 2444 1220 2486 tingendo
1258 2443 1424 2482 inservit,
1463 2443 1497 2475 in
1526 2441 1652 2484 primis

950 2504 1014 2537 pro
1048 2503 1218 2536 purpura.
1273 2494 1323 2526 lta
1355 2492 1506 2533 conchyli
1537 2492 1652 2533 fiscan»

950 2545 1037 2578 dixit
1059 2543 1215 2577 Catullus
1239 2542 1299 2583 64,
1324 2543 1379 2576 49.
1680 2553 1683 2556 ⁴

993 2595 1046 2627 29.
1072 2594 1124 2626 30.
1159 2594 1227 2626 Nec
1250 2593 1343 2635 vera]
1374 2592 1528 2630 «Virtus,
1557 2597 1650 2632 quae

950 2643 1096 2685 quidem
1126 2651 1212 2675 vere
1243 2643 1313 2675 hoe
1346 2649 1477 2674 nomen
1507 2647 1651 2673 merea·
1721 2663 1722 2666 η

950 2695 1006 2726 tur
1022 2719 1029 2732 ,
1056 2701 1126 2725 non
1143 2693 1261 2734 potest
1278 2691 1412 2732 reponi,
1429 2689 1566 2723 restitui
1583 2689 1647 2727 eis,
