1722 2904
233 89 315 130 :384

518 193 748 251 Aedesque
779 194 971 238 labentes
1003 193 1184 237 deorum
1215 200 1258 237 et

574 274 721 338 Foeda
751 275 872 331 nigro
903 274 1132 318 simulacra
1162 274 1290 337 surgo.

462 376 537 418 Dis
567 382 607 419 te
642 375 853 418 minorem
882 374 1000 432 quod
1031 374 1166 432 geris,
1202 375 1409 432 imperas:
1660 376 1686 416 5

463 456 570 499 Hinc
600 470 727 498 omne
758 455 1034 512 principium,
1069 454 1153 498 huc
1184 455 1296 499 refer
1326 456 1498 499 exitum.

518 537 569 579 Di
601 536 733 579 multa
763 526 945 594 neglecti
977 536 1191 579 dederunt
1230 571 1233 572 γ

579 617 817 674 Hesperiae
848 617 959 659 mala
988 616 1226 684 luctae—sae.

325 727 357 759 3.
383 726 542 766 Aedisque
565 726 602 758 Β.
633 743 668 748 -
695 725 726 758 4.
751 726 843 766 fwno
867 725 1051 757 simulacra
1074 726 1172 767 niqro
1195 735 1247 768 pr.
1274 709 1376 759 T.’-
1409 727 1441 760 6.
1467 727 1528 759 Hic
1551 736 1646 760 omne

282 778 307 809 B
321 802 328 816 ‚
353 777 425 809 Huc
447 784 543 808 omne
566 775 653 808 Cod.
682 775 719 816 (‘?)
745 775 930 807 Torrentii.

238 871 347 903 Dewm
368 849 473 904 k{tedes
503 872 665 902 vetustate
696 872 755 901 aut
781 870 859 910 iqne
881 869 942 900 ab·
987 870 1160 910 principia
1182 871 1296 902 exorsi
1317 870 1360 902 ab
1382 871 1434 903 dis
1449 874 1527 903 smtt
1548 874 1579 904 et
1589 872 1670 914 fin·

239 920 337 952 olitas
367 923 565 960 coeptasque
597 919 639 951 ab
669 919 816 960 Anqusto
849 919 943 951 dedi-

240 970 343 1002 cavit.

283 1038 316 1071 4.
351 1038 454 1079 fumo]
486 1037 617 1079 partim
647 1038 731 1078 post
755 1037 940 1076 incendia,

241 1096 394 1128 quorum
438 1087 681 1119 meminerunt
723 1087 862 1119 Tacitus
906 1087 943 1118 et

240 1137 428 1169 Suetonius
462 1135 483 1168 l.
509 1135 551 1176 l.,
587 1136 717 1178 partim
753 1137 859 1168 etiam
888 1136 943 1168 in-

241 1187 338 1220 curia
368 1186 466 1219 fumo
498 1186 686 1228 deturpata
715 1187 821 1227 atque
850 1185 943 1217 offu-

241 1238 351 1270 scata.
391 1235 560 1269 Solebant
582 1237 703 1268 autem
726 1236 826 1268 statis
849 1236 944 1267 tem-

241 1285 389 1328 poribus
404 1284 594 1318 simulacra
611 1285 764 1317 deorum
780 1284 942 1317 sollemni

242 1336 310 1368 ritu
334 1334 454 1367 lavari.

286 1405 318 1436 5.
354 1402 528 1444 minorem]

242 1463 302 1487 res
324 1453 508 1486 veneraris
540 1451 629 1485 deos
653 1460 851 1492 eorumque
876 1459 945 1492 po-

242 1504 389 1536 tentiam
412 1502 505 1535 ultro
529 1502 728 1543 agnoscis.»
771 1500 941 1533 Simonid.

243 1563 278 1596 p.
314 1554 366 1586 ⁴3.
400 1552 643 1586 Schneidew.:
684 1545 839 1583 ἅπαντα
871 1547 945 1597 γάρ

243 1604 326 1636 ἐστι
347 1601 448 1635 θεῶν
471 1597 596 1644 ἥσσω.
634 1602 706 1634 Cic.
733 1601 778 1634 de
803 1602 878 1634 Nat.
901 1602 942 1633 D.

244 1654 281 1693 3,
306 1654 346 1686 2:
372 1653 494 1685 nostra
510 1653 644 1692 civitas,
671 1660 759 1691 quae
772 1659 947 1690 nunquam

239 1703 388 1745 profecto
410 1703 481 1734 sine
505 1711 637 1734 sunvma
653 1701 846 1741 placatione
868 1701 947 1732 deo-

243 1762 321 1785 rwm
331 1752 573 1784 immortalium
589 1754 686 1783 tanta
697 1759 763 1783 esse
773 1750 943 1791 potuisset.

244 1802 453 1836 Pseudocie.
495 1801 540 1833 de
579 1802 728 1842 Harusp.
770 1809 865 1842 resp.
903 1800 943 1831 9:

243 1853 366 1885 Pietate
396 1861 437 1883 ac
467 1852 628 1893 religione
658 1854 758 1890 atque
787 1850 850 1882 how
876 1858 948 1882 una

244 1902 425 1942 sapientia,
455 1910 524 1941 qua
546 1901 683 1933 deorum
705 1899 947 1932 immortalium

245 1952 380 1984 nwmine
394 1951 509 1983 omnia
523 1951 596 1992 regi
611 1950 858 1992 qubernamque
868 1958 948 1989 per-

245 2002 426 2042 speximus,
451 2009 563 2033 omnes
577 2003 688 2042 gentes
702 1999 944 2040 superamimus

247 2051 470 2085 Contrarium
512 2050 632 2091 Eurip.
679 2048 816 2081 Heracl.
860 2049 946 2081 258:

245 2098 388 2142 Σκαιὸς
416 2101 592 2141 πέφυκας
619 2097 688 2132 τοῦ
713 2096 807 2131 θεοῦ
832 2096 947 2130 πλείω

246 2148 415 2198 φρονῶν.

565 1402 682 1444 «quod
712 1404 752 1434 ut
780 1402 944 1444 superio-

291 2220 323 2252 6.
341 2219 426 2251 Hinc
438 2217 552 2259 cet.]«
535 2217 639 2249 «Hinc
651 2217 716 2256 est,
732 2216 843 2248 oritur
855 2225 949 2248 omne

244 2269 482 2310 pmncipiam»,
508 2275 595 2299 casu
611 2266 838 2299 nominativo.
884 2265 948 2298 Alii

248 2319 364 2352 minus
402 2315 636 2359 probabiliter
680 2314 736 2347 vel
782 2315 950 2357 supplent

250 2368 366 2400 «uerat
390 2366 447 2399 vel
470 2375 515 2399 ex
536 2375 572 2398 v.
595 2366 687 2407 refer
709 2365 852 2398 eliciunt
873 2366 949 2398 hinc

248 2419 329 2459 pete
342 2417 660 2458 omnem-incipiam.
681 2416 862 2448 Sententia
875 2417 946 2448 est:

250 2468 428 2500 «Deorum
465 2467 632 2508 auspiciis
676 2467 783 2507 atque
822 2465 949 2498 auxilio

250 2525 356 2548 omne
379 2517 562 2557 inceptum
581 2515 844 2557 peragendum;
869 2514 950 2547 felix

250 2566 364 2599 exitus
387 2567 486 2607 grato
509 2565 627 2597 animo
651 2565 778 2597 iisdem
795 2564 951 2597 tribuen-

251 2614 318 2647 dus
356 2615 445 2647 est.»
497 2614 569 2646 Liv.
606 2613 665 2653 45,
706 2614 767 2646 39:
807 2614 951 2646 maiores

249 2665 349 2695 vestri
387 2664 499 2695 omnia
535 2672 740 2704 magnarum
772 2671 887 2695 rerum
921 2666 951 2694 et

748 91 917 123 HORATll
943 91 1167 124 CARMINUM

990 922 1190 952 statuerant.
1238 919 1456 962 (Mucipium
1483 921 1604 953 autem
1626 929 1673 963 pe

992 967 1287 1013 συνεκφώνησιν
1303 969 1542 1012 trisyllabum,
1567 972 1606 1003 ut
1625 970 1678 1004 Od

992 1019 1031 1059 3,
1056 1019 1096 1060 4,
1121 1018 1184 1052 4⁴:
1209 1019 1407 1061 consilium.)
1686 1049 1691 1053 .

1036 1069 1068 1102 8.
1092 1070 1480 1113 Hesperiae-luctuosae]
1503 1069 1642 1104 «Italiae
1659 1070 1667 1078 ‘

991 1118 1128 1153 luctum
1143 1119 1278 1152 effusae
1292 1122 1440 1162 propter
1455 1119 1592 1161 clades,
1625 1133 1632 1149 υ
1652 1120 1677 1148 ι’

992 1169 1062 1202 bus
1077 1178 1144 1211 per
1159 1170 1212 1202 tot
1233 1178 1345 1202 annos
1368 1169 1486 1202 afflicta
1509 1171 1597 1203 est.»
1688 1195 1690 1197 ,

1036 1220 1068 1252 9.
1104 1218 1287 1261 Monaeses]
1320 1220 1415 1252 Haec
1444 1218 1550 1253 lectio
1571 1219 1596 1252 fi
1625 1233 1664 1250 ιι·

993 1270 1051 1300 tur
1073 1278 1092 1301 a
1117 1268 1205 1302 Cod.
1230 1268 1267 1302 b.
1293 1278 1313 1301 a
1342 1278 1398 1311 pr.
1424 1278 1473 1302 m.
1499 1271 1536 1303 et
1557 1279 1579 1302 a
1609 1271 1672 1303 Po

992 1319 1084 1351 tierii
1107 1319 1195 1352 Cod.
1220 1320 1304 1361 Reg.
1329 1319 1428 1352 8072.
1467 1320 1546 1353 sec.
1563 1320 1606 1353 X.
1625 1320 1675 1354 C-¹

994 1369 1061 1401 teri
1074 1369 1260 1410 Monaeses,
1278 1368 1376 1410 quod
1391 1370 1507 1402 metro
1517 1378 1626 1411 repu:
1642 1383 1647 1397 ι
1666 1384 1681 1399 ἰ

994 1419 1102 1460 atque
1134 1420 1253 1451 ortum
1282 1420 1339 1452 est
1368 1428 1411 1452 ex
1439 1419 1686 1453 accommod-

994 1469 1090 1501 tione
1128 1469 1274 1502 minime
1312 1470 1515 1502 necessaria
1552 1462 1607 1502 ad'
1646 1482 1650 1488 -
1670 1482 1673 1485 ¹

995 1569 1122 1610 poetae
1146 1567 1286 1601 dicere:
1322 1580 1339 1597 a
1620 1591 1623 1597 .

994 1617 1051 1650 ille
1075 1618 1287 1651 Parthorum
1310 1616 1399 1658 dux,
1435 1619 1472 1651 et
1496 1614 1616 1652 exemi
1641 1630 1668 1646 ι·-

996 1668 1053 1700 cui
1075 1667 1229 1709 praefuit
1242 1668 1482 1701 Pacorusn-‘P
1504 1669 1631 1701 Praete
1660 1683 1667 1697 ·-

995 1718 1157 1750 iunctura
1180 1718 1246 1750 ista
1258 1743 1266 1758 ,
1291 1726 1401 1760 quam
1414 1717 1572 1760 praefert
1586 1726 1650 1750 nu
1670 1729 1683 1748 .:

995 1776 1057 1800 rus
1081 1767 1228 1808 quidam
1257 1769 1450 1810 interpres,
1478 1768 1676 1801 manus-ur.

995 1817 1105 1849 naesis
1125 1820 1158 1849 et
1177 1818 1298 1850 Pacori
1316 1818 1426 1853 nimis
1448 1816 1587 1850 redolet
1601 1817 1683 1851 abi

997 1867 1192 1899 ctissimam
1222 1867 1400 1909 pedestris
1428 1867 1596 1900 orationis
1623 1863 1679 1900 fo>

997 1925 1105 1949 mam.
1134 1935 1170 1940 —
1195 1916 1254 1959 bis]
1279 1916 1391 1951 semel
1416 1917 1634 1959 imperatore
1681 1931 1683 1935 ·

998 1966 1146 2022 Crasso,
1182 1967 1244 2008 qui
1273 1965 1436 2009 plurimis
1453 1967 1632 2008 prodigiis
1670 1981 1680 2000 -,

996 2116 1178 2158 profectus
1223 2124 1307 2148 cum
1343 2125 1479 2149 mamre
1517 2117 1683 2159 exercitfl

998 2167 1098 2208 parte
1114 2166 1220 2208 periit
1233 2175 1265 2198 a.
1284 2175 1319 2198 u.
1337 2175 1368 2198 e.
1387 2166 1635 2206 70⁴.;.iterum
1659 2160 1661 2162 ’

997 2216 1165 2256 Antonio,
1192 2215 1292 2248 cuius
1307 2216 1464 2257 primum
1479 2214 1615 2256 legatus
1642 2221 1651 2244 1

999 2265 1111 2298 cidius
1142 2266 1229 2297 Saxa
1261 2274 1344 2298 cum
1366 2264 1564 2306 legionibus
1593 2266 1656 2298 int·

999 2317 1140 2357 emptus
1164 2316 1220 2348 est
1241 2324 1262 2347 a
1283 2315 1421 2348 Parthis
1449 2323 1482 2347 a.
1499 2323 1536 2347 u.
1554 2324 1586 2348 c.
1605 2313 1676 2351 7⁴4·

999 2365 1091 2398 duce
1125 2366 1279 2404 Pacoro,
1320 2364 1446 2399 Orodis
1479 2365 1573 2406 regis
1605 2362 1679 2398 fili·
1720 2363 1722 2409 <J

999 2415 1157 2447 Phraatis
1187 2414 1293 2447 fratre
1322 2415 1407 2448 natu
1432 2414 1587 2454 maiore,
1615 2430 1621 2439 ι
1720 2413 1722 2424 ¹

1000 2463 1191 2497 fortissimo
1216 2466 1252 2496 et
1271 2462 1514 2496 laudatissimo
1539 2463 1614 2504 (Dio
1664 2468 1669 2490 :

999 2512 1144 2554 24-26.);
1170 2515 1246 2546 tum
1269 2513 1396 2555 etipse
1422 2512 1476 2554 (id
1498 2511 1615 2554 quod,
1657 2525 1661 2538 ι

998 2563 1169 2604 parerat,
1186 2561 1250 2595 Iuli
1265 2562 1404 2595 Antonii
1419 2561 1478 2594 filii
1493 2562 1630 2606 amicus

1000 2614 1058 2644 cet
1073 2612 1248 2653 Horatius)
1264 2621 1296 2644 a.
1311 2621 1347 2644 u.
1362 2621 1394 2645 c.
1407 2612 1483 2645 7⁴8.
1501 2611 1649 2644 exercit·

1000 2661 1173 2695 adversus
1201 2660 1278 2694 illos
1307 2661 1454 2694 ductum
1477 2661 1593 2694 amisit
1616 2660 1673 2702 (D
