1722 2904
594 79 674 114 Lm.
698 79 753 112 IV.
801 79 839 112 C.
866 79 906 112 11.

1436 77 1518 119 527

243 174 382 237 Quem
411 197 544 242 super
571 189 693 226 notas
723 182 870 226 aluere
900 182 1039 239 ripas,

244 267 397 310 Fervet
426 264 751 321 immensusque
781 263 865 306 ruit
894 262 1105 320 profundo

412 344 621 395 Pindarus
650 357 727 388 ore
745 379 753 393 ,

242 452 409 494 Laurea
437 448 664 493 donandus
691 447 942 506 Apollinari,

244 533 330 576 Seu
358 544 438 588 per
466 529 654 574 audaces
683 542 794 572 nova
827 527 1124 587 dithyrambos

1464 529 1480 573 ’Ἰ
1490 532 1517 571 0

161 633 192 666 6.
218 633 300 666 oum
320 640 421 672 super
441 634 538 663 notas
558 630 677 663 saliere
698 631 737 670 S,
764 629 850 663 Cod.
875 628 1032 662 Blandin.
1059 629 1264 671 antiquiss,
1288 628 1349 672 βγ.
1377 630 1425 671 (Ιιι
1452 631 1474 662 S

118 690 296 725 superscr.
321 682 424 722 Quem
437 697 456 704 -
470 699 489 704 -
503 680 643 722 aluere.)

75 761 180 810 φορᾷ
201 761 280 795 κτλ.
316 759 431 794 Schol.
449 760 547 794 Pind.
566 760 612 793 ad
628 759 766 802 olymp.

77 813 113 852 4,
138 813 181 846 3:
226 809 417 857 Πίνδαρος
448 807 594 856 θερμός
626 819 683 851 τις
716 805 770 842 ὦν

75 862 141 895 καὶ
174 858 364 901 πολύνους
396 859 458 894 ἐπὶ
497 857 545 892 τὰ
577 857 767 902 νοήματα.

76 913 146 945 Sat.
171 913 207 951 4,
232 912 291 951 40,
317 911 382 944 62:
422 911 514 944 cassi
545 911 667 951 rapido
699 910 771 951 fer-

74 962 203 995 ventius
234 961 328 994 mni
358 960 538 1002 ingenium.
577 979 613 983 —
655 961 769 994 «Unus

76 1011 196 1045 Codex
209 1011 327 1052 fenne,
350 1010 493 1051 antiquo
509 1018 644 1042 more.»
663 1010 768 1047 Cnuo.

79 1079 115 1084 -
139 1060 385 1102 mmJ«
368 1059 478 1092 «fines
501 1058 577 1091 illos
600 1058 769 1091 audaciae

74 1109 225 1152 lyricae,
250 1109 340 1142 intra
362 1117 452 1150 quos
468 1117 507 1141 se
524 1108 772 1141 continuerunt

76 1160 187 1193 ceteri
201 1184 209 1200 ,
226 1160 416 1201 migrans·
433 1175 469 1182 —
483 1158 652 1199 profundo
666 1178 687 1184 -
701 1157 769 1200 ore]

78 1209 160 1243 «mit
207 1209 316 1250 tiofom
355 1209 565 1242 Wortstrom.
579 1220 595 1238 ι
643 1209 768 1241 Garve.

75 1258 122 1291 Os
144 1257 358 1297 rotundum,
397 1266 568 1299 magnum
592 1257 701 1299 (ovid.
726 1258 768 1290 A.

76 1309 116 1341 Α.
143 1308 183 1348 4,
213 1307 301 1340 206:
349 1308 393 1340 Et
424 1316 550 1349 maqno
589 1307 683 1339 nobis
715 1316 772 1339 ore

75 1357 243 1390 sonandus
262 1356 355 1398 eris.)
368 1382 376 1396 ‚
420 1366 547 1398 mayna
574 1360 773 1389 sonatur-mn

78 1406 159 1448 (Sat.
186 1407 225 1446 4,
250 1405 291 1446 4,
317 1405 389 1448 44.)
405 1431 413 1446 ,
459 1406 574 1448 poetis
608 1405 773 1438 tribuitur

77 1455 123 1488 ad
155 1455 422 1497 significandam
455 1455 663 1489 elocutionis
699 1456 772 1488 vim

77 1506 182 1547 atque
214 1505 429 1538 ubertatem.
471 1505 554 1547 (Cic.
580 1506 704 1538 Orator
726 1506 769 1538 5:

77 1556 320 1596 Ονωιάἰὶοᾳιιί,
344 1559 383 1588 ut
403 1556 455 1588 ita
475 1557 605 1596 dicam,
637 1557 773 1597 riserunt

76 1614 152 1638 cum
173 1606 288 1646 arrepta
309 1606 590 1638 etsentontiarum
603 1607 773 1648 yravieate

75 1658 108 1687 ct
127 1655 300 1687 maiestate
317 1654 522 1697 verborum.)
545 1655 608 1688 Hic
628 1663 772 1688 assum-

76 1705 137 1746 pta
164 1705 279 1737 amnis
306 1705 457 1746 imagine
489 1705 590 1746 copia
613 1703 668 1737 illa
692 1704 773 1736 infi-

77 1754 148 1786 nita
178 1753 286 1786 mixta
314 1754 524 1795 metaphora
552 1753 705 1786 refertur
726 1752 772 1785 ad

77 1802 192 1835 amnis
214 1802 362 1842 ostium,
397 1811 463 1844 per
485 1802 581 1844 quod
608 1803 644 1835 in
672 1810 772 1835 mare

77 1853 254 1885 immensa
279 1860 454 1892 aquarum
478 1853 532 1885 vis
561 1852 643 1884 exit.
688 1852 774 1884 Pro-

75 1902 216 1943 fundum
236 1902 390 1944 pertinet
412 1901 585 1943 imprimis
607 1901 653 1933 ad
682 1901 774 1933 ima-

77 1951 199 1992 ginum
220 1950 474 1984 sublimitatem
498 1952 534 1983 et
548 1950 775 1991 magnificen—

78 2000 164 2032 tiam
187 2000 386 2041 miramque
415 2000 670 2032 sententiarum
692 2009 774 2041 gra-

77 2049 225 2082 vitatem
238 2074 246 2089 ‚
283 2058 355 2090 qua
385 2048 519 2090 singula
542 2050 750 2090 argumenta
764 2075 771 2089 ‚

77 2107 144 2140 per
164 2106 204 2131 se
226 2099 406 2131 interdum
427 2097 557 2131 sterilia
570 2124 578 2138 ‚
602 2098 774 2131 Pindarus

78 2148 273 2180 exornavit.
319 2146 550 2186 Quintilianus
573 2148 632 2187 40,
655 2148 692 2187 4,
717 2148 770 2180 64.

78 2196 228 2229 Pindaro
260 2196 481 2229 beatissimam
512 2205 627 2229 rerum
655 2196 774 2229 verbo-

78 2254 219 2285 rumque
255 2247 387 2286 copiam
430 2245 562 2278 tribuit.
601 2264 637 2269 —
676 2246 774 2287 Iungi

79 2303 150 2327 non
172 2296 292 2337 potest
313 2296 488 2328 immensus
510 2304 568 2328 ore
591 2296 773 2336 profundo,

79 2346 119 2377 ut
150 2353 328 2378 nonnemo
359 2344 479 2378 voluit.
525 2346 640 2378 Minus
677 2346 773 2377 recte

79 2394 296 2427 recentiores
330 2393 486 2427 nonnulli
520 2394 750 2427 «aestheticin
765 2420 772 2433 ‚

72 2452 170 2484 ‚quos
193 2443 338 2483 dicunt,
376 2443 444 2476 hoc
467 2443 545 2476 loco
569 2443 670 2476 abusi
693 2445 774 2476 sunt

80 2492 125 2524 ad
168 2492 503 2534 reprehendendum
559 2492 770 2532 Pindarum,
761 2501 769 2508 ·

82 2549 203 2574 «nam»
221 2567 228 2580 ,
263 2543 302 2574 ut
329 2542 443 2581 aiunt,
481 2543 576 2584 «ipse
611 2542 774 2574 Horatius

82 2590 178 2623 illum
210 2590 307 2632 leges
339 2591 423 2623 artis
456 2592 602 2633 propter
625 2599 773 2624 caecum

82 2641 201 2672 nescio
236 2648 343 2681 quem
385 2641 555 2682 impetum
596 2641 772 2682 sprevisse

820 768 1001 802 saepeque
1042 760 1213 801 migrasse
1258 761 1515 802 pronuntiatu

820 818 965 848 verum,
995 809 1025 841 si
1048 809 1127 850 quis
1150 807 1260 849 alius,
1297 811 1518 852 sapientissi—

820 867 900 891 mus
923 857 979 891 ille
995 859 1100 900 poeta
1115 859 1241 900 suique
1257 867 1403 901 semper
1417 869 1518 893 com-

820 917 885 949 pos
918 907 1002 940 nihil
1035 916 1106 940 ιιοιι
1151 907 1311 941 consulto
1353 910 1439 950 egit,
1479 912 1518 943 ut

820 958 907 990 scite
920 957 1176 990 demonstravit
1190 958 1364 999 imprimis
1376 959 1515 992 Dissen.

865 1007 898 1039 9.
922 1007 1290 1049 Laurea-Apollinum]
1307 1009 1435 1041 Poetae
1452 1009 1519 1041 Ho-

820 1057 909 1088 ratio
945 1056 1162 1098 posteriores
1201 1056 1409 1098 praeferunt
1446 1057 1519 1090 for-

821 1115 918 1139 mam
946 1106 1152 1147 Apollineus.-
1192 1106 1247 1139 illa
1278 1106 1438 1140 usitatior
1464 1110 1519 1141 est

821 1155 866 1188 de
903 1154 995 1189 ludis
1033 1157 1215 1197 sacrisque
1259 1156 1516 1197 Apollinaribus.

822 1204 893 1238 Cfr.
911 1204 974 1238 0d.
992 1205 1030 1245 3,
1048 1206 1108 1245 30,
1127 1207 1185 1238 45;
1210 1206 1370 1246 Delphica
1391 1207 1516 1239 Lauro.

821 1254 885 1287 Od.
910 1254 948 1295 4,
966 1255 1004 1294 3,
1021 1255 1059 1287 6:
1083 1255 1188 1287 Deliis
1201 1274 1222 1280 -
1235 1256 1334 1297 soliis.
1362 1257 1420 1288 «In
1445 1258 1520 1289 sin-

822 1303 910 1345 gulis
933 1304 1140 1346 generibus,
1178 1305 1211 1336 in
1242 1305 1372 1346 quihus
1395 1305 1520 1338 elabo-

821 1354 922 1393 ravit,
940 1363 1105 1395 quaeque
1124 1355 1248 1395 postea
1264 1354 1516 1396 significantur,

821 1402 877 1436 ille
900 1403 1033 1444 primas
1057 1403 1159 1436 fert.»

866 1454 919 1485 40.
941 1462 1004 1493 per
1025 1454 1170 1485 audaces
1191 1462 1279 1485 nova
1294 1453 1519 1494 dithyrambos

824 1502 946 1544 Verba]
987 1502 1269 1543 «Dithyrambus
1312 1511 1423 1544 genus
1465 1506 1520 1536 est

822 1552 987 1584 carminis
1023 1553 1059 1584 in
1096 1552 1271 1584 honorem
1303 1551 1420 1585 Liberi
1453 1561 1519 1594 pa·

821 1602 883 1634 tris
899 1601 1076 1642 rhythmis
1090 1601 1419 1635 vehementioribus
1434 1601 1520 1634 libe-

821 1651 1044 1692 rioribusque
1075 1651 1347 1692 compositum.»
1393 1652 1515 1684 Scnoi..

823 1701 893 1732 Cfr.
923 1699 1039 1732 Strab.
1071 1700 1124 1732 40.
1154 1709 1189 1742 p.
1215 1700 1291 1732 749.
1317 1700 1516 1734 Archiloch.

822 1750 935 1790 Bergk
957 1758 992 1791 p.
1010 1749 1095 1782 483:
1115 1745 1183 1790 Ὡς
1208 1748 1406 1783 Διωνύσου
1429 1745 1521 1782 ἅνα-

822 1808 914 1839 κτος
945 1797 1066 1831 καλὸν
1096 1796 1254 1845 ἐξάρξαι
1282 1798 1399 1841 μέλος
1425 1796 1519 1831 Οἶδα

822 1846 1082 1894 διθύραμβον,
1124 1847 1216 1891 οἴνῳ
1254 1858 1520 1894 συγκεραυνω-

822 1898 906 1939 θεὶς
937 1899 1093 1944 φρένας.
1154 1899 1252 1930 Nova
1280 1898 1383 1930 verba
1415 1900 1521 1931 vocat

824 1947 1124 1989 dithyrambicum
1148 1947 1287 1979 dicendi
1311 1956 1423 1988 genus
1445 1956 1521 1980 ma-

822 1998 916 2030 xime
949 1998 1095 2038 propter
1131 1996 1359 2029 audaciorem
1386 1996 1521 2029 verbo—

822 2055 903 2079 rum
919 2045 1224 2087 compositionem.
1260 2046 1402 2078 Aristot.
1420 2047 1517 2078 Poet.

876 2094 972 2133 44.
965 2105 972 2111 ·
1006 2093 1082 2126 τῶν
1105 2093 1135 2126 δ’
1155 2090 1358 2136 ὀνομάτων
1380 2091 1429 2126 τὰ
1447 2094 1520 2137 μὲν

822 2140 934 2177 διπλᾶ
950 2140 1154 2186 μάλιστα’
1131 2142 1312 2190 αρμόττει
1323 2147 1403 2184 τοῖς
1418 2142 1522 2176 διθυ-

823 2192 1000 2240 ράμβοις.
1026 2193 1187 2226 Hermias
1203 2193 1248 2225 ad
1264 2192 1349 2226 Plat.
1366 2193 1517 2225 Phaedr.

822 2253 858 2285 p.
877 2244 918 2276 87
934 2244 1014 2276 Ast:
1047 2243 1088 2274 οἱ
1107 2239 1341 2288 διθύραμβοι
1356 2239 1521 2282 σκολιῶς

823 2289 1106 2336 απηγγέλλοντο
1139 2292 1205 2324 καὶ
1233 2289 1296 2324 διὰ
1326 2292 1523 2325 συνθέτων

823 2344 889 2375 καὶ
913 2341 1177 2385 πεπλεγμένων
1192 2338 1408 2384 ὀνομάτων.
1442 2342 1522 2374 1)ἰο-

824 2401 901 2434 nys.
927 2391 1035 2424 Halic.
1061 2391 1106 2424 de
1130 2392 1254 2433 Comp.
1272 2401 1331 2424 vv.
1357 2392 1394 2423 T.
1419 2391 1460 2422 V.
1482 2399 1517 2431 p.

824 2441 898 2474 454.
923 2442 1053 2481 Reisk„
1077 2442 1159 2483 post
1180 2440 1323 2473 allatum
1343 2440 1461 2472 locum
1477 2448 1522 2472 ex

823 2491 963 2524 Pindari
985 2466 1227 2531 Ditbyrambis
1252 2490 1326 2532 (Ed.
1345 2490 1470 2522 Dissen
1491 2489 1517 2520 1.

822 2550 858 2583 p.
882 2541 958 2573 225.
968 2540 997 2580 ):
1022 2537 1125 2573 ταῦτ’
1151 2549 1254 2573 εστιν
1285 2535 1424 2585 ἰσχυρὰ
1454 2538 1520 2570 καὶ

823 2587 989 2649 στιβαρὰ
1004 2589 1070 2628 καὶ
1084 2585 1324 2632 ἀξιωματικὰ
1340 2588 1406 2620 καὶ
1421 2584 1518 2619 πολὺ

823 2636 867 2672 τὸ
890 2636 1085 2685 αὐστηρὸν
1109 2649 1189 2678 εχει
1211 2637 1290 2671 κτλ.
1322 2637 1421 2670 Idem
1437 2638 1521 2670 scri-
