1722 2904
654 68 731 100 [ΑΒ.
757 67 812 99 ΙΙΙ.

572 405 882 447 cm

860 67 898 98 c.
923 65 1007 98 ΠΙ.
1185 60 1204 69 ‘
1460 59 1541 102 459

926 405 1081 444 m

336 521 374 564 Ο
403 527 500 562 nata
530 532 698 562 mecum
728 517 902 562 consule
932 516 1106 566 Manlio,

337 601 423 644 Seu
453 607 498 643 tu
528 598 728 657 querelas
758 599 848 642 sive
876 597 990 655 geris
1019 597 1138 641 iocos

391 681 478 725 Seu
507 680 642 723 rixam
672 686 715 723 et
743 679 914 722 insanos
944 692 1115 722 amores

446 762 532 804 Seu
562 759 749 810 facilem,
780 759 851 816 pia
880 766 1007 809 testa,
1039 773 1261 806 somnum.

197 895 282 928 XXI.
307 895 416 928 lnscr.
441 892 530 934 volg.
556 893 605 925 Aa
627 892 840 933 amphoram,
867 893 902 923 et
924 892 975 924 sic
998 890 1134 924 BbsTc.
1162 909 1198 914 —-
1223 892 1254 924 2.
1279 892 1358 932 sive]
1380 901 1436 925 seu
1457 893 1494 925 T.

155 1007 240 1040 XXI.
282 1007 375 1039 Dum
413 1005 621 1046 amphoram
654 1003 801 1045 promit,

113 1064 220 1098 quam
243 1064 326 1088 oum
347 1053 495 1088 Messala
517 1055 554 1086 in
569 1054 730 1086 convivio
746 1062 806 1085 ex-

113 1106 240 1146 siccet,
276 1105 312 1137 in
345 1103 548 1145 magnificas
580 1104 650 1136 vini
680 1103 803 1136 laudes

113 1154 313 1188 effunditur.
350 1153 515 1194 (Carmen
539 1152 680 1194 quando
704 1161 805 1185 com-

113 1205 267 1246 positum
281 1203 342 1243 sit,
368 1202 436 1235 dici
452 1203 584 1244 nequit.
630 1202 693 1235 Alii
710 1201 804 1234 refe-

114 1254 195 1286 runt
216 1253 261 1285 ad
282 1262 315 1285 a.
332 1252 421 1292 723„
446 1251 502 1284 alii
524 1252 569 1285 ad
592 1261 624 1285 a.
650 1252 738 1292 727.)
766 1270 801 1274 —

113 1304 157 1336 M.
183 1301 344 1336 valerius
369 1301 517 1335 Messala
546 1302 718 1334 Corvinus
741 1310 806 1333 na—

113 1354 170 1384 tus
193 1361 226 1384 a.
243 1361 279 1384 u.
297 1361 331 1384 e.
347 1350 424 1385 685.
442 1352 478 1384 in
500 1351 593 1384 bello
616 1351 706 1384 civili
721 1352 807 1383 Bru-

114 1403 189 1433 tum
212 1402 250 1433 et
271 1401 433 1433 Cassium
455 1403 599 1434 secutus
623 1403 687 1434 est.
724 1401 806 1433 Post

113 1449 287 1492 proelium
302 1450 525 1493 Philippense
548 1451 701 1492 partium
723 1449 806 1482 reli-

114 1501 218 1541 quiae
233 1500 422 1541 imperium
434 1501 467 1532 ei
478 1499 692 1537 detulerunt.
710 1499 806 1540 quod

112 1549 247 1587 renuit3
292 1549 460 1590 proximis
497 1551 576 1590 post
616 1549 715 1581 annis
760 1548 805 1580 ab

114 1598 264 1631 Antonio
295 1599 402 1630 stetit.
449 1598 519 1630 Sed
548 1600 628 1640 post
656 1598 807 1630 Brundi-

115 1648 229 1680 sinam
251 1656 379 1689 pacem
401 1648 579 1680 Octaviani
600 1649 719 1689 partes
734 1656 808 1679 am-

114 1696 238 1738 plexus
260 1699 325 1729 est.
351 1696 481 1729 Consul
504 1697 616 1730 factus
639 1699 694 1730 est
714 1706 746 1729 a.
769 1706 805 1729 u.

115 1755 148 1778 c.
173 1746 247 1779 723.
294 1747 476 1787 Aquitanis
504 1747 650 1780 devictis
673 1749 709 1779 et
730 1747 807 1779 Ori-

116 1797 197 1828 ente
226 1796 422 1837 eomposito
452 1797 672 1838 triumphum
698 1796 808 1837 Aqui-

116 1846 271 1879 tanicum
294 1846 364 1887 egit
386 1855 418 1878 a.
443 1856 478 1878 u.
505 1855 538 1879 e.
561 1847 636 1879 727.
683 1847 808 1879 Postea

116 1897 256 1938 quietus
278 1897 315 1928 et
336 1897 371 1928 in
394 1897 535 1937 optimis
551 1896 676 1929 studiis
690 1905 812 1929 versa-

116 1946 174 1977 tus
210 1945 307 1977 domi
331 1939 545 1984 'consenum
586 1947 740 1987 Augusto
779 1946 809 1978 si

117 2003 188 2027 non
210 1995 427 2035 gratissimus
452 1995 592 2036 (quippe
614 1994 714 2027 liberi
736 1995 810 2036 spi—

116 2044 204 2076 ritus
226 2044 411 2085 retinens),
446 2046 482 2076 at
504 2044 807 2076 honoratissimus.

117 2093 274 2125 Mortuus
297 2095 351 2125 est
373 2102 404 2125 a.
430 2102 464 2125 u.
491 2102 522 2125 c.
540 2094 615 2125 757.
640 2094 810 2126 Veterum

118 2143 299 2175 oratorum
319 2144 420 2183 quasi
434 2151 562 2184 agmen
578 2144 680 2184 cogit.
707 2143 811 2181 Quin-

118 2190 166 2223 til.
192 2191 251 2231 ⁴0,
278 2192 315 2230 4,
342 2192 423 2224 443ῑ
453 2193 597 2225 Messala
618 2196 735 2224 orator
756 2192 811 2223 πὶ-

118 2241 205 2273 tidus
236 2244 266 2272 el
298 2242 458 2273 candid-us
487 2245 517 2274 et
544 2243 688 2281 quodam
714 2242 810 2273 modo

116 2290 308 2330 praeferens
354 2291 389 2322 in
433 2291 567 2323 dicendo
610 2291 811 2323 nobilitatem

118 2348 228 2378 suam,
266 2340 377 2372 minor
408 2340 533 2372 viribus
563 2341 702 2381 (Asinio
733 2340 811 2372 Pol-

119 2388 234 2428 lione).
258 2390 299 2421 Α.
323 2391 361 2421 Ρ.
384 2398 417 2420 v.
447 2389 520 2421 37⁴.
562 2388 811 2430 (Immortalem

122 2446 205 2470 eum
238 2438 283 2470 ad
318 2440 477 2471 nostram
511 2440 664 2471 aetatem
691 2438 812 2471 reddi-

122 2487 171 2518 dit
194 2487 365 2528 imprimis
388 2488 555 2525 amicitia,
582 2497 650 2528 qua
678 2482 812 2529 ample:

122 2545 187 2568 xus
210 2539 264 2568 est
286 2536 485 2576 Tibullum.)

167 2586 197 2617 4.
232 2585 258 2616 0
287 2586 379 2627 nata]
411 2585 606 2627 «impleta».
653 2587 813 2619 Refertur

124 2643 193 2667 non
216 2634 261 2666 ad
283 2635 491 2676 amphoram
514 2636 643 2677 ipsam.
681 2636 744 2668 sed
768 2636 811 2668 ad

852 1003 973 1035 vinum
995 1003 1031 1034 in
1053 1011 1095 1034 ea
1124 1002 1317 1036 conditum.
1346 1021 1381 1027 —
1406 1005 1545 1047 Manlio]

852 1053 889 1084 L.
926 1051 1052 1085 Manlio
1089 1053 1266 1094 Torquato
1279 1078 1287 1092 ,
1332 1055 1369 1086 L.
1405 1053 1546 1087 Aurelio

853 1102 955 1134 Cotta
978 1110 1071 1134 coss.
1088 1111 1120 1134 a.
1139 1111 1174 1134 u.
1193 1111 1225 1135 e.
1243 1102 1318 1135 689.
1344 1103 1414 1136 Cir.
1432 1104 1544 1146 Epod.

853 1150 912 1190 ⁴3,
938 1151 976 1183 6:
1002 1151 1048 1183 Tu
1068 1151 1149 1183 vina
1173 1152 1338 1192 Torquato
1358 1161 1454 1185 move
1467 1162 1548 1185 con—

851 1199 920 1232 sule
935 1209 1055 1240 pressa
1074 1209 1157 1233 meo.
1182 1202 1332 1233 Nomina
1347 1201 1546 1241 consulum,

853 1249 981 1291 quibus
993 1259 1086 1283 coss.
1100 1251 1181 1283 vina
1192 1250 1332 1283 condita
1345 1253 1457 1291 erant,
1474 1260 1550 1284 om-

851 1299 972 1341 phoris
1005 1299 1301 1332 adscribebantur
1334 1300 1391 1333 vel
1421 1300 1548 1333 tabella

853 1350 1015 1390 separata
1038 1348 1094 1382 vel
1117 1350 1152 1381 in
1175 1350 1357 1391 amphoris
1376 1351 1462 1392 ipsis
1486 1359 1549 1382 ex-

852 1406 994 1440 pressa,
1028 1401 1069 1431 ut
1102 1401 1156 1432 est
1186 1402 1283 1432 certe
1314 1401 1349 1432 in
1380 1399 1548 1442 operibus

853 1447 1045 1481 doliaribus
1078 1458 1107 1482 s.
1133 1448 1269 1490 figlinis.
1318 1449 1471 1489 Galenus
1502 1450 1547 1482 de

854 1497 1026 1530 Antidotis
1051 1499 1087 1534 l
1112 1499 1152 1530 5:
1176 1493 1295 1541 ἔγωγέ
1318 1508 1377 1531 τοι
1398 1496 1475 1531 τῶν
1497 1497 1551 1531 οἵ-

853 1557 930 1579 νων
951 1543 1026 1578 τῶν
1041 1546 1262 1603 Φαλερίνων
1284 1545 1452 1581 ἑκάστου
1478 1545 1550 1591 τὴν

855 1592 1006 1638 ἡλικίαν
1027 1592 1301 1639 ἀναγινώσκων
1323 1597 1550 1645 ἐπιγεγραμ-

854 1656 974 1735 ὃιὲνζν
999 1649 1095 1735 3τοίξ
1120 1648 1316 1693 κεραμίοις
1349 1646 1428 1680 κτλ.
1477 1648 1546 1681 Cfr.

898 1746 930 1777 2.
945 1745 976 1777 3.
991 1746 1152 1787 querelas]
1164 1748 1273 1787 spreti
1289 1747 1442 1786 maxime
1454 1755 1552 1779 amo-

855 1795 914 1826 ris.
944 1812 979 1817 —
1002 1795 1102 1836 aeris]
1127 1795 1399 1837 «cuiuscunque
1422 1796 1551 1829 horum

856 1844 1047 1876 affectuum
1074 1844 1272 1877 secundum
1300 1845 1462 1877 diversos
1483 1854 1551 1886 po-

856 1896 973 1926 torum
988 1893 1126 1925 animos
1138 1893 1247 1925 veluti
1263 1902 1388 1926 semen
1399 1903 1441 1926 ac
1457 1894 1552 1936 prin-

857 1943 988 1983 cipium
1005 1943 1038 1974 in
1054 1944 1088 1974 te
1107 1943 1300 1975 contines.»
1326 1943 1550 1976 Chaeremon

856 1992 951 2033 apud
980 1991 1065 2023 Plut.
1091 1993 1176 2025 Mor.
1203 1992 1239 2029 4,
1266 2002 1300 2034 p.
1326 1992 1408 2024 663:
1445 1990 1551 2033 οἶνος

856 2045 938 2082 τοῖς
975 2038 1130 2087 τρόποις
1169 2040 1393 2088 κεράννυται
1422 2042 1552 2075 biben-

857 2091 956 2123 tium.
979 2109 1014 2113 —
1033 2092 1159 2133 raram]
1178 2100 1247 2124 non
1263 2092 1468 2131 amantium,
1486 2091 1551 2124 sed

858 2142 1016 2182 ipsorum
1031 2141 1123 2173 inter
1138 2150 1177 2173 se
1194 2142 1435 2174 convivarum.
1464 2142 1552 2174 Eue-

858 2199 924 2222 nus
948 2190 1163 2223 Schneidew.
1188 2190 1260 2223 Del.
1286 2200 1321 2232 p.
1346 2190 1426 2224 ⁴34:
1463 2191 1551 2223 Bae-

859 2240 947 2272 chus
962 2236 1102 2272 3”·Εσι“ι
1091 2237 1164 2286 γὰρ
1186 2236 1213 2283 ἢ
1234 2237 1356 2283 λύπης
1377 2238 1499 2280 αἴτιος
1525 2236 1552 2282 ἧ

858 2290 1010 2331 μανίης.
1042 2308 1078 2313 -
1107 2290 1241 2322 insanos
1273 2291 1465 2332 amoresJu
1450 2299 1551 2322 acum

859 2339 1028 2371 convivae
1052 2348 1162 2381 prope
1190 2339 1277 2372 ebrii
1298 2339 1491 2381 gloriantur
1507 2339 1550 2371 de

860 2388 1041 2421 amoribus
1057 2389 1130 2421 suis
1146 2389 1201 2422 vel
1221 2399 1303 2422 cum
1318 2388 1442 2431 puellis
1459 2397 1554 2421 com-

861 2439 1027 2479 potationi
1062 2439 1225 2472 adhibitis
1254 2439 1415 2472 licentius
1444 2438 1553 2470 collo-

862 2489 1050 2527 quuntur.»

905 2536 936 2569 4.
960 2537 1101 2580 facilem]
1127 2541 1163 2570 ut
1180 2539 1242 2571 Od.
1262 2540 1298 2576 2,
1326 2539 1383 2575 Μ,
1409 2538 1439 2570 8.
1464 2536 1552 2569 Alibi

863 2588 898 2618 et
920 2587 1003 2618 leves
1026 2597 1155 2620 somnos
1180 2588 1253 2627 (Od.
1278 2588 1315 2627 2,
1343 2588 1400 2626 ⁴6,
1428 2586 1494 2626 ⁴5.)
1519 2588 1554 2618 et

861 2637 963 2669 lenem
973 2646 998 2668 s.
1016 2637 1088 2677 (Od.
1104 2637 1143 2675 3,
1165 2638 1176 2669 1
1195 2663 1202 2676 ‚
1221 2638 1287 2678 22.)
1300 2639 1414 2669 vocat.
1432 2636 1551 2677 —pt‘aJ
