1722 2904
653 90 786 124 LIBER.
834 90 963 123 cAnu.
988 90 1074 123 xm.

1491 87 1572 129 713

191 506 374 551 Horrida
404 512 635 564 tempestas
665 505 832 549 caelum
861 506 1069 550 contraxit
1096 512 1140 549 et
1168 505 1329 550 imbres
1405 555 1408 556 ⁷

243 588 460 645 Nivesque
490 586 711 631 deducunt
738 588 904 639 Iovem;
934 600 1048 630 nunc
1077 600 1217 637 mare,
1249 600 1363 630 nunc
1391 585 1528 630 siluae

185 668 381 712 Threicio
409 667 620 726 Aquilone
651 675 823 711 sonant:
855 667 1095 725 rapiamus,
1127 667 1275 717 amici,

213 782 300 814 XIII.
324 782 434 814 Inscr.
458 780 550 823 volg.
574 781 625 814 Ad
640 782 775 813 amicos.
797 799 834 805 -
858 780 988 813 Amicos
1008 780 1164 812 hortatur
1183 783 1221 812 ut
1242 780 1312 813 vim
1326 781 1530 822 tempestae&

171 832 211 864 de
232 831 657 864 diodisomnbondovitont
678 834 709 863 et
731 830 874 862 dumsit
895 830 1125 870 impedimento
1146 829 1531 871 wnocuoevoluptatibus

171 882 337 914 ancoratu.
354 899 391 905 -—
409 881 460 914 Aa
470 881 595 913 amicos
604 881 745 913 comicos
755 889 787 913 c.
814 897 851 903 —
869 880 945 912 Om.
960 880 997 911 T.
1025 898 1061 902 —
1090 879 1121 911 ⁴.
1135 879 1337 911 consu-mie
1346 887 1527 921 superscr.

171 931 344 963 contraxit
358 939 391 964 c.
404 926 441 954 '—
459 930 492 963 3.
510 930 611 962 amici
623 929 749 962 BbSTc
761 930 942 971 ceterique
958 930 1053 962 noti:
1072 929 1179 962 amico
1189 927 1303 962 Bentl.
1321 930 1412 962 coni.
1431 930 1467 962 et
1481 930 1527 962 Π.

172 1029 259 1062 XIII.
298 1030 362 1062 Die
386 1029 537 1062 hiberno
560 1031 598 1062 et
625 1028 826 1071 procelloso

129 1077 270 1111 sodales
285 1078 502 1118 exhortatur,
527 1080 567 1111 ut
588 1079 691 1120 genio
714 1077 824 1110 indul-

129 1129 254 1169 geant,
278 1130 331 1168 et,
355 1129 397 1161 ut
417 1137 542 1170 saepe,
567 1127 752 1161 laetiorem
771 1129 827 1160 vi-

129 1179 187 1210 tae
220 1185 326 1210 usum
357 1179 505 1220 propter
537 1179 690 1210 mortem
724 1177 825 1210 brevi

129 1228 291 1271 tempore
313 1227 504 1259 instantem
525 1227 567 1260 iis
583 1227 823 1264 commendat,

130 1275 294 1318 exemplo
326 1275 516 1318 desumpto
550 1286 571 1308 a
603 1277 823 1318 praeceptis,

130 1335 222 1368 quae
245 1326 394 1366 Chiron,
427 1327 709 1368 sapientissimus
732 1327 827 1359 Cen-

130 1378 270 1415 taurus,
296 1375 384 1408 nlim
406 1374 548 1408 alumno
567 1375 690 1408 Achilli
714 1375 827 1408 dede-

131 1426 187 1458 rit.
228 1425 393 1468 (Tempus
420 1426 686 1467 compositionis
709 1426 828 1457 incer-

129 1475 292 1514 tumest3
316 1474 475 1507 referunt
486 1475 532 1507 ad
543 1484 576 1507 a.
591 1474 824 1507 724.νοί722.

129 1523 188 1557 vel
209 1523 285 1556 723.
323 1523 407 1563 Alii,
445 1525 485 1556 ut
515 1523 761 1565 Dillenburger
787 1533 824 1566 p.

130 1573 185 1606 38.
198 1598 206 1613 ,
223 1573 342 1606 minus
353 1572 585 1615 probabiliter
595 1573 825 1612 contendunt,

130 1616 227 1649 haud
248 1617 296 1649 ita
317 1615 429 1649 multo
457 1618 540 1659 post
566 1625 723 1658 pugnam
745 1617 828 1649 Phi-

129 1665 329 1708 lippensem
345 1667 518 1708 scriptum
533 1666 640 1707 esse.)
659 1667 699 1698 In
712 1665 824 1698 Codd.

131 1714 212 1757 aliq.
229 1715 449 1748 inscribitur:
470 1714 521 1747 Aa
534 1716 660 1747 amicos
673 1715 825 1755 comicos,

130 1765 167 1798 id
190 1766 262 1805 est,
285 1765 337 1798 Aa
358 1766 501 1805 amica&
525 1762 717 1807 κωμικῶς.

174 1815 189 1846 4
210 1833 230 1839 -
244 1814 277 1848 4.
314 1815 463 1847 Hom-ida
484 1814 677 1856 tmpestas]
712 1814 828 1860 Φρίσ-

131 1873 273 1905 σοντας
295 1858 470 1910 ὄμβρους
491 1864 577 1896 dixit
597 1864 697 1897 Pind.
722 1864 825 1904 Pyth.

132 1913 170 1953 4,
194 1914 249 1946 8⁴.
276 1914 463 1947 Anacreon
487 1914 602 1954 Frgm.
627 1914 659 1945 7.
684 1911 825 1955 Bergk:

132 1962 225 2004 Μεὶς
245 1962 318 2005 μὲν
331 1960 380 2005 δὴ
398 1959 621 2005 Ποσιδηῖών
629 1958 826 2005 Ἓστηκεν,

70 2057 75 2061 .
132 2011 289 2053 νεφέλαι
309 2010 340 2044 δ’
368 2007 477 2045 ὕδατι
498 2009 756 2058 Βαρὺνονται,
783 2011 827 2044 ἰδ’

131 2058 261 2108 ἄγριοι
273 2060 459 2105 χειμῶνες
473 2060 711 2105 παταγοῦσιν
720 2072 728 2080 ·
754 2063 830 2104 qui-

132 2111 202 2145 bus
235 2111 358 2145 similis
390 2109 525 2155 γνώμη
559 2112 604 2145 de
632 2113 703 2145 vita
736 2111 827 2144 laete

133 2161 294 2202 degenda
326 2161 514 2195 subiuncta
547 2161 655 2194 fuisse
678 2171 698 2194 a
723 2163 829 2203 poeta

132 2210 284 2243 v5detur.
327 2229 363 2234 —
409 2211 602 2252 contraxit]
649 2212 828 2252 «spatium

134 2259 234 2299 caeli,
259 2261 431 2301 quantum
450 2259 535 2293 alias
551 2259 662 2293 oculis
677 2260 827 2299 videtur,

134 2309 306 2342 coartavit
328 2309 483 2342 nubibus
500 2309 697 2342 obductis.»
721 2310 831 2341 Inter-

133 2357 348 2399 polationem
369 2359 570 2391 constritavit
590 2358 700 2391 habet
722 2359 829 2391 etiam

135 2406 221 2439 Cod.
258 2408 406 2448 Franeq.
446 2426 481 2430 —
513 2408 676 2439 deducunt
709 2408 828 2449 Iovem]

135 2457 184 2488 Ex
207 2457 450 2498 antiquissima
473 2457 674 2489 Latinorum
690 2459 832 2490 senten-

134 2506 181 2538 tia
213 2506 369 2548 Iuppiter
401 2506 478 2547 ipse
516 2506 550 2538 in
585 2507 731 2538 Terram
765 2515 831 2548 per

135 2554 268 2587 imbres
291 2554 495 2594 descendit,
531 2555 567 2587 id
590 2556 663 2595 est,
699 2556 831 2597 princi-

135 2604 232 2645 pium
255 2613 429 2645 generans
452 2605 488 2637 in
511 2603 611 2644 illud,
637 2604 733 2646 quod
748 2614 831 2638 con-

137 2653 230 2694 cipit.
256 2654 393 2686 Lucret.
414 2654 450 2693 ⁴,
474 2654 556 2686 25⁴:
585 2655 750 2687 Postremo
768 2663 831 2695 pe-

873 1031 971 1061 reum
991 1027 1130 1067 imbra,
1153 1027 1209 1060 ubi
1224 1036 1279 1060 σος
1291 1028 1523 1068 pater-Aether
1535 1028 1574 1060 In

873 1078 1039 1119 gremium
1051 1077 1173 1109 matris
1189 1077 1309 1109 Ter-rai·
1315 1078 1554 1118 praecipitavit
1562 1087 1572 1108 .·

874 1127 916 1158 At
936 1127 1062 1159 nilidae
1083 1129 1226 1168 sur-yma
1246 1127 1361 1168 fmqoe
1382 1129 1452 1159 cet.
1488 1127 1530 1160 II.
1549 1126 1571 1159 l.

875 1176 1007 1208 omissa
1037 1175 1251 1208 fecundandi
1273 1176 1418 1208 notione
1449 1176 1575 1216 imagi-

876 1233 959 1257 nem
973 1225 1030 1257 ita
1051 1225 1209 1264 invertit,
1234 1226 1275 1257 ut
1296 1225 1432 1257 imbres
1453 1225 1574 1257 Iovem

875 1275 911 1306 in
926 1275 1060 1307 terram
1076 1274 1266 1307 deducant.
1298 1274 1369 1307 Cfr.
1386 1274 1481 1315 Virg.
1499 1273 1571 1306 Ecl.

875 1324 915 1362 7,
941 1323 995 1355 60.
1013 1324 1075 1356 Ge.
1097 1324 1136 1363 2,
1158 1323 1222 1355 325
1242 1332 1296 1365 sq.
1326 1324 1458 1356 Ennius
1479 1322 1574 1365 apud

876 1373 977 1405 Varr.
989 1374 1026 1405 L.
1041 1374 1078 1405 L.
1093 1374 1125 1413 5,
1140 1373 1172 1414 5.
1186 1373 1250 1406 65:
1273 1374 1350 1405 Istic
1364 1377 1411 1405 est
1426 1373 1576 1413 isluppi—

875 1425 927 1454 ιω·
948 1431 1045 1462 quom
1070 1423 1159 1462 dico,
1185 1431 1282 1463 quem
1307 1422 1428 1455 Graeci
1455 1425 1576 1454 vocant

871 1467 992 1517 Ἀέρα,
1017 1472 1075 1511 (1υὲ
1095 1476 1212 1504 ventus
1226 1474 1317 1504 estet
1329 1471 1448 1511 nubes,
1472 1471 1577 1503 imber

870 1524 1007 1561 postea,
1023 1521 1130 1560 Atque
1142 1530 1187 1553 αι)
1200 1521 1306 1552 imbre
1317 1520 1427 1562 frigus
1436 1546 1444 1560 ,
1461 1524 1577 1553 ventus

869 1573 946 1611 post
958 1571 1015 1612 fit,
1037 1572 1101 1602 ae'r
1122 1570 1240 1602 denuo.
1265 1570 1408 1602 Aristid.
1431 1570 1487 1610 εἰς
1503 1569 1576 1602 Δία

876 1629 911 1661 p.
926 1620 958 1652 9.
973 1619 1096 1652 Dind.:
1115 1614 1140 1661 ἦ
1154 1615 1326 1665 οὐρανοῦ
1342 1619 1408 1651 καὶ
1420 1615 1587 1669 ὄμβρουι

876 1670 1067 1701 συνουσία
1088 1666 1191 1709 Διός.
1219 1685 1256 1692 -
1290 1669 1407 1711 siluae]
1431 1669 1510 1702 Vid.
1528 1669 1576 1702 ad

876 1719 939 1750 Od.
959 1719 997 1758 ⁴,
1020 1718 1081 1758 23,
1106 1718 1140 1751 4.
1167 1737 1204 1742 —
1233 1718 1379 1751 Titret'cio
1403 1718 1574 1761 Aquilone]

876 1769 928 1800 De
941 1768 1039 1800 hiatu
1049 1767 1130 1800 vide
1142 1767 1189 1799 ad
1198 1767 1261 1800 Od.
1274 1768 1309 1806 2,
1323 1768 1379 1808 20,
1396 1768 1449 1801 ⁴3.
1465 1787 1502 1791 —
1519 1778 1578 1801 ra-

871 1817 1023 1859 piamus]
1049 1815 1177 1849 Similis
1196 1817 1371 1849 sententia
1391 1817 1455 1849 Od.
1478 1817 1499 1849 3
1511 1842 1519 1856 ,
1540 1817 1573 1856 8,

875 1867 939 1898 27:
962 1867 1065 1898 Dona
1081 1867 1269 1906 praesentis
1289 1875 1374 1906 cape
1394 1866 1502 1898 laetus
1514 1866 1576 1899 ho-

875 1924 948 1947 rae.
985 1916 1223 1957 «Arripiamus
1254 1916 1483 1948 occasionem
1511 1925 1577 1948 nos

877 1964 1093 1998 exhilarandi
1121 1964 1249 1997 eadem
1278 1964 1458 1997 celeritate
1471 1990 1480 2005 ,
1505 1974 1575 2006 qua

877 2014 953 2047 dies
986 2014 1180 2047 hodiernus
1210 2013 1305 2046 illam
1338 2014 1461 2053 offert,
1496 2023 1578 2046 cra-

877 2064 967 2096 stino
989 2063 1135 2096 minime
1159 2063 1303 2102 confisi,
1332 2063 1378 2095 de
1401 2072 1473 2105 quo
1497 2063 1578 2104 qui-

877 2113 979 2151 dem,
1011 2112 1073 2144 ubi
1100 2113 1257 2152 venerit,
1291 2112 1387 2145 idem
1410 2112 1575 2145 valebit.»

877 2161 975 2195 Ovid.
1002 2161 1145 2194 Heroid.
1172 2162 1230 2201 ⁴9,
1256 2161 1315 2194 74:
1351 2171 1411 2194 nec
1438 2163 1497 2194 tibi
1514 2171 1578 2194 ra-

871 2214 935 2252 pta
955 2211 1014 2242 via
1034 2210 1108 2244 est?
1146 2219 1235 2243 «nec
1256 2211 1380 2252 rapide
1404 2220 1486 2244 eam
1515 2220 1578 2244 ce-

876 2261 1012 2303 pisti‘h
1047 2261 1161 2293 Minus
1184 2262 1266 2302 apte
1288 2260 1345 2293 alii
1376 2260 1574 2302 explicant:

880 2310 1079 2352 «rapiamus
1110 2309 1156 2342 ab
1191 2310 1260 2343 hac
1293 2311 1369 2352 ipsa
1401 2309 1488 2343 caeli
1522 2311 1578 2343 in-

878 2359 1051 2400 temperie
1085 2360 1312 2392 occasionem
1346 2361 1438 2391 cet.»
1486 2360 1577 2398 «Qui

879 2417 963 2441 cum
978 2409 1219 2450 porphyrione
1232 2410 1443 2450 tempestiva
1460 2409 1579 2441 convi-

878 2459 933 2490 via
971 2457 1203 2499 intelligentes
1241 2459 1459 2500 interpretati
1494 2459 1577 2491 sunt

874 2508 987 2548 primo
1019 2516 1135 2547 mane,
1176 2507 1411 2540 vehementer
1444 2510 1573 2541 errant.

879 2556 1014 2589 Sufficit
1044 2556 1276 2590 consumendi
1308 2558 1438 2589 notio.»
1480 2558 1576 2590 Hm>

879 2607 968 2639 Turs
994 2607 1034 2638 11.
1058 2615 1094 2648 p.
1120 2606 1198 2639 206.
1226 2625 1261 2629 —
1286 2606 1398 2649 amici]
1432 2607 1488 2639 Sic
1510 2607 1573 2640 Od.

880 2655 996 2694 ⁴,27,
1015 2655 1045 2686 7.
1073 2657 1107 2687 et
1124 2655 1186 2688 Od.
1208 2656 1239 2694 ⁴,
1257 2655 1310 2694 37,
1329 2655 1360 2688 4.
1385 2656 1515 2689 sodales
1530 2656 1575 2697 (et
