<?xml version="1.0" encoding="UTF-8"?>
<!DOCTYPE html PUBLIC "-//W3C//DTD XHTML 1.0 Transitional//EN"
    "http://www.w3.org/TR/xhtml1/DTD/xhtml1-transitional.dtd">
<html xmlns="http://www.w3.org/1999/xhtml" xml:lang="en" lang="en">
 <head>
  <title>
</title>
<meta http-equiv="Content-Type" content="text/html;charset=utf-8" />
  <meta name='ocr-system' content='tesseract 3.04.00' />
  <meta name='ocr-capabilities' content='ocr_page ocr_carea ocr_par ocr_line ocrx_word'/>
</head>
<body>
  <div class='ocr_page' id='page_1' title='image "./qhoratiusflaccus12horauoft_0373.png"; bbox 0 0 1722 2904; ppageno 0'>
   <div class='ocr_carea' id='block_1_1' title="bbox 605 71 977 134">
    <p class='ocr_par' dir='ltr' id='par_1_1' title="bbox 605 71 977 134">
     <span class='ocr_line' id='line_1_1' title="bbox 605 71 977 134; baseline -0.011 0"><span class='ocrx_word' id='word_1_1' title='bbox 605 99 685 134; x_wconf 73' lang='lat' dir='ltr'><strong>Lm.</strong></span> <span class='ocrx_word' id='word_1_2' title='bbox 709 71 770 133; x_wconf 75' lang='lat'><strong>111.</strong></span> <span class='ocrx_word' id='word_1_3' title='bbox 814 99 853 132; x_wconf 93' lang='lat' dir='ltr'><strong>C.</strong></span> <span class='ocrx_word' id='word_1_4' title='bbox 877 98 977 131; x_wconf 82' lang='lat' dir='ltr'>XXX.</span> 
     </span>
    </p>
   </div>
   <div class='ocr_carea' id='block_1_2' title="bbox 531 457 1060 500">
    <p class='ocr_par' dir='ltr' id='par_1_2' title="bbox 531 457 1060 500">
     <span class='ocr_line' id='line_1_2' title="bbox 531 457 1060 500; baseline -0.006 0"><span class='ocrx_word' id='word_1_5' title='bbox 531 457 1060 500; x_wconf 67' lang='lat' dir='ltr'><strong>cmm</strong></span> 
     </span>
    </p>
   </div>
   <div class='ocr_carea' id='block_1_3' title="bbox 188 571 1064 632">
    <p class='ocr_par' dir='ltr' id='par_1_3' title="bbox 188 571 1064 632">
     <span class='ocr_line' id='line_1_3' title="bbox 188 571 1064 632; baseline -0.007 -13"><span class='ocrx_word' id='word_1_6' title='bbox 188 575 319 632; x_wconf 81' lang='lat' dir='ltr'>Exegi</span> <span class='ocrx_word' id='word_1_7' title='bbox 350 579 670 617; x_wconf 86' lang='lat' dir='ltr'><strong>monumentum</strong></span> <span class='ocrx_word' id='word_1_8' title='bbox 699 585 800 616; x_wconf 85' lang='lat' dir='ltr'><strong>aere</strong></span> <span class='ocrx_word' id='word_1_9' title='bbox 830 571 1064 629; x_wconf 84' lang='lat' dir='ltr'>perennius</span> 
     </span>
    </p>
   </div>
   <div class='ocr_carea' id='block_1_4' title="bbox 189 651 1301 860">
    <p class='ocr_par' dir='ltr' id='par_1_4' title="bbox 189 651 1301 860">
     <span class='ocr_line' id='line_1_4' title="bbox 190 651 1016 713; baseline -0.006 -14"><span class='ocrx_word' id='word_1_10' title='bbox 190 654 423 713; x_wconf 82' lang='lat' dir='ltr'><strong>Regalique</strong></span> <span class='ocrx_word' id='word_1_11' title='bbox 451 653 535 697; x_wconf 87' lang='lat' dir='ltr'><strong>situ</strong></span> <span class='ocrx_word' id='word_1_12' title='bbox 566 651 840 711; x_wconf 82' lang='lat' dir='ltr'>pyramidum</span> <span class='ocrx_word' id='word_1_13' title='bbox 871 651 1016 701; x_wconf 85' lang='lat' dir='ltr'><strong>altius,</strong></span> 
     </span>
     <span class='ocr_line' id='line_1_5' title="bbox 189 730 1301 789; baseline -0.005 -10"><span class='ocrx_word' id='word_1_14' title='bbox 189 735 316 788; x_wconf 88' lang='lat' dir='ltr'><strong>Quod</strong></span> <span class='ocrx_word' id='word_1_15' title='bbox 346 748 432 778; x_wconf 92' lang='lat' dir='ltr'><strong>non</strong></span> <span class='ocrx_word' id='word_1_16' title='bbox 463 733 601 777; x_wconf 85' lang='lat' dir='ltr'><strong>imber</strong></span> <span class='ocrx_word' id='word_1_17' title='bbox 628 732 760 782; x_wconf 84' lang='lat' dir='ltr'>edax,</span> <span class='ocrx_word' id='word_1_18' title='bbox 793 746 878 775; x_wconf 92' lang='lat' dir='ltr'><strong>non</strong></span> <span class='ocrx_word' id='word_1_19' title='bbox 907 730 1061 789; x_wconf 82' lang='lat' dir='ltr'><strong>Aquilo</strong></span> <span class='ocrx_word' id='word_1_20' title='bbox 1091 732 1301 789; x_wconf 86' lang='lat' dir='ltr'><strong>impotens</strong></span> 
     </span>
     <span class='ocr_line' id='line_1_6' title="bbox 190 811 985 860; baseline -0.006 0"><span class='ocrx_word' id='word_1_21' title='bbox 190 816 330 860; x_wconf 83' lang='lat' dir='ltr'><strong>Possit</strong></span> <span class='ocrx_word' id='word_1_22' title='bbox 358 814 532 859; x_wconf 85' lang='lat' dir='ltr'><strong>diruere</strong></span> <span class='ocrx_word' id='word_1_23' title='bbox 562 821 635 857; x_wconf 87' lang='lat' dir='ltr'><strong>aut</strong></span> <span class='ocrx_word' id='word_1_24' title='bbox 664 811 985 856; x_wconf 84' lang='lat' dir='ltr'><strong>innumerabilis</strong></span> 
     </span>
    </p>
   </div>
   <div class='ocr_carea' id='block_1_5' title="bbox 125 931 1480 1027">
    <p class='ocr_par' dir='ltr' id='par_1_5' title="bbox 125 931 1480 1027">
     <span class='ocr_line' id='line_1_7' title="bbox 165 931 1480 976; baseline -0.002 -7"><span class='ocrx_word' id='word_1_25' title='bbox 165 936 267 969; x_wconf 90' lang='lat' dir='ltr'>XXX.</span> <span class='ocrx_word' id='word_1_26' title='bbox 292 936 402 968; x_wconf 83' lang='lat' dir='ltr'><strong>lusor.</strong></span> <span class='ocrx_word' id='word_1_27' title='bbox 418 933 510 976; x_wconf 86' lang='lat' dir='ltr'><strong>volg.</strong></span> <span class='ocrx_word' id='word_1_28' title='bbox 534 934 585 967; x_wconf 75' lang='lat' dir='ltr'><strong>Ad</strong></span> <span class='ocrx_word' id='word_1_29' title='bbox 605 933 848 974; x_wconf 72' lang='lat' dir='ltr'><strong>Mdpomonen,</strong></span> <span class='ocrx_word' id='word_1_30' title='bbox 874 934 910 966; x_wconf 89' lang='lat' dir='ltr'><strong>et</strong></span> <span class='ocrx_word' id='word_1_31' title='bbox 924 933 976 966; x_wconf 87' lang='lat' dir='ltr'><strong>sic</strong></span> <span class='ocrx_word' id='word_1_32' title='bbox 991 933 1052 965; x_wconf 86' lang='lat' dir='ltr'><strong>BS.</strong></span> <span class='ocrx_word' id='word_1_33' title='bbox 1080 933 1115 973; x_wconf 76' lang='lat' dir='ltr'><strong>(S</strong></span> <span class='ocrx_word' id='word_1_34' title='bbox 1131 931 1230 965; x_wconf 87' lang='lat' dir='ltr'><strong>addit</strong></span> <span class='ocrx_word' id='word_1_35' title='bbox 1242 933 1480 975; x_wconf 67' lang='lat' dir='ltr'><strong>prafflnauce.)</strong></span> 
     </span>
     <span class='ocr_line' id='line_1_8' title="bbox 125 981 1480 1027; baseline -0.004 -6"><span class='ocrx_word' id='word_1_36' title='bbox 125 1004 163 1010; x_wconf 90' lang='lat'>—</span> <span class='ocrx_word' id='word_1_37' title='bbox 179 986 270 1020; x_wconf 70' lang='lat' dir='ltr'><strong>Dicit</strong></span> <span class='ocrx_word' id='word_1_38' title='bbox 282 995 318 1020; x_wconf 72' lang='grc' dir='ltr'><strong><em>ω</em></strong></span> <span class='ocrx_word' id='word_1_39' title='bbox 331 985 594 1027; x_wconf 74' lang='lat' dir='ltr'><strong>apowlesmatice</strong></span> <span class='ocrx_word' id='word_1_40' title='bbox 606 984 739 1024; x_wconf 50' lang='lat' dir='ltr'><strong>scriptis</strong></span> <span class='ocrx_word' id='word_1_41' title='bbox 759 983 827 1015; x_wconf 72' lang='lat' dir='ltr'><strong>suis</strong></span> <span class='ocrx_word' id='word_1_42' title='bbox 840 991 969 1023; x_wconf 76' lang='lat' dir='ltr'><strong>semper</strong></span> <span class='ocrx_word' id='word_1_43' title='bbox 987 983 1155 1015; x_wconf 69' lang='lat' dir='ltr'><strong>victimam</strong></span> <span class='ocrx_word' id='word_1_44' title='bbox 1175 991 1195 1015; x_wconf 91' lang='lat' dir='ltr'><strong>c</strong></span> <span class='ocrx_word' id='word_1_45' title='bbox 1211 991 1254 1015; x_wconf 85' lang='lat' dir='ltr'><strong>ac</strong></span> <span class='ocrx_word' id='word_1_46' title='bbox 1268 981 1430 1016; x_wconf 84' lang='lat' dir='ltr'><strong>similiter</strong></span> <span class='ocrx_word' id='word_1_47' title='bbox 1443 982 1480 1015; x_wconf 83' lang='lat' dir='ltr'><strong>b.</strong></span> 
     </span>
    </p>
   </div>
   <div class='ocr_carea' id='block_1_6' title="bbox 79 1089 789 2714">
    <p class='ocr_par' dir='ltr' id='par_1_6' title="bbox 79 1089 789 2665">
     <span class='ocr_line' id='line_1_9' title="bbox 125 1089 778 1133; baseline -0.006 -8"><span class='ocrx_word' id='word_1_48' title='bbox 125 1091 190 1125; x_wconf 85' lang='lat' dir='ltr'><strong>Od.</strong></span> <span class='ocrx_word' id='word_1_49' title='bbox 224 1091 326 1124; x_wconf 87' lang='lat' dir='ltr'>XXX.</span> <span class='ocrx_word' id='word_1_50' title='bbox 366 1089 639 1133; x_wconf 65' lang='lat' dir='ltr'><strong>simplicissime</strong></span> <span class='ocrx_word' id='word_1_51' title='bbox 672 1089 778 1122; x_wconf 88' lang='lat' dir='ltr'><strong>huius</strong></span> 
     </span>
     <span class='ocr_line' id='line_1_10' title="bbox 79 1140 779 1183; baseline -0.006 -8"><span class='ocrx_word' id='word_1_52' title='bbox 79 1142 248 1175; x_wconf 84' lang='lat' dir='ltr'><strong>carminis</strong></span> <span class='ocrx_word' id='word_1_53' title='bbox 281 1142 530 1183; x_wconf 77' lang='lat' dir='ltr'><strong>argumentum</strong></span> <span class='ocrx_word' id='word_1_54' title='bbox 563 1140 689 1182; x_wconf 79' lang='lat' dir='ltr'><strong>exponi</strong></span> <span class='ocrx_word' id='word_1_55' title='bbox 711 1148 779 1181; x_wconf 88' lang='lat' dir='ltr'><strong>po—</strong></span> 
     </span>
     <span class='ocr_line' id='line_1_11' title="bbox 81 1190 776 1234; baseline -0.004 -10"><span class='ocrx_word' id='word_1_56' title='bbox 81 1192 153 1224; x_wconf 76' lang='lat' dir='ltr'><strong>test</strong></span> <span class='ocrx_word' id='word_1_57' title='bbox 173 1191 336 1234; x_wconf 86' lang='lat' dir='ltr'><strong>Sapphus</strong></span> <span class='ocrx_word' id='word_1_58' title='bbox 361 1199 471 1224; x_wconf 83' lang='lat' dir='ltr'><strong>versu</strong></span> <span class='ocrx_word' id='word_1_59' title='bbox 493 1191 548 1223; x_wconf 84' lang='lat' dir='ltr'><strong>Fr.</strong></span> <span class='ocrx_word' id='word_1_60' title='bbox 574 1190 628 1222; x_wconf 99' lang='grc'><strong>46.</strong></span> <span class='ocrx_word' id='word_1_61' title='bbox 666 1190 776 1222; x_wconf 85' lang='lat' dir='ltr'><strong>Neue.</strong></span> 
     </span>
     <span class='ocr_line' id='line_1_12' title="bbox 83 1234 780 1282; baseline -0.006 -9"><span class='ocrx_word' id='word_1_62' title='bbox 83 1240 207 1282; x_wconf 81' lang='lat' dir='ltr'><strong>Bergk.</strong></span> <span class='ocrx_word' id='word_1_63' title='bbox 235 1249 271 1282; x_wconf 89' lang='lat' dir='ltr'><strong>p.</strong></span> <span class='ocrx_word' id='word_1_64' title='bbox 298 1240 385 1273; x_wconf 83' lang='lat'><strong>608:</strong></span> <span class='ocrx_word' id='word_1_65' title='bbox 432 1237 670 1272; x_wconf 78' lang='grc' dir='ltr'><strong><em>Μνάσασθαί</em></strong></span> <span class='ocrx_word' id='word_1_66' title='bbox 694 1234 780 1270; x_wconf 86' lang='grc' dir='ltr'><strong><em>τινά</em></strong></span> 
     </span>
     <span class='ocr_line' id='line_1_13' title="bbox 80 1283 781 1335; baseline -0.003 -13"><span class='ocrx_word' id='word_1_67' title='bbox 80 1299 185 1332; x_wconf 86' lang='grc' dir='ltr'><strong><em>φαμι</em></strong></span> <span class='ocrx_word' id='word_1_68' title='bbox 211 1289 278 1322; x_wconf 71' lang='grc' dir='ltr'><strong>καὶ</strong></span> <span class='ocrx_word' id='word_1_69' title='bbox 299 1283 460 1335; x_wconf 74' lang='grc' dir='ltr'><strong><em>ὕστερον</em></strong></span> <span class='ocrx_word' id='word_1_70' title='bbox 488 1284 660 1331; x_wconf 78' lang='grc' dir='ltr'><strong><em>ἀμμέων.</em></strong></span> <span class='ocrx_word' id='word_1_71' title='bbox 707 1292 781 1321; x_wconf 83' lang='lat' dir='ltr'><strong>Au-</strong></span> 
     </span>
     <span class='ocr_line' id='line_1_14' title="bbox 81 1336 779 1381; baseline -0.003 -10"><span class='ocrx_word' id='word_1_72' title='bbox 81 1339 279 1381; x_wconf 77' lang='lat' dir='ltr'><strong>tiquissima</strong></span> <span class='ocrx_word' id='word_1_73' title='bbox 301 1338 450 1372; x_wconf 77' lang='lat' dir='ltr'><strong>fortasse</strong></span> <span class='ocrx_word' id='word_1_74' title='bbox 471 1336 718 1371; x_wconf 87' lang='lat' dir='ltr'><strong>huiuscemodi</strong></span> <span class='ocrx_word' id='word_1_75' title='bbox 734 1336 779 1369; x_wconf 88' lang='lat' dir='ltr'><strong>de</strong></span> 
     </span>
     <span class='ocr_line' id='line_1_15' title="bbox 82 1387 780 1431; baseline -0.003 -10"><span class='ocrx_word' id='word_1_76' title='bbox 82 1389 225 1431; x_wconf 85' lang='lat' dir='ltr'><strong>propria</strong></span> <span class='ocrx_word' id='word_1_77' title='bbox 248 1387 511 1421; x_wconf 83' lang='lat' dir='ltr'><strong>immortalitate</strong></span> <span class='ocrx_word' id='word_1_78' title='bbox 533 1388 780 1420; x_wconf 82' lang='lat' dir='ltr'><strong>vaticiniorum</strong></span> 
     </span>
     <span class='ocr_line' id='line_1_16' title="bbox 83 1437 778 1480; baseline -0.003 -10"><span class='ocrx_word' id='word_1_79' title='bbox 83 1437 249 1480; x_wconf 83' lang='lat' dir='ltr'><strong>exempla</strong></span> <span class='ocrx_word' id='word_1_80' title='bbox 278 1438 418 1471; x_wconf 79' lang='lat' dir='ltr'><strong>exstant</strong></span> <span class='ocrx_word' id='word_1_81' title='bbox 442 1438 536 1480; x_wconf 89' lang='lat' dir='ltr'><strong>apud</strong></span> <span class='ocrx_word' id='word_1_82' title='bbox 560 1438 716 1478; x_wconf 87' lang='lat' dir='ltr'><strong>Theogn.</strong></span> <span class='ocrx_word' id='word_1_83' title='bbox 742 1445 778 1469; x_wconf 85' lang='lat' dir='ltr'><strong>v.</strong></span> 
     </span>
     <span class='ocr_line' id='line_1_17' title="bbox 83 1486 782 1529; baseline -0.003 -9"><span class='ocrx_word' id='word_1_84' title='bbox 83 1487 125 1520; x_wconf 82' lang='grc'><strong>49</strong></span> <span class='ocrx_word' id='word_1_85' title='bbox 135 1496 191 1529; x_wconf 88' lang='lat' dir='ltr'><strong>sq.</strong></span> <span class='ocrx_word' id='word_1_86' title='bbox 206 1488 241 1520; x_wconf 87' lang='lat' dir='ltr'><strong>et</strong></span> <span class='ocrx_word' id='word_1_87' title='bbox 252 1486 328 1520; x_wconf 74' lang='lat'><strong>237.</strong></span> <span class='ocrx_word' id='word_1_88' title='bbox 343 1487 466 1526; x_wconf 65' lang='lat' dir='ltr'><strong>Bekk„</strong></span> <span class='ocrx_word' id='word_1_89' title='bbox 481 1495 598 1528; x_wconf 85' lang='lat' dir='ltr'><strong>neque</strong></span> <span class='ocrx_word' id='word_1_90' title='bbox 611 1486 782 1519; x_wconf 86' lang='lat' dir='ltr'><strong>abhorret</strong></span> 
     </span>
     <span class='ocr_line' id='line_1_18' title="bbox 83 1535 782 1570; baseline -0.003 0"><span class='ocrx_word' id='word_1_91' title='bbox 83 1537 263 1570; x_wconf 87' lang='lat' dir='ltr'><strong>comicum</strong></span> <span class='ocrx_word' id='word_1_92' title='bbox 306 1535 486 1569; x_wconf 81' lang='lat' dir='ltr'><strong>Philoxeni</strong></span> <span class='ocrx_word' id='word_1_93' title='bbox 527 1537 782 1569; x_wconf 85' lang='lat' dir='ltr'><strong>testamentum</strong></span> 
     </span>
     <span class='ocr_line' id='line_1_19' title="bbox 85 1585 779 1628; baseline -0.001 -10"><span class='ocrx_word' id='word_1_94' title='bbox 85 1585 182 1628; x_wconf 89' lang='lat' dir='ltr'><strong>apud</strong></span> <span class='ocrx_word' id='word_1_95' title='bbox 197 1585 448 1625; x_wconf 73' lang='lat' dir='ltr'><strong>Machaonem,</strong></span> <span class='ocrx_word' id='word_1_96' title='bbox 465 1586 593 1618; x_wconf 80' lang='lat' dir='ltr'><strong>Athen.</strong></span> <span class='ocrx_word' id='word_1_97' title='bbox 611 1586 779 1627; x_wconf 89' lang='lat' dir='ltr'><strong>Deipnos.</strong></span> 
     </span>
     <span class='ocr_line' id='line_1_20' title="bbox 89 1630 782 1692; baseline -0.004 -24"><span class='ocrx_word' id='word_1_98' title='bbox 89 1635 123 1668; x_wconf 90' lang='lat'><strong>8.</strong></span> <span class='ocrx_word' id='word_1_99' title='bbox 136 1643 172 1677; x_wconf 82' lang='lat' dir='ltr'><strong>p.</strong></span> <span class='ocrx_word' id='word_1_100' title='bbox 183 1634 242 1667; x_wconf 71' lang='lat'><strong>34⁴</strong></span> <span class='ocrx_word' id='word_1_101' title='bbox 264 1643 303 1667; x_wconf 86' lang='lat' dir='ltr'><strong>c:</strong></span> <span class='ocrx_word' id='word_1_102' title='bbox 321 1631 421 1676; x_wconf 77' lang='grc' dir='ltr'><strong><em>Τοὺς</em></strong></span> <span class='ocrx_word' id='word_1_103' title='bbox 422 1632 697 1692; x_wconf 76' lang='grc' dir='ltr'><strong><em>διθυράμβους</em></strong></span> <span class='ocrx_word' id='word_1_104' title='bbox 709 1630 782 1666; x_wconf 79' lang='grc' dir='ltr'><strong><em>σὺν</em></strong></span> 
     </span>
     <span class='ocr_line' id='line_1_21' title="bbox 84 1679 783 1741; baseline 0 -25"><span class='ocrx_word' id='word_1_105' title='bbox 84 1683 194 1725; x_wconf 74' lang='grc' dir='ltr'><strong><em>θεοῖς</em></strong></span> <span class='ocrx_word' id='word_1_106' title='bbox 212 1681 487 1727; x_wconf 77' lang='grc' dir='ltr'><strong><em>καταλιμπάνω</em></strong></span> <span class='ocrx_word' id='word_1_107' title='bbox 498 1679 783 1741; x_wconf 80' lang='grc' dir='ltr'><strong><em>Ἠνδρωμένους</em></strong></span> 
     </span>
     <span class='ocr_line' id='line_1_22' title="bbox 86 1729 783 1776; baseline -0.001 -10"><span class='ocrx_word' id='word_1_108' title='bbox 86 1734 153 1766; x_wconf 71' lang='grc' dir='ltr'><strong>καὶ</strong></span> <span class='ocrx_word' id='word_1_109' title='bbox 169 1730 315 1774; x_wconf 77' lang='grc' dir='ltr'><strong><em>πάντας</em></strong></span> <span class='ocrx_word' id='word_1_110' title='bbox 328 1733 681 1776; x_wconf 76' lang='grc' dir='ltr'><strong><em>ἐστεφανωμένους,</em></strong></span> <span class='ocrx_word' id='word_1_111' title='bbox 706 1729 783 1774; x_wconf 81' lang='grc' dir='ltr'><strong><em>Οὓς</em></strong></span> 
     </span>
     <span class='ocr_line' id='line_1_23' title="bbox 84 1779 783 1828; baseline -0.001 -13"><span class='ocrx_word' id='word_1_112' title='bbox 84 1779 298 1826; x_wconf 76' lang='grc' dir='ltr'><strong><em>ἀνατίθημι</em></strong></span> <span class='ocrx_word' id='word_1_113' title='bbox 322 1786 407 1823; x_wconf 79' lang='grc' dir='ltr'><strong><em>ταῖς</em></strong></span> <span class='ocrx_word' id='word_1_114' title='bbox 427 1781 596 1825; x_wconf 81' lang='grc' dir='ltr'><strong><em>ἐμαυτοῦ</em></strong></span> <span class='ocrx_word' id='word_1_115' title='bbox 619 1779 783 1828; x_wconf 86' lang='grc' dir='ltr'><strong><em>συντρό-</em></strong></span> 
     </span>
     <span class='ocr_line' id='line_1_24' title="bbox 84 1828 784 1879; baseline 0 -15"><span class='ocrx_word' id='word_1_116' title='bbox 84 1841 177 1873; x_wconf 86' lang='grc' dir='ltr'><strong><em>φοις</em></strong></span> <span class='ocrx_word' id='word_1_117' title='bbox 213 1829 412 1873; x_wconf 80' lang='grc' dir='ltr'><strong><em>Μούσαις,</em></strong></span> <span class='ocrx_word' id='word_1_118' title='bbox 454 1828 678 1879; x_wconf 77' lang='grc' dir='ltr'><strong><em>Ἀφροδίτην</em></strong></span> <span class='ocrx_word' id='word_1_119' title='bbox 716 1832 784 1864; x_wconf 80' lang='grc' dir='ltr'><strong>καὶ</strong></span> 
     </span>
     <span class='ocr_line' id='line_1_25' title="bbox 84 1879 784 1928; baseline -0.001 -14"><span class='ocrx_word' id='word_1_120' title='bbox 84 1880 276 1915; x_wconf 83' lang='grc' dir='ltr'><strong><em>Διόνυσον</em></strong></span> <span class='ocrx_word' id='word_1_121' title='bbox 305 1879 548 1928; x_wconf 72' lang='grc' dir='ltr'><strong><em>ἐπιτρόπους.</em></strong></span> <span class='ocrx_word' id='word_1_122' title='bbox 595 1882 666 1915; x_wconf 79' lang='lat' dir='ltr'><strong>Cfr.</strong></span> <span class='ocrx_word' id='word_1_123' title='bbox 697 1882 784 1914; x_wconf 80' lang='lat' dir='ltr'><strong>item</strong></span> 
     </span>
     <span class='ocr_line' id='line_1_26' title="bbox 86 1931 780 1974; baseline -0.001 -10"><span class='ocrx_word' id='word_1_124' title='bbox 86 1932 228 1965; x_wconf 84' lang='lat' dir='ltr'><strong>Luciani</strong></span> <span class='ocrx_word' id='word_1_125' title='bbox 243 1933 374 1973; x_wconf 79' lang='lat' dir='ltr'><strong>Imagg.</strong></span> <span class='ocrx_word' id='word_1_126' title='bbox 392 1932 446 1964; x_wconf 78' lang='lat'><strong>23.</strong></span> <span class='ocrx_word' id='word_1_127' title='bbox 468 1933 571 1974; x_wconf 85' lang='lat' dir='ltr'><strong>Prop.</strong></span> <span class='ocrx_word' id='word_1_128' title='bbox 589 1931 610 1963; x_wconf 85' lang='lat'><strong>3</strong></span> <span class='ocrx_word' id='word_1_129' title='bbox 622 1957 629 1971; x_wconf 88' lang='lat'>‚</span> <span class='ocrx_word' id='word_1_130' title='bbox 655 1932 669 1964; x_wconf 95' lang='grc'><strong>4</strong></span> <span class='ocrx_word' id='word_1_131' title='bbox 685 1956 693 1970; x_wconf 90' lang='grc'><strong>,</strong></span> <span class='ocrx_word' id='word_1_132' title='bbox 718 1931 780 1963; x_wconf 85' lang='grc'><strong>35;</strong></span> 
     </span>
     <span class='ocr_line' id='line_1_27' title="bbox 87 1981 784 2022; baseline -0.003 -8"><span class='ocrx_word' id='word_1_133' title='bbox 87 1982 204 2022; x_wconf 66' lang='lat' dir='ltr'><strong>Neque</strong></span> <span class='ocrx_word' id='word_1_134' title='bbox 243 1981 331 2013; x_wconf 76' lang='lat' dir='ltr'><strong>inter</strong></span> <span class='ocrx_word' id='word_1_135' title='bbox 372 1990 464 2014; x_wconf 76' lang='lat' dir='ltr'><strong>seros</strong></span> <span class='ocrx_word' id='word_1_136' title='bbox 495 1981 647 2014; x_wconf 76' lang='lat' dir='ltr'><strong>laudabit</strong></span> <span class='ocrx_word' id='word_1_137' title='bbox 679 1982 784 2013; x_wconf 83' lang='lat' dir='ltr'><strong>Roma</strong></span> 
     </span>
     <span class='ocr_line' id='line_1_28' title="bbox 85 2030 781 2073; baseline -0.001 -10"><span class='ocrx_word' id='word_1_138' title='bbox 85 2034 228 2072; x_wconf 73' lang='lat' dir='ltr'><strong>nepotes.</strong></span> <span class='ocrx_word' id='word_1_139' title='bbox 253 2031 285 2071; x_wconf 84' lang='lat'><strong>3,</strong></span> <span class='ocrx_word' id='word_1_140' title='bbox 304 2032 338 2071; x_wconf 74' lang='lat'><strong>2,</strong></span> <span class='ocrx_word' id='word_1_141' title='bbox 355 2031 410 2063; x_wconf 74' lang='lat'><strong>23.</strong></span> <span class='ocrx_word' id='word_1_142' title='bbox 436 2031 481 2063; x_wconf 87' lang='lat' dir='ltr'><strong>de</strong></span> <span class='ocrx_word' id='word_1_143' title='bbox 497 2030 672 2073; x_wconf 77' lang='lat' dir='ltr'><strong>poematis</strong></span> <span class='ocrx_word' id='word_1_144' title='bbox 686 2031 781 2063; x_wconf 90' lang='lat' dir='ltr'><strong>suis:</strong></span> 
     </span>
     <span class='ocr_line' id='line_1_29' title="bbox 85 2079 784 2122; baseline -0.001 -10"><span class='ocrx_word' id='word_1_145' title='bbox 85 2080 128 2112; x_wconf 64' lang='lat' dir='ltr'><strong>A!</strong></span> <span class='ocrx_word' id='word_1_146' title='bbox 147 2089 216 2112; x_wconf 75' lang='lat' dir='ltr'><strong>non</strong></span> <span class='ocrx_word' id='word_1_147' title='bbox 237 2080 370 2122; x_wconf 73' lang='grc' dir='ltr'><strong>ἰιιρωιὶο</strong></span> <span class='ocrx_word' id='word_1_148' title='bbox 394 2081 579 2121; x_wconf 75' lang='lat' dir='ltr'><strong>quaesitum</strong></span> <span class='ocrx_word' id='word_1_149' title='bbox 600 2089 720 2112; x_wconf 71' lang='lat' dir='ltr'><strong>nomen</strong></span> <span class='ocrx_word' id='word_1_150' title='bbox 741 2079 784 2111; x_wconf 83' lang='lat' dir='ltr'><strong>ab</strong></span> 
     </span>
     <span class='ocr_line' id='line_1_30' title="bbox 87 2130 785 2172; baseline -0.001 -10"><span class='ocrx_word' id='word_1_151' title='bbox 87 2138 170 2162; x_wconf 80' lang='lat' dir='ltr'><strong>aevo</strong></span> <span class='ocrx_word' id='word_1_152' title='bbox 182 2130 323 2162; x_wconf 69' lang='lat' dir='ltr'><strong>Eoecidet</strong></span> <span class='ocrx_word' id='word_1_153' title='bbox 334 2139 347 2161; x_wconf 88' lang='lat'><em>:</em></span> <span class='ocrx_word' id='word_1_154' title='bbox 368 2131 501 2172; x_wconf 74' lang='grc' dir='ltr'><strong>ιἠροηίο</strong></span> <span class='ocrx_word' id='word_1_155' title='bbox 515 2133 582 2162; x_wconf 76' lang='lat' dir='ltr'><strong>stat</strong></span> <span class='ocrx_word' id='word_1_156' title='bbox 595 2131 666 2162; x_wconf 75' lang='lat' dir='ltr'><strong>sine</strong></span> <span class='ocrx_word' id='word_1_157' title='bbox 678 2133 785 2162; x_wconf 80' lang='lat' dir='ltr'><strong>morte</strong></span> 
     </span>
     <span class='ocr_line' id='line_1_31' title="bbox 85 2179 784 2221; baseline 0.001 -10"><span class='ocrx_word' id='word_1_158' title='bbox 85 2180 195 2211; x_wconf 70' lang='lat' dir='ltr'><strong>doctas.</strong></span> <span class='ocrx_word' id='word_1_159' title='bbox 221 2179 321 2211; x_wconf 86' lang='lat' dir='ltr'><strong>ovid.</strong></span> <span class='ocrx_word' id='word_1_160' title='bbox 345 2180 423 2212; x_wconf 81' lang='lat' dir='ltr'><strong>Am.</strong></span> <span class='ocrx_word' id='word_1_161' title='bbox 454 2179 493 2219; x_wconf 98' lang='grc'><strong>4,</strong></span> <span class='ocrx_word' id='word_1_162' title='bbox 513 2180 573 2219; x_wconf 90' lang='grc'><strong>45,</strong></span> <span class='ocrx_word' id='word_1_163' title='bbox 591 2179 656 2212; x_wconf 75' lang='lat'><strong>4⁴:</strong></span> <span class='ocrx_word' id='word_1_164' title='bbox 693 2180 784 2221; x_wconf 82' lang='grc' dir='ltr'><strong><em>Ενρο</em></strong></span> 
     </span>
     <span class='ocr_line' id='line_1_32' title="bbox 86 2229 786 2269; baseline 0.001 -9"><span class='ocrx_word' id='word_1_165' title='bbox 86 2229 190 2261; x_wconf 78' lang='lat' dir='ltr'><strong>etiam</strong></span> <span class='ocrx_word' id='word_1_166' title='bbox 220 2237 297 2260; x_wconf 67' lang='lat' dir='ltr'><strong>etun</strong></span> <span class='ocrx_word' id='word_1_167' title='bbox 327 2237 381 2260; x_wconf 79' lang='lat' dir='ltr'><strong>me</strong></span> <span class='ocrx_word' id='word_1_168' title='bbox 423 2237 596 2269; x_wconf 71' lang='lat' dir='ltr'><strong>supremus</strong></span> <span class='ocrx_word' id='word_1_169' title='bbox 638 2229 786 2261; x_wconf 76' lang='lat' dir='ltr'><strong>adederit</strong></span> 
     </span>
     <span class='ocr_line' id='line_1_33' title="bbox 88 2277 787 2319; baseline 0.001 -10"><span class='ocrx_word' id='word_1_170' title='bbox 88 2277 193 2319; x_wconf 68' lang='grc' dir='ltr'><strong>ι’ριιὶε,</strong></span> <span class='ocrx_word' id='word_1_171' title='bbox 221 2277 338 2309; x_wconf 73' lang='lat' dir='ltr'><strong>Vivam</strong></span> <span class='ocrx_word' id='word_1_172' title='bbox 353 2286 502 2318; x_wconf 73' lang='lat' dir='ltr'><strong>parsque</strong></span> <span class='ocrx_word' id='word_1_173' title='bbox 522 2278 588 2310; x_wconf 77' lang='lat' dir='ltr'><strong>mei</strong></span> <span class='ocrx_word' id='word_1_174' title='bbox 608 2278 715 2310; x_wconf 78' lang='lat' dir='ltr'><strong>multa</strong></span> <span class='ocrx_word' id='word_1_175' title='bbox 732 2287 787 2310; x_wconf 78' lang='lat' dir='ltr'><strong>su—</strong></span> 
     </span>
     <span class='ocr_line' id='line_1_34' title="bbox 85 2327 788 2367; baseline 0.001 -9"><span class='ocrx_word' id='word_1_176' title='bbox 85 2329 212 2366; x_wconf 75' lang='lat' dir='ltr'><strong>perstes</strong></span> <span class='ocrx_word' id='word_1_177' title='bbox 227 2327 301 2358; x_wconf 58' lang='lat' dir='ltr'><strong>erit.</strong></span> <span class='ocrx_word' id='word_1_178' title='bbox 326 2328 408 2360; x_wconf 82' lang='lat' dir='ltr'><strong>Met.</strong></span> <span class='ocrx_word' id='word_1_179' title='bbox 427 2328 485 2366; x_wconf 83' lang='grc'><strong>45,</strong></span> <span class='ocrx_word' id='word_1_180' title='bbox 502 2327 578 2359; x_wconf 84' lang='grc'><strong>874.</strong></span> <span class='ocrx_word' id='word_1_181' title='bbox 605 2327 788 2367; x_wconf 87' lang='lat' dir='ltr'><strong>(Kirchner</strong></span> 
     </span>
     <span class='ocr_line' id='line_1_35' title="bbox 90 2374 788 2417; baseline 0 -10"><span class='ocrx_word' id='word_1_182' title='bbox 90 2376 127 2407; x_wconf 86' lang='lat' dir='ltr'><strong>et</strong></span> <span class='ocrx_word' id='word_1_183' title='bbox 154 2374 344 2408; x_wconf 82' lang='lat' dir='ltr'><strong>Grotefend</strong></span> <span class='ocrx_word' id='word_1_184' title='bbox 381 2375 543 2416; x_wconf 72' lang='lat' dir='ltr'><strong>Schriflsc.</strong></span> <span class='ocrx_word' id='word_1_185' title='bbox 582 2376 703 2417; x_wconf 65' lang='lat' dir='ltr'><strong>Lausi).</strong></span> <span class='ocrx_word' id='word_1_186' title='bbox 733 2377 788 2408; x_wconf 78' lang='lat' dir='ltr'><strong>des</strong></span> 
     </span>
     <span class='ocr_line' id='line_1_36' title="bbox 88 2424 784 2466; baseline 0 -10"><span class='ocrx_word' id='word_1_187' title='bbox 88 2424 249 2457; x_wconf 67' lang='lat' dir='ltr'><strong>Hor-atim</strong></span> <span class='ocrx_word' id='word_1_188' title='bbox 263 2433 298 2466; x_wconf 92' lang='lat' dir='ltr'><strong>p.</strong></span> <span class='ocrx_word' id='word_1_189' title='bbox 317 2425 371 2457; x_wconf 87' lang='grc'><strong>34.</strong></span> <span class='ocrx_word' id='word_1_190' title='bbox 390 2425 458 2457; x_wconf 90' lang='lat' dir='ltr'><strong>hoc</strong></span> <span class='ocrx_word' id='word_1_191' title='bbox 475 2433 622 2457; x_wconf 87' lang='lat' dir='ltr'><strong>carmen</strong></span> <span class='ocrx_word' id='word_1_192' title='bbox 637 2425 684 2457; x_wconf 91' lang='lat' dir='ltr'><strong>ad</strong></span> <span class='ocrx_word' id='word_1_193' title='bbox 698 2433 730 2456; x_wconf 90' lang='lat' dir='ltr'><strong>a.</strong></span> <span class='ocrx_word' id='word_1_194' title='bbox 749 2433 784 2456; x_wconf 91' lang='lat' dir='ltr'><strong>u.</strong></span> 
     </span>
     <span class='ocr_line' id='line_1_37' title="bbox 90 2473 784 2515; baseline 0.001 -10"><span class='ocrx_word' id='word_1_195' title='bbox 90 2482 124 2506; x_wconf 86' lang='lat' dir='ltr'><strong>c.</strong></span> <span class='ocrx_word' id='word_1_196' title='bbox 139 2473 214 2505; x_wconf 83' lang='lat'><strong>736.</strong></span> <span class='ocrx_word' id='word_1_197' title='bbox 227 2498 236 2513; x_wconf 85' lang='lat'>,</span> <span class='ocrx_word' id='word_1_198' title='bbox 261 2474 383 2505; x_wconf 87' lang='lat' dir='ltr'><strong>contra</strong></span> <span class='ocrx_word' id='word_1_199' title='bbox 401 2474 534 2506; x_wconf 89' lang='lat' dir='ltr'><strong>Franke</strong></span> <span class='ocrx_word' id='word_1_200' title='bbox 551 2474 586 2506; x_wconf 89' lang='lat' dir='ltr'><strong>F.</strong></span> <span class='ocrx_word' id='word_1_201' title='bbox 600 2474 642 2506; x_wconf 87' lang='lat' dir='ltr'><strong>H.</strong></span> <span class='ocrx_word' id='word_1_202' title='bbox 657 2483 692 2515; x_wconf 89' lang='lat' dir='ltr'><strong>p.</strong></span> <span class='ocrx_word' id='word_1_203' title='bbox 709 2474 784 2506; x_wconf 81' lang='grc'><strong>497.</strong></span> 
     </span>
     <span class='ocr_line' id='line_1_38' title="bbox 91 2523 789 2556; baseline 0.001 -1"><span class='ocrx_word' id='word_1_204' title='bbox 91 2523 138 2555; x_wconf 84' lang='lat' dir='ltr'><strong>ad</strong></span> <span class='ocrx_word' id='word_1_205' title='bbox 152 2532 185 2556; x_wconf 89' lang='lat' dir='ltr'><strong>a.</strong></span> <span class='ocrx_word' id='word_1_206' title='bbox 199 2523 275 2556; x_wconf 86' lang='lat'><strong>730.</strong></span> <span class='ocrx_word' id='word_1_207' title='bbox 292 2523 412 2555; x_wconf 78' lang='lat' dir='ltr'><strong>refert.</strong></span> <span class='ocrx_word' id='word_1_208' title='bbox 437 2525 562 2556; x_wconf 83' lang='lat' dir='ltr'><strong>Totum</strong></span> <span class='ocrx_word' id='word_1_209' title='bbox 576 2524 644 2556; x_wconf 89' lang='lat' dir='ltr'><strong>hac</strong></span> <span class='ocrx_word' id='word_1_210' title='bbox 659 2524 705 2556; x_wconf 88' lang='lat' dir='ltr'><strong>de</strong></span> <span class='ocrx_word' id='word_1_211' title='bbox 717 2523 789 2556; x_wconf 42' lang='lat' dir='ltr'><strong>dis*</strong></span> 
     </span>
     <span class='ocr_line' id='line_1_39' title="bbox 91 2573 784 2615; baseline 0.003 -11"><span class='ocrx_word' id='word_1_212' title='bbox 91 2573 270 2614; x_wconf 80' lang='lat' dir='ltr'><strong>crepantia</strong></span> <span class='ocrx_word' id='word_1_213' title='bbox 302 2573 469 2605; x_wconf 86' lang='lat' dir='ltr'><strong>iudicium</strong></span> <span class='ocrx_word' id='word_1_214' title='bbox 497 2573 630 2615; x_wconf 82' lang='lat' dir='ltr'><strong>pendet</strong></span> <span class='ocrx_word' id='word_1_215' title='bbox 651 2573 697 2606; x_wconf 83' lang='lat' dir='ltr'><strong>ab</strong></span> <span class='ocrx_word' id='word_1_216' title='bbox 721 2573 784 2606; x_wconf 89' lang='lat' dir='ltr'><strong>Od.</strong></span> 
     </span>
     <span class='ocr_line' id='line_1_40' title="bbox 93 2621 743 2665; baseline 0.002 -11"><span class='ocrx_word' id='word_1_217' title='bbox 93 2622 125 2661; x_wconf 86' lang='grc'><strong>4,</strong></span> <span class='ocrx_word' id='word_1_218' title='bbox 144 2621 176 2654; x_wconf 88' lang='grc'><strong>3.</strong></span> <span class='ocrx_word' id='word_1_219' title='bbox 202 2622 358 2654; x_wconf 82' lang='lat' dir='ltr'><strong>carmine</strong></span> <span class='ocrx_word' id='word_1_220' title='bbox 381 2622 427 2654; x_wconf 87' lang='lat' dir='ltr'><strong>ad</strong></span> <span class='ocrx_word' id='word_1_221' title='bbox 444 2631 573 2655; x_wconf 88' lang='lat' dir='ltr'><strong>navem</strong></span> <span class='ocrx_word' id='word_1_222' title='bbox 588 2622 743 2665; x_wconf 85' lang='lat' dir='ltr'><strong>Virgilii.)</strong></span> 
     </span>
    </p>

    <p class='ocr_par' dir='ltr' id='par_1_7' title="bbox 138 2670 787 2714">
     <span class='ocr_line' id='line_1_41' title="bbox 138 2670 787 2714; baseline 0.005 -11"><span class='ocrx_word' id='word_1_223' title='bbox 138 2672 169 2703; x_wconf 92' lang='grc'><strong>4.</strong></span> <span class='ocrx_word' id='word_1_224' title='bbox 199 2671 323 2713; x_wconf 72' lang='grc' dir='ltr'>Εωσρὶ]</span> <span class='ocrx_word' id='word_1_225' title='bbox 349 2670 522 2711; x_wconf 75' lang='lat' dir='ltr'><strong>«absolvi,</strong></span> <span class='ocrx_word' id='word_1_226' title='bbox 547 2672 722 2714; x_wconf 72' lang='lat' dir='ltr'><strong>perfeci»,</strong></span> <span class='ocrx_word' id='word_1_227' title='bbox 748 2674 787 2706; x_wconf 87' lang='lat' dir='ltr'><strong>ut</strong></span> 
     </span>
    </p>
   </div>
   <div class='ocr_carea' id='block_1_7' title="bbox 827 1087 1533 1749">
    <p class='ocr_par' dir='ltr' id='par_1_8' title="bbox 827 1087 1531 1478">
     <span class='ocr_line' id='line_1_42' title="bbox 827 1087 1530 1130; baseline -0.001 -9"><span class='ocrx_word' id='word_1_228' title='bbox 827 1090 925 1130; x_wconf 86' lang='lat' dir='ltr'><strong>patet</strong></span> <span class='ocrx_word' id='word_1_229' title='bbox 952 1096 996 1120; x_wconf 82' lang='lat' dir='ltr'><strong>ex</strong></span> <span class='ocrx_word' id='word_1_230' title='bbox 1012 1087 1110 1123; x_wconf 79' lang='lat' dir='ltr'><strong>ovid,</strong></span> <span class='ocrx_word' id='word_1_231' title='bbox 1129 1088 1210 1121; x_wconf 75' lang='lat' dir='ltr'><strong>Met.</strong></span> <span class='ocrx_word' id='word_1_232' title='bbox 1234 1088 1294 1128; x_wconf 86' lang='grc'><strong>45,</strong></span> <span class='ocrx_word' id='word_1_233' title='bbox 1317 1088 1402 1121; x_wconf 72' lang='grc' dir='ltr'><strong>874ε</strong></span> <span class='ocrx_word' id='word_1_234' title='bbox 1437 1088 1530 1120; x_wconf 77' lang='grc' dir='ltr'><strong><em>[σιη-</em></strong></span> 
     </span>
     <span class='ocr_line' id='line_1_43' title="bbox 828 1134 1528 1179; baseline 0 -9"><span class='ocrx_word' id='word_1_235' title='bbox 828 1147 892 1178; x_wconf 77' lang='lat' dir='ltr'><strong>que</strong></span> <span class='ocrx_word' id='word_1_236' title='bbox 914 1147 997 1179; x_wconf 76' lang='lat' dir='ltr'><strong>opus</strong></span> <span class='ocrx_word' id='word_1_237' title='bbox 1018 1139 1137 1179; x_wconf 66' lang='lat' dir='ltr'><strong>mai,</strong></span> <span class='ocrx_word' id='word_1_238' title='bbox 1174 1134 1262 1178; x_wconf 74' lang='grc' dir='ltr'><strong>ρῖιοά</strong></span> <span class='ocrx_word' id='word_1_239' title='bbox 1283 1147 1343 1170; x_wconf 73' lang='lat' dir='ltr'><strong>noc</strong></span> <span class='ocrx_word' id='word_1_240' title='bbox 1364 1139 1452 1171; x_wconf 74' lang='lat' dir='ltr'><strong>Iovis</strong></span> <span class='ocrx_word' id='word_1_241' title='bbox 1471 1139 1528 1170; x_wconf 79' lang='lat' dir='ltr'><strong>im</strong></span> 
     </span>
     <span class='ocr_line' id='line_1_44' title="bbox 827 1187 1531 1230; baseline 0 -9"><span class='ocrx_word' id='word_1_242' title='bbox 827 1197 887 1221; x_wconf 77' lang='lat' dir='ltr'><strong>noc</strong></span> <span class='ocrx_word' id='word_1_243' title='bbox 920 1188 1013 1230; x_wconf 65' lang='grc' dir='ltr'><strong><em>ἄρηα</em></strong></span> <span class='ocrx_word' id='word_1_244' title='bbox 1044 1188 1113 1220; x_wconf 82' lang='lat' dir='ltr'><strong>Noc</strong></span> <span class='ocrx_word' id='word_1_245' title='bbox 1146 1188 1271 1228; x_wconf 73' lang='lat' dir='ltr'><strong>poterit</strong></span> <span class='ocrx_word' id='word_1_246' title='bbox 1308 1187 1439 1229; x_wconf 75' lang='lat' dir='ltr'><strong>serr-um</strong></span> <span class='ocrx_word' id='word_1_247' title='bbox 1471 1197 1531 1221; x_wconf 75' lang='lat' dir='ltr'><strong>nec</strong></span> 
     </span>
     <span class='ocr_line' id='line_1_45' title="bbox 829 1236 1528 1279; baseline -0.001 -9"><span class='ocrx_word' id='word_1_248' title='bbox 829 1239 919 1270; x_wconf 62' lang='lat' dir='ltr'><strong>edan:</strong></span> <span class='ocrx_word' id='word_1_249' title='bbox 940 1237 1071 1270; x_wconf 68' lang='lat' dir='ltr'><strong>abolore</strong></span> <span class='ocrx_word' id='word_1_250' title='bbox 1094 1240 1250 1269; x_wconf 76' lang='lat' dir='ltr'><strong>vetustas.</strong></span> <span class='ocrx_word' id='word_1_251' title='bbox 1298 1238 1403 1279; x_wconf 89' lang='lat' dir='ltr'><strong>Prop.</strong></span> <span class='ocrx_word' id='word_1_252' title='bbox 1428 1236 1469 1276; x_wconf 84' lang='lat'><strong>3,</strong></span> <span class='ocrx_word' id='word_1_253' title='bbox 1495 1237 1528 1277; x_wconf 89' lang='grc'><strong>4,</strong></span> 
     </span>
     <span class='ocr_line' id='line_1_46' title="bbox 830 1286 1527 1327; baseline -0.001 -8"><span class='ocrx_word' id='word_1_254' title='bbox 830 1287 873 1320; x_wconf 89' lang='lat'><strong>8:</strong></span> <span class='ocrx_word' id='word_1_255' title='bbox 897 1287 1049 1319; x_wconf 67' lang='lat' dir='ltr'><strong>Exactus</strong></span> <span class='ocrx_word' id='word_1_256' title='bbox 1070 1287 1160 1319; x_wconf 74' lang='lat' dir='ltr'><strong>tenui</strong></span> <span class='ocrx_word' id='word_1_257' title='bbox 1179 1286 1313 1327; x_wconf 73' lang='lat' dir='ltr'><strong>pumice</strong></span> <span class='ocrx_word' id='word_1_258' title='bbox 1332 1294 1448 1319; x_wconf 73' lang='lat' dir='ltr'><strong>versus</strong></span> <span class='ocrx_word' id='word_1_259' title='bbox 1461 1289 1527 1318; x_wconf 76' lang='grc' dir='ltr'><strong><em>σαι.</em></strong></span> 
     </span>
     <span class='ocr_line' id='line_1_47' title="bbox 828 1335 1528 1375; baseline -0.001 -6"><span class='ocrx_word' id='word_1_260' title='bbox 828 1338 906 1370; x_wconf 83' lang='lat' dir='ltr'><strong>Non</strong></span> <span class='ocrx_word' id='word_1_261' title='bbox 929 1338 1001 1375; x_wconf 85' lang='lat' dir='ltr'><strong>est,</strong></span> <span class='ocrx_word' id='word_1_262' title='bbox 1027 1338 1066 1368; x_wconf 87' lang='lat' dir='ltr'><strong>ut</strong></span> <span class='ocrx_word' id='word_1_263' title='bbox 1087 1335 1144 1368; x_wconf 90' lang='lat' dir='ltr'><strong>alii</strong></span> <span class='ocrx_word' id='word_1_264' title='bbox 1167 1335 1312 1369; x_wconf 84' lang='lat' dir='ltr'><strong>volunt:</strong></span> <span class='ocrx_word' id='word_1_265' title='bbox 1338 1336 1395 1368; x_wconf 68' lang='lat' dir='ltr'><strong>uin</strong></span> <span class='ocrx_word' id='word_1_266' title='bbox 1418 1335 1528 1368; x_wconf 81' lang='lat' dir='ltr'><strong>altum</strong></span> 
     </span>
     <span class='ocr_line' id='line_1_48' title="bbox 830 1386 1529 1428; baseline 0 -10"><span class='ocrx_word' id='word_1_267' title='bbox 830 1386 977 1419; x_wconf 81' lang='lat' dir='ltr'><strong>eduxi.»</strong></span> <span class='ocrx_word' id='word_1_268' title='bbox 1011 1404 1048 1409; x_wconf 91' lang='lat'>—</span> <span class='ocrx_word' id='word_1_269' title='bbox 1089 1386 1184 1428; x_wconf 78' lang='lat' dir='ltr'><strong>aere]</strong></span> <span class='ocrx_word' id='word_1_270' title='bbox 1226 1386 1367 1418; x_wconf 77' lang='lat' dir='ltr'><strong>«aereis</strong></span> <span class='ocrx_word' id='word_1_271' title='bbox 1404 1386 1529 1419; x_wconf 79' lang='lat' dir='ltr'><strong>statuis</strong></span> 
     </span>
     <span class='ocr_line' id='line_1_49' title="bbox 830 1435 1282 1478; baseline 0 -10"><span class='ocrx_word' id='word_1_272' title='bbox 830 1435 1008 1478; x_wconf 79' lang='lat' dir='ltr'><strong>titulisque</strong></span> <span class='ocrx_word' id='word_1_273' title='bbox 1032 1437 1105 1468; x_wconf 86' lang='lat' dir='ltr'><strong>aeri</strong></span> <span class='ocrx_word' id='word_1_274' title='bbox 1129 1436 1282 1469; x_wconf 77' lang='lat' dir='ltr'><strong>incisis.»</strong></span> 
     </span>
    </p>

    <p class='ocr_par' dir='ltr' id='par_1_9' title="bbox 831 1508 1533 1749">
     <span class='ocr_line' id='line_1_50' title="bbox 873 1508 1529 1552; baseline 0 -10"><span class='ocrx_word' id='word_1_275' title='bbox 873 1511 906 1543; x_wconf 73' lang='lat'><strong>2.</strong></span> <span class='ocrx_word' id='word_1_276' title='bbox 946 1510 1030 1552; x_wconf 75' lang='lat' dir='ltr'><strong>situ]</strong></span> <span class='ocrx_word' id='word_1_277' title='bbox 1071 1510 1377 1549; x_wconf 71' lang='lat' dir='ltr'><strong>«constructione,</strong></span> <span class='ocrx_word' id='word_1_278' title='bbox 1415 1508 1529 1548; x_wconf 82' lang='lat' dir='ltr'><strong>mole;</strong></span> 
     </span>
     <span class='ocr_line' id='line_1_51' title="bbox 831 1559 1531 1602; baseline -0.001 -10"><span class='ocrx_word' id='word_1_279' title='bbox 831 1559 1079 1602; x_wconf 85' lang='lat' dir='ltr'><strong>pyramidibus</strong></span> <span class='ocrx_word' id='word_1_280' title='bbox 1110 1560 1266 1592; x_wconf 80' lang='lat' dir='ltr'><strong>maximo</strong></span> <span class='ocrx_word' id='word_1_281' title='bbox 1302 1561 1448 1601; x_wconf 87' lang='lat' dir='ltr'><strong>sumptu</strong></span> <span class='ocrx_word' id='word_1_282' title='bbox 1484 1559 1531 1592; x_wconf 84' lang='lat' dir='ltr'><strong>ab</strong></span> 
     </span>
     <span class='ocr_line' id='line_1_52' title="bbox 831 1608 1530 1651; baseline 0.001 -10"><span class='ocrx_word' id='word_1_283' title='bbox 831 1609 982 1651; x_wconf 84' lang='lat' dir='ltr'><strong>Aegypti</strong></span> <span class='ocrx_word' id='word_1_284' title='bbox 1012 1608 1157 1650; x_wconf 88' lang='lat' dir='ltr'><strong>regibus</strong></span> <span class='ocrx_word' id='word_1_285' title='bbox 1187 1608 1466 1642; x_wconf 81' lang='lat' dir='ltr'><strong>exaedificatis.»</strong></span> <span class='ocrx_word' id='word_1_286' title='bbox 1494 1627 1530 1632; x_wconf 98' lang='lat'><strong>—</strong></span> 
     </span>
     <span class='ocr_line' id='line_1_53' title="bbox 832 1657 1533 1700; baseline 0 -10"><span class='ocrx_word' id='word_1_287' title='bbox 832 1658 948 1700; x_wconf 75' lang='lat' dir='ltr'><strong>altius]</strong></span> <span class='ocrx_word' id='word_1_288' title='bbox 984 1660 1159 1700; x_wconf 83' lang='lat' dir='ltr'><strong>quatenus</strong></span> <span class='ocrx_word' id='word_1_289' title='bbox 1185 1657 1370 1699; x_wconf 85' lang='lat' dir='ltr'><strong>gloriosius</strong></span> <span class='ocrx_word' id='word_1_290' title='bbox 1397 1659 1451 1691; x_wconf 89' lang='lat' dir='ltr'><strong>est</strong></span> <span class='ocrx_word' id='word_1_291' title='bbox 1482 1659 1533 1690; x_wconf 86' lang='lat' dir='ltr'><strong>in—</strong></span> 
     </span>
     <span class='ocr_line' id='line_1_54' title="bbox 833 1708 1529 1749; baseline 0 -9"><span class='ocrx_word' id='word_1_292' title='bbox 833 1708 924 1749; x_wconf 89' lang='lat' dir='ltr'><strong>genii</strong></span> <span class='ocrx_word' id='word_1_293' title='bbox 959 1716 1067 1749; x_wconf 85' lang='lat' dir='ltr'><strong>quam</strong></span> <span class='ocrx_word' id='word_1_294' title='bbox 1098 1716 1207 1749; x_wconf 90' lang='lat' dir='ltr'><strong>opum</strong></span> <span class='ocrx_word' id='word_1_295' title='bbox 1245 1708 1529 1741; x_wconf 86' lang='lat' dir='ltr'><strong>monumentum.</strong></span> 
     </span>
    </p>
   </div>
   <div class='ocr_carea' id='block_1_8' title="bbox 834 1755 1534 1848">
    <p class='ocr_par' dir='ltr' id='par_1_10' title="bbox 834 1755 1534 1848">
     <span class='ocr_line' id='line_1_55' title="bbox 834 1755 1534 1798; baseline 0.001 -10"><span class='ocrx_word' id='word_1_296' title='bbox 834 1757 1075 1798; x_wconf 83' lang='lat' dir='ltr'><strong>(Pyramidum</strong></span> <span class='ocrx_word' id='word_1_297' title='bbox 1105 1757 1258 1789; x_wconf 84' lang='lat' dir='ltr'><strong>maxima</strong></span> <span class='ocrx_word' id='word_1_298' title='bbox 1282 1755 1351 1788; x_wconf 76' lang='lat' dir='ltr'><strong>alta</strong></span> <span class='ocrx_word' id='word_1_299' title='bbox 1371 1765 1451 1790; x_wconf 89' lang='lat' dir='ltr'><strong>esse</strong></span> <span class='ocrx_word' id='word_1_300' title='bbox 1479 1757 1534 1789; x_wconf 90' lang='lat' dir='ltr'><strong>di-</strong></span> 
     </span>
     <span class='ocr_line' id='line_1_56' title="bbox 834 1805 1293 1848; baseline 0 -10"><span class='ocrx_word' id='word_1_301' title='bbox 834 1807 924 1838; x_wconf 87' lang='lat' dir='ltr'><strong>citur</strong></span> <span class='ocrx_word' id='word_1_302' title='bbox 940 1805 1054 1848; x_wconf 91' lang='lat' dir='ltr'><strong>pedes</strong></span> <span class='ocrx_word' id='word_1_303' title='bbox 1081 1806 1293 1846; x_wconf 88' lang='lat' dir='ltr'>CCCCLIV.)</span> 
     </span>
    </p>
   </div>
   <div class='ocr_carea' id='block_1_9' title="bbox 830 1879 1533 2714">
    <p class='ocr_par' dir='ltr' id='par_1_11' title="bbox 833 1879 1533 2714">
     <span class='ocr_line' id='line_1_57' title="bbox 875 1879 1533 1921; baseline 0 -9"><span class='ocrx_word' id='word_1_304' title='bbox 875 1880 907 1912; x_wconf 88' lang='lat'><strong>3.</strong></span> <span class='ocrx_word' id='word_1_305' title='bbox 943 1879 1048 1912; x_wconf 69' lang='lat' dir='ltr'><strong>imber</strong></span> <span class='ocrx_word' id='word_1_306' title='bbox 1069 1879 1177 1921; x_wconf 68' lang='lat' dir='ltr'><strong>edam]</strong></span> <span class='ocrx_word' id='word_1_307' title='bbox 1217 1887 1449 1921; x_wconf 79' lang='lat' dir='ltr'><strong>«compagem</strong></span> <span class='ocrx_word' id='word_1_308' title='bbox 1472 1888 1533 1912; x_wconf 89' lang='lat' dir='ltr'><strong>sa-</strong></span> 
     </span>
     <span class='ocr_line' id='line_1_58' title="bbox 833 1928 1533 1971; baseline -0.001 -9"><span class='ocrx_word' id='word_1_309' title='bbox 833 1938 938 1962; x_wconf 84' lang='lat' dir='ltr'><strong>xeam</strong></span> <span class='ocrx_word' id='word_1_310' title='bbox 959 1928 1142 1971; x_wconf 85' lang='lat' dir='ltr'><strong>paullatim</strong></span> <span class='ocrx_word' id='word_1_311' title='bbox 1165 1928 1323 1969; x_wconf 80' lang='lat' dir='ltr'><strong>solvens,</strong></span> <span class='ocrx_word' id='word_1_312' title='bbox 1348 1937 1410 1962; x_wconf 90' lang='lat' dir='ltr'><strong>aes</strong></span> <span class='ocrx_word' id='word_1_313' title='bbox 1431 1938 1533 1962; x_wconf 80' lang='lat' dir='ltr'><strong>arm-</strong></span> 
     </span>
     <span class='ocr_line' id='line_1_59' title="bbox 834 1978 1528 2020; baseline 0 -9"><span class='ocrx_word' id='word_1_314' title='bbox 834 1978 946 2018; x_wconf 87' lang='lat' dir='ltr'><strong>dens‚</strong></span> <span class='ocrx_word' id='word_1_315' title='bbox 971 1978 1116 2011; x_wconf 82' lang='lat' dir='ltr'><strong>inducta</strong></span> <span class='ocrx_word' id='word_1_316' title='bbox 1139 1979 1342 2020; x_wconf 86' lang='lat' dir='ltr'><strong>aerugine.</strong></span> <span class='ocrx_word' id='word_1_317' title='bbox 1389 1978 1528 2011; x_wconf 83' lang='lat' dir='ltr'><strong>Pindar.</strong></span> 
     </span>
     <span class='ocr_line' id='line_1_60' title="bbox 834 2024 1532 2071; baseline 0 -11"><span class='ocrx_word' id='word_1_318' title='bbox 834 2029 935 2069; x_wconf 79' lang='lat' dir='ltr'><strong>Pyth.</strong></span> <span class='ocrx_word' id='word_1_319' title='bbox 964 2028 1005 2068; x_wconf 91' lang='lat'><strong>6,</strong></span> <span class='ocrx_word' id='word_1_320' title='bbox 1024 2029 1062 2060; x_wconf 87' lang='lat'><strong>7:</strong></span> <span class='ocrx_word' id='word_1_321' title='bbox 1095 2024 1275 2070; x_wconf 79' lang='grc' dir='ltr'><strong><em>Ετοῖμος</em></strong></span> <span class='ocrx_word' id='word_1_322' title='bbox 1298 2037 1429 2070; x_wconf 86' lang='grc' dir='ltr'><strong><em>υμνων</em></strong></span> <span class='ocrx_word' id='word_1_323' title='bbox 1451 2028 1532 2071; x_wconf 84' lang='grc' dir='ltr'><strong>Θη-</strong></span> 
     </span>
     <span class='ocr_line' id='line_1_61' title="bbox 834 2073 1533 2135; baseline 0.001 -26"><span class='ocrx_word' id='word_1_324' title='bbox 834 2075 980 2124; x_wconf 89' lang='grc' dir='ltr'><strong><em>σαυρὸς</em></strong></span> <span class='ocrx_word' id='word_1_325' title='bbox 1011 2076 1053 2110; x_wconf 84' lang='grc' dir='ltr'><strong><em>ἐν</em></strong></span> <span class='ocrx_word' id='word_1_326' title='bbox 1085 2074 1317 2135; x_wconf 77' lang='grc' dir='ltr'><strong><em>πολυχρύσῳ</em></strong></span> <span class='ocrx_word' id='word_1_327' title='bbox 1347 2073 1533 2110; x_wconf 78' lang='grc' dir='ltr'><strong><em>Ἀπολλω-</em></strong></span> 
     </span>
     <span class='ocr_line' id='line_1_62' title="bbox 833 2123 1533 2171; baseline 0.001 -12"><span class='ocrx_word' id='word_1_328' title='bbox 833 2128 897 2171; x_wconf 72' lang='grc' dir='ltr'><strong><em>νέᾳ</em></strong></span> <span class='ocrx_word' id='word_1_329' title='bbox 928 2128 1157 2166; x_wconf 77' lang='grc' dir='ltr'><strong>τετείχισται</strong></span> <span class='ocrx_word' id='word_1_330' title='bbox 1188 2123 1305 2171; x_wconf 75' lang='grc' dir='ltr'><strong><em>νάπᾳ·</em></strong></span> <span class='ocrx_word' id='word_1_331' title='bbox 1339 2124 1415 2160; x_wconf 87' lang='grc' dir='ltr'><strong><em>Τὸν</em></strong></span> <span class='ocrx_word' id='word_1_332' title='bbox 1444 2123 1533 2160; x_wconf 72' lang='grc' dir='ltr'><strong><em>οὔτε</em></strong></span> 
     </span>
     <span class='ocr_line' id='line_1_63' title="bbox 830 2172 1530 2233; baseline 0.001 -25.007"><span class='ocrx_word' id='word_1_333' title='bbox 830 2177 1028 2233; x_wconf 80' lang='grc' dir='ltr'><strong><em>χειμέριος</em></strong></span> <span class='ocrx_word' id='word_1_334' title='bbox 1043 2172 1193 2223; x_wconf 82' lang='grc' dir='ltr'><strong><em>ὄμβρος</em></strong></span> <span class='ocrx_word' id='word_1_335' title='bbox 1207 2173 1373 2218; x_wconf 74' lang='grc' dir='ltr'><strong><em>ἐπακτὸς</em></strong></span> <span class='ocrx_word' id='word_1_336' title='bbox 1394 2174 1530 2217; x_wconf 72' lang='grc' dir='ltr'><strong><em>ἐλθών,</em></strong></span> 
     </span>
     <span class='ocr_line' id='line_1_64' title="bbox 830 2222 1533 2283; baseline 0.003 -25.029"><span class='ocrx_word' id='word_1_337' title='bbox 830 2222 1062 2283; x_wconf 84' lang='grc' dir='ltr'><strong><em>Ἕριβρόμου</em></strong></span> <span class='ocrx_word' id='word_1_338' title='bbox 1075 2224 1237 2267; x_wconf 79' lang='grc' dir='ltr'><strong><em>νεφέλας</em></strong></span> <span class='ocrx_word' id='word_1_339' title='bbox 1246 2223 1416 2272; x_wconf 84' lang='grc' dir='ltr'><strong><em>Στρατὸς</em></strong></span> <span class='ocrx_word' id='word_1_340' title='bbox 1425 2222 1533 2269; x_wconf 80' lang='grc' dir='ltr'><strong><em>ἀμεί-</em></strong></span> 
     </span>
     <span class='ocr_line' id='line_1_65' title="bbox 834 2271 1532 2319; baseline 0.001 -11"><span class='ocrx_word' id='word_1_341' title='bbox 834 2275 964 2316; x_wconf 80' lang='grc' dir='ltr'><strong><em>λιχος,</em></strong></span> <span class='ocrx_word' id='word_1_342' title='bbox 1011 2271 1091 2308; x_wconf 69' lang='grc' dir='ltr'><strong><em>οὔτ’</em></strong></span> <span class='ocrx_word' id='word_1_343' title='bbox 1123 2285 1263 2319; x_wconf 80' lang='grc' dir='ltr'><strong><em>ανεμοι</em></strong></span> <span class='ocrx_word' id='word_1_344' title='bbox 1305 2275 1346 2316; x_wconf 86' lang='grc' dir='ltr'><strong><em>ἐς</em></strong></span> <span class='ocrx_word' id='word_1_345' title='bbox 1380 2273 1532 2318; x_wconf 77' lang='grc' dir='ltr'><strong><em>μυχοὺς</em></strong></span> 
     </span>
     <span class='ocr_line' id='line_1_66' title="bbox 830 2320 1532 2371; baseline 0.001 -15.009"><span class='ocrx_word' id='word_1_346' title='bbox 830 2321 937 2365; x_wconf 76' lang='grc' dir='ltr'><strong><em>Ἀλὸς</em></strong></span> <span class='ocrx_word' id='word_1_347' title='bbox 983 2320 1134 2366; x_wconf 76' lang='grc' dir='ltr'><strong><em>αξοισι</em></strong></span> <span class='ocrx_word' id='word_1_348' title='bbox 1158 2322 1353 2371; x_wconf 80' lang='grc' dir='ltr'><strong><em>παμφόρῳ</em></strong></span> <span class='ocrx_word' id='word_1_349' title='bbox 1398 2323 1532 2371; x_wconf 83' lang='grc' dir='ltr'><strong><em>χεράδι</em></strong></span> 
     </span>
     <span class='ocr_line' id='line_1_67' title="bbox 837 2372 1527 2416; baseline -0.001 -9"><span class='ocrx_word' id='word_1_350' title='bbox 837 2372 1086 2416; x_wconf 75' lang='grc' dir='ltr'><strong><em>Τυπτόμενοι.</em></strong></span> <span class='ocrx_word' id='word_1_351' title='bbox 1125 2375 1229 2416; x_wconf 89' lang='lat' dir='ltr'><strong>(Virg.</strong></span> <span class='ocrx_word' id='word_1_352' title='bbox 1258 2376 1344 2407; x_wconf 79' lang='lat' dir='ltr'><strong>Aen.</strong></span> <span class='ocrx_word' id='word_1_353' title='bbox 1373 2375 1412 2413; x_wconf 77' lang='lat'><strong>2,</strong></span> <span class='ocrx_word' id='word_1_354' title='bbox 1441 2375 1527 2407; x_wconf 85' lang='lat'><strong>758:</strong></span> 
     </span>
     <span class='ocr_line' id='line_1_68' title="bbox 835 2423 1527 2466; baseline -0.001 -10"><span class='ocrx_word' id='word_1_355' title='bbox 835 2424 923 2466; x_wconf 73' lang='grc' dir='ltr'><strong><em>ἰρηᾰε</em></strong></span> <span class='ocrx_word' id='word_1_356' title='bbox 936 2425 1036 2456; x_wconf 66' lang='lat' dir='ltr'><strong>edax.</strong></span> <span class='ocrx_word' id='word_1_357' title='bbox 1061 2424 1260 2457; x_wconf 88' lang='lat' dir='ltr'><strong>Simonides</strong></span> <span class='ocrx_word' id='word_1_358' title='bbox 1271 2424 1384 2465; x_wconf 85' lang='lat' dir='ltr'><strong>Bergk</strong></span> <span class='ocrx_word' id='word_1_359' title='bbox 1395 2433 1431 2465; x_wconf 92' lang='lat' dir='ltr'><strong>p.</strong></span> <span class='ocrx_word' id='word_1_360' title='bbox 1446 2423 1527 2456; x_wconf 77' lang='lat'><strong>774:</strong></span> 
     </span>
     <span class='ocr_line' id='line_1_69' title="bbox 837 2469 1531 2520; baseline 0 -15"><span class='ocrx_word' id='word_1_361' title='bbox 837 2471 978 2520; x_wconf 82' lang='grc' dir='ltr'><strong><em>χρόνος</em></strong></span> <span class='ocrx_word' id='word_1_362' title='bbox 1000 2469 1092 2515; x_wconf 76' lang='grc' dir='ltr'><strong><em>ὀξὺς</em></strong></span> <span class='ocrx_word' id='word_1_363' title='bbox 1113 2469 1275 2514; x_wconf 81' lang='grc' dir='ltr'><strong><em>ὀδόντας</em></strong></span> <span class='ocrx_word' id='word_1_364' title='bbox 1303 2471 1436 2505; x_wconf 83' lang='grc' dir='ltr'><strong><em>Πάντα</em></strong></span> <span class='ocrx_word' id='word_1_365' title='bbox 1459 2482 1531 2505; x_wconf 82' lang='grc' dir='ltr'><strong>κα-</strong></span> 
     </span>
     <span class='ocr_line' id='line_1_70' title="bbox 836 2520 1530 2566; baseline -0.001 -11"><span class='ocrx_word' id='word_1_366' title='bbox 836 2520 1009 2566; x_wconf 86' lang='grc' dir='ltr'><strong><em>ταψήχει</em></strong></span> <span class='ocrx_word' id='word_1_367' title='bbox 1031 2523 1098 2556; x_wconf 78' lang='grc' dir='ltr'><strong>καὶ</strong></span> <span class='ocrx_word' id='word_1_368' title='bbox 1121 2521 1337 2562; x_wconf 86' lang='grc' dir='ltr'><strong><em>βιαιότατα.</em></strong></span> <span class='ocrx_word' id='word_1_369' title='bbox 1389 2523 1530 2555; x_wconf 88' lang='lat' dir='ltr'><strong>Curtius</strong></span> 
     </span>
     <span class='ocr_line' id='line_1_71' title="bbox 836 2572 1532 2614; baseline -0.004 -8"><span class='ocrx_word' id='word_1_370' title='bbox 836 2572 876 2613; x_wconf 78' lang='lat'><strong>4,</strong></span> <span class='ocrx_word' id='word_1_371' title='bbox 901 2573 939 2613; x_wconf 89' lang='grc'><strong>8,</strong></span> <span class='ocrx_word' id='word_1_372' title='bbox 963 2573 1006 2605; x_wconf 85' lang='lat'><strong>8:</strong></span> <span class='ocrx_word' id='word_1_373' title='bbox 1045 2574 1410 2614; x_wconf 74' lang='lat' dir='ltr'><strong>necullatamfirma</strong></span> <span class='ocrx_word' id='word_1_374' title='bbox 1430 2572 1532 2604; x_wconf 73' lang='lat' dir='ltr'><strong>moles</strong></span> 
     </span>
     <span class='ocr_line' id='line_1_72' title="bbox 836 2621 1526 2663; baseline -0.004 -8"><span class='ocrx_word' id='word_1_375' title='bbox 836 2626 900 2663; x_wconf 81' lang='lat' dir='ltr'><strong>est,</strong></span> <span class='ocrx_word' id='word_1_376' title='bbox 936 2631 1038 2663; x_wconf 76' lang='lat' dir='ltr'><strong>quam</strong></span> <span class='ocrx_word' id='word_1_377' title='bbox 1069 2630 1136 2655; x_wconf 74' lang='grc' dir='ltr'><strong>ιιοη</strong></span> <span class='ocrx_word' id='word_1_378' title='bbox 1158 2623 1302 2655; x_wconf 65' lang='lat' dir='ltr'><strong>wedam</strong></span> <span class='ocrx_word' id='word_1_379' title='bbox 1326 2621 1465 2662; x_wconf 77' lang='lat' dir='ltr'><strong>undae.)</strong></span> <span class='ocrx_word' id='word_1_380' title='bbox 1491 2640 1526 2644; x_wconf 92' lang='lat'><em>—</em></span> 
     </span>
     <span class='ocr_line' id='line_1_73' title="bbox 835 2671 1530 2714; baseline -0.003 -10"><span class='ocrx_word' id='word_1_381' title='bbox 835 2672 1011 2714; x_wconf 81' lang='lat' dir='ltr'><strong>impotens]</strong></span> <span class='ocrx_word' id='word_1_382' title='bbox 1048 2673 1144 2710; x_wconf 80' lang='lat' dir='ltr'><strong>«sui;</strong></span> <span class='ocrx_word' id='word_1_383' title='bbox 1185 2671 1252 2704; x_wconf 89' lang='lat' dir='ltr'><strong>sibi</strong></span> <span class='ocrx_word' id='word_1_384' title='bbox 1283 2680 1352 2703; x_wconf 91' lang='lat' dir='ltr'><strong>non</strong></span> <span class='ocrx_word' id='word_1_385' title='bbox 1389 2673 1530 2712; x_wconf 79' lang='lat' dir='ltr'><strong>tempe·</strong></span> 
     </span>
    </p>
   </div>
  </div>
 </body>
</html>
