1722 2904
474 57 479 61 ⁵
549 61 628 95 un.
653 61 709 94 111.
756 61 795 94 C.
821 59 936 93 XXIV.

176 166 366 210 Haerere
397 164 607 222 ingenuus
636 178 746 222 puer

1418 57 1495 99 484

230 245 471 303 Venarique
501 245 638 294 timet,
669 244 820 288 ludere
851 239 1035 290 doctior]

175 350 262 394 Seu
293 349 458 393 Graeco
488 349 638 393 iubeas
666 349 815 393 trocho

232 433 319 476 Seu
348 430 471 475 malis
500 431 628 475 vetita
656 429 824 487 legibus
854 429 967 479 alea,

177 513 284 556 Cum
312 511 488 569 periura
516 511 650 568 patris
679 509 788 554 fides

230 593 483 636 Consortem
511 591 678 634 socium
706 589 821 634 fallat
849 596 892 632 et
922 590 1134 646 hospitem

175 696 441 754 Indignoque
470 696 698 752 pecuniam

230 775 388 820 Heredi
417 783 632 833 properet.
693 774 864 819 Scilicet
892 774 1115 832 improbae

148 889 202 922 59.
233 889 357 929 petiam
383 888 422 920 T.
449 905 485 911 —
511 887 565 919 60.
591 887 781 919 consortem
806 890 838 919 et
862 888 987 919 socium
1018 886 1174 919 malebat
1196 886 1384 920 Bentleius.
1422 907 1457 911 —

104 939 244 979 hospites
256 939 294 976 Τ,
318 946 445 977 omnes
459 936 633 976 Blandin„
650 935 715 980 βγι
731 944 835 969 «cum
850 935 968 969 multis
985 935 1094 969 aliis.»
1111 937 1257 978 Recepit
1269 936 1459 970 Bentleius.

62 1037 759 1077 smt‚‹1uodlmereroinooseneoepos-

61 1089 126 1128 sot,
149 1085 523 1118 mmmmm-s.
556 1085 656 1118 ovid.
673 1085 763 1126 net.

62 1135 103 1175 4,
137 1136 203 1168 26:
238 1136 353 1176 pondo
386 1144 452 1167 non
483 1135 615 1176 sortiter
646 1134 760 1166 haeret

62 1184 173 1217 asello.
197 1183 268 1217 Cir.
285 1183 531 1225 Dillenburger
543 1193 580 1226 p.
597 1183 652 1216 33.

105 1234 160 1267 57.
194 1233 249 1266 58.
288 1233 420 1266 Seu--
435 1233 562 1276 trocho]
603 1233 756 1265 «contra

62 1283 195 1326 optime
216 1283 380 1316 versatus
408 1284 464 1316 est
485 1283 521 1314 in
544 1283 678 1314 Graeco
700 1280 758 1314 illo

61 1332 176 1365 trochi
195 1331 316 1364 ludo.»
363 1332 526 1371 Trocmis,
549 1333 627 1364 rota
641 1331 758 1364 terrea

61 1390 146 1414 cum
178 1380 292 1414 anulis
324 1380 598 1423 crepitantibus,
649 1389 758 1421 quam

61 1431 163 1463 radio
195 1439 226 1463 s.
260 1431 359 1472 virga
392 1431 508 1463 terrea
536 1431 759 1470 circumage-

63 1480 160 1512 bant.
207 1479 353 1512 Martial.
379 1479 439 1519 44»,
467 1480 552 1512 469;
593 1479 760 1512 camdus

62 1529 99 1560 in
131 1528 213 1560 lamo
244 1537 307 1560 cur
334 1529 457 1560 anulus
486 1529 564 1561 orbe
583 1527 760 1569 vagatur?

62 1577 164 1610 Cedat
183 1580 221 1609 nt
234 1578 366 1618 armatis
386 1577 484 1609 obvia
505 1577 604 1609 turba
625 1578 757 1610 trachis.

64 1644 102 1648 —
131 1625 259 1658 Graeco
292 1627 413 1659 autem
446 1627 679 1667 contemptim
712 1626 758 1658 de

60 1683 162 1707 more
183 1675 383 1717 peregrino.
422 1673 684 1721 Κρικηλασίαν
698 1684 760 1707 vo-

61 1723 192 1756 cabant
202 1725 339 1763 Graeci,
357 1724 458 1757 cuius
474 1725 665 1765 imaginem
674 1723 757 1756 vide

62 1773 96 1804 in
111 1772 323 1805 wincheim.
339 1774 432 1805 Mon.
455 1773 541 1805 ined.
567 1772 600 1806 4.
624 1782 660 1814 p.
678 1773 754 1805 257.

61 1821 219 1863 Iuppiter
245 1822 282 1854 et
303 1822 530 1863 Ganymedes
553 1822 678 1854 trocho
700 1820 758 1853 lu-

62 1869 189 1903 dentes
221 1870 259 1902 in
290 1871 405 1903 Museo
428 1871 568 1912 (ἕτερον.
604 1871 641 1903 Τ.
666 1871 754 1903 XIV.

65 1938 101 1942 -
115 1919 219 1951 vetita
232 1919 357 1960 leqt'bus
369 1919 456 1961 alea]
479 1920 651 1952 Licinium
666 1920 759 1952 Den-

62 1967 206 2001 ticulam
237 1968 335 2010 lege,
375 1978 467 2011 quae
502 1971 557 2002 est
585 1970 630 2002 de
654 1969 731 2002 alea
746 1995 755 2010 ‚

62 2018 340 2051 condemnatum
369 2022 545 2051 memorat
575 2020 647 2052 Cic.
674 2020 758 2052 Phi-

61 2066 144 2109 lipp.
162 2068 202 2107 2,
220 2067 275 2107 23,
300 2068 354 2100 56.
379 2068 478 2100 Ovid.
496 2069 597 2101 Trist.
615 2069 652 2108 2,
670 2068 728 2101 47⁴
746 2078 753 2099 :

61 2116 147 2162 Sunt
172 2116 249 2148 aliis
270 2117 435 2157 scriptae,
468 2117 584 2157 quibus
605 2118 682 2149 alea
703 2118 757 2148 lu-

62 2165 170 2204 ditur,
187 2168 296 2197 artes.-
317 2166 407 2198 Haec
421 2169 469 2198 est
489 2167 534 2198 ad
547 2170 677 2198 nostros
689 2175 758 2198 non

61 2214 130 2246 love
157 2214 282 2246 mamm
308 2223 399 2246 avos.
444 2215 486 2246 V.
510 2215 640 2247 aleator
666 2216 758 2247 inter

62 2263 215 2295 maxima
239 2264 315 2295 erat
330 2263 531 2305 opprobria.
564 2265 637 2297 Cic.
655 2263 753 2297 Catil.

63 2312 101 2351 2,
138 2312 197 2352 40,
231 2312 292 2344 23:
330 2313 370 2344 In
396 2312 447 2344 his
471 2313 626 2354 =‹yreyibus
647 2321 758 2344 omnes

63 2361 242 2400 aleatores,
266 2362 550 2401 onmesadulteri,
572 2371 682 2394 omnes
694 2362 757 2393 im-

58 2410 141 2450 puri
162 2411 384 2450 impudicique
403 2414 592 2443 versantur.

105 2458 159 2490 59.
198 2459 281 2491 Cum
297 2459 454 2500 periura]
495 2461 595 2492 «Nec
624 2460 755 2492 mirum

63 2515 145 2540 cum
177 2509 298 2548 patres
331 2508 396 2549 ipsi
429 2508 605 2540 bonarum
627 2509 756 2541 artium

64 2557 228 2598 expertes
254 2558 476 2589 mercaturae
503 2558 607 2590 unice
628 2561 757 2591 vacent

807 1043 878 1076 que
912 1034 1045 1067 fraudis
1074 1043 1206 1075 genere
1229 1036 1374 1067 utantur
1396 1036 1504 1068 etiam

807 1084 979 1116 adversus
993 1084 1157 1126 proprios
1174 1085 1327 1116 socios.»
1358 1102 1394 1107 —-
1421 1093 1507 1125 per-

805 1133 885 1165 iura
903 1132 1001 1175 fides]
1041 1133 1203 1174 «periura
1226 1132 1337 1172 facta,
1378 1133 1506 1167 crebro

806 1183 962 1224 periurio
977 1181 1142 1220 violata»,
1166 1183 1207 1214 ut
1221 1181 1286 1214 Od.
1306 1182 1319 1214 4
1337 1207 1345 1222 ,
1364 1182 1423 1222 48,
1442 1183 1503 1215 46;

805 1232 995 1271 Arcaniqw
1024 1232 1107 1273 fides
1137 1231 1295 1272 prodiga.
1352 1231 1505 1272 (Dictum

807 1283 862 1314 est
884 1283 1005 1314 autem
1028 1277 1127 1313 κατὰ
1150 1278 1366 1327 πρόληψιν·
1397 1289 1507 1314 «cum

806 1331 897 1364 fides
919 1332 1018 1373 prius
1042 1332 1180 1364 sincera
1210 1331 1353 1372 periura
1380 1332 1507 1372 postea

807 1380 900 1413 iacta
923 1381 1024 1422 ests)

850 1430 904 1462 60.
946 1430 1136 1462 consortem
1166 1429 1308 1471 accitam]
1353 1429 1391 1461 id
1429 1431 1503 1468 est,

808 1480 934 1511 «sortis
950 1479 1104 1518 socium,
1126 1478 1313 1511 sseiviaber
1329 1478 1507 1511 desHand-

806 1528 1077 1569 lunqscapitals.»
1123 1527 1214 1560 Alibi
1246 1536 1333 1560 sane
1369 1536 1504 1559 consors

808 1577 1034 1618 distinguitur
1054 1585 1075 1608 a
1097 1577 1196 1608 socio.
1237 1577 1309 1609 Cic.
1334 1576 1431 1608 Brut.
1461 1577 1500 1608 ⁴:

806 1627 932 1658 socium
959 1629 991 1658 et
1010 1629 1195 1658 consortem
1215 1626 1352 1667 gloriosi
1380 1625 1506 1658 laboris

807 1675 998 1707 amiseram.
1045 1674 1116 1707 Sed
1149 1675 1215 1707 tria
1247 1675 1283 1706 h.
1313 1673 1336 1706 1.
1372 1683 1505 1715 genera

807 1726 982 1763 statuere,
1006 1727 1208 1764 consortem,
1225 1723 1437 1766 participem
1452 1724 1505 1755 to-

807 1774 877 1806 tius
905 1774 1107 1815 patrimonii
1131 1782 1203 1805 non
1230 1773 1322 1805 inter
1347 1772 1504 1813 singulos

806 1821 897 1854 filios
920 1821 1051 1854 aliosve
1067 1821 1266 1854 coheredes
1292 1821 1412 1861 divisi,
1438 1821 1504 1854 sed

806 1872 842 1903 in
883 1879 1074 1903 commune
1115 1870 1348 1902 administrati
1396 1870 1503 1911 (unde

805 1928 940 1952 consors
980 1920 1088 1951 etiam
1120 1928 1186 1961 pro
1218 1919 1326 1951 fratre
1359 1919 1504 1960 ponitur

806 1969 881 2001 Tib.
920 1969 959 2007 2,
999 1969 1039 2007 5,
1077 1968 1141 2001 24:
1190 1968 1326 2001 Moenia
1360 1969 1504 2000 consorti

807 2016 964 2059 (Romuli)
988 2027 1055 2049 non
1076 2017 1260 2049 habitanda
1279 2017 1421 2059 Rana),
1446 2026 1502 2050 so-

804 2068 893 2099 cium
922 2067 958 2098 in
986 2066 1232 2107 negotiationis
1254 2066 1438 2098 dumtaxat
1467 2069 1503 2099 et

804 2116 904 2149 lucro
928 2117 964 2148 et
986 2115 1139 2154 damno,
1164 2115 1308 2148 tertium
1328 2116 1498 2156 hospitem,

803 2167 921 2198 minus
943 2166 1122 2206 poeticum
1143 2165 1296 2197 videtur.

847 2215 902 2247 64.
916 2215 971 2247 62.
983 2214 1196 2256 Indiynoque]
1205 2215 1327 2256 utpote
1339 2213 1497 2247 aleatori.
1514 2234 1526 2247 .

807 2282 843 2287 -
857 2264 1038 2304 pecuniam
1048 2264 1244 2305 -properetj
1264 2272 1393 2305 »quam
1408 2264 1501 2296 citis-

804 2313 894 2345 sime
906 2313 1082 2353 corradat,
1095 2315 1316 2346 coacervet.»
1327 2331 1362 2336 —
1376 2313 1502 2353 impro—

804 2363 875 2404 bae]
900 2363 1048 2395 «nimiae
1072 2363 1179 2404 atque
1194 2362 1312 2395 studio
1334 2362 1498 2402 ι’πῳνοὺο,

803 2411 991 2444 insatiabili
1007 2413 1042 2444 et
1053 2411 1267 2450 avidissimo,
1284 2412 1407 2452 partae
1424 2419 1500 2443 cre—

804 2461 907 2493 scunt
932 2461 967 2492 in
998 2461 1254 2498 immensumn3
1292 2460 1499 2500 neutiquam

800 2518 906 2542 vero:
934 2508 1090 2542 «scelere
1114 2510 1296 2551 quaesitae
1319 2509 1428 2549 atque
1451 2508 1497 2540 ad

802 2557 918 2591 scelus
941 2559 1203 2600 instigaturae.»
1227 2558 1326 2591 Cous.-
1344 2565 1435 2598 quae
1451 2556 1497 2588 de

65 2606 101 2637 et
122 2607 292 2646 quaestus
318 2614 427 2639 causa
454 2607 615 2648 peierent
645 2608 757 2640 omni·
802 2608 870 2640 hoc
882 2607 1204 2640 adi.adnotavimus
1216 2607 1261 2639 ad
1273 2606 1336 2639 Od.
1351 2606 1383 2643 3,
1398 2605 1494 2643 932.

178 2665 299 2695 Honn.
321 2673 393 2695 voi..
415 2666 436 2695 l.
477 2675 529 2696 nn.
551 2675 653 2697 miron
677 2667 724 2696 m.

1197 2668 1227 2695 34
