1722 2904
153 71 236 113 696

691 75 862 107 HORATH
887 76 1058 108 EPODON

379 176 507 227 Galli,
541 185 745 222 canentes
777 179 1034 230 Caesarem,

319 258 634 316 Hostiliumque
664 260 838 303 navium
868 267 994 317 portu
1024 260 1155 304 latent

148 509 204 542 ille
229 518 315 543 casu
338 511 455 543 sexto:
483 510 571 542 «hac
595 510 639 542 de
663 519 723 542 re»
743 510 850 551 (quod

146 568 293 601 prosam
316 560 514 592 orationem
549 559 758 600 redoleret),
783 559 849 592 sed

147 611 293 649 quarto,
318 611 357 641 ut
380 611 435 642 est
458 610 492 641 in
517 610 623 641 Taciti
647 608 724 641 loco
742 618 762 640 a
785 610 851 642 Re-

146 658 237 699 gelio
261 659 414 692 indicato
438 660 526 692 Ann.
554 659 613 698 43,
641 658 699 690 43:
724 658 850 700 Ayrip-

142 709 228 748 pina
263 708 415 740 libertam
453 708 621 740 aemulam
642 726 661 730 -
675 725 695 731 -
716 708 851 747 aliaque

144 758 283 789 eundem
311 758 346 789 in
377 758 511 789 modum
541 757 746 789 muliebriter
777 758 849 798 fre—

143 817 243 840 mere.
279 810 342 840 «At
364 809 433 840 hoc
456 808 632 850 imprimis
657 809 849 849 spectacu-

143 857 218 890 lum
237 858 531 898 indignissimum,
548 858 739 898 conopium
756 858 849 889 inter

146 907 245 948 signa
268 906 432 939 militaria
463 908 565 948 (quae
597 901 727 952 ὥσπερ
751 904 849 953 ἱδρύ-

146 966 253 999 ματα
267 955 369 989 θεῶν
386 954 467 1003 ἱερὰ
483 956 719 998 ἐνομίζοντο,
744 957 844 989 Dion.

144 1007 218 1039 Hal.
246 1008 282 1047 6,
309 1007 390 1047 45),
418 1007 658 1040 «detestantes
682 1008 773 1039 cet.»
807 1025 843 1030 ——

146 1056 247 1095 Quod
270 1056 433 1097 Regelius
457 1065 501 1088 ex
524 1065 595 1088 uno
620 1056 707 1088 Cod.
731 1055 844 1088 Vand.

144 1107 281 1147 recepit
313 1106 374 1138 «At
406 1107 492 1137 hunc
523 1106 597 1138 tam
628 1105 847 1147 degenerem

146 1157 344 1188 Romanum
360 1157 628 1197 aspernantes»,
653 1157 711 1187 vix
726 1155 847 1187 locum

144 1205 254 1237 habet
282 1206 364 1247 post
395 1206 641 1247 interpositam
673 1206 846 1246 integram

145 1253 340 1287 clausulam
354 1255 508 1295 Interque
518 1273 534 1278 -
543 1273 559 1278 -
569 1255 757 1295 conopium.
781 1254 848 1286 Ad-

142 1305 222 1343 huc,
255 1304 352 1345 quod
375 1306 528 1346 optimas
556 1304 666 1337 habet
689 1305 846 1337 auctori-

143 1355 235 1386 tates
259 1354 453 1387 exteriores
477 1354 634 1395 mihique
659 1353 743 1386 olim
766 1354 848 1396 post

143 1404 359 1436 Meinekium
402 1403 554 1445 placuit,
602 1403 707 1436 video
752 1412 845 1435 nunc

142 1452 237 1485 nullo
261 1453 368 1485 modo
393 1453 559 1495 explicari
581 1462 688 1495 posse
714 1453 843 1493 «illico,

142 1503 296 1542 statim»,
321 1512 438 1544 neque
463 1503 548 1535 satis
572 1504 737 1536 convenit
762 1503 845 1535 huic

142 1551 219 1584 loco
245 1551 312 1584 tale
337 1548 558 1585 ἀσύνδετον.
599 1553 800 1585 Proximam
825 1562 845 1584 a

143 1601 254 1634 Codd.
279 1601 389 1634 habet
413 1602 661 1634 auctoritatem
685 1601 788 1635 lectio
804 1602 847 1635 At

140 1651 220 1691 huc,
259 1651 508 1685 commendata
538 1660 558 1683 a
584 1652 694 1684 Comi.
723 1653 841 1689 Cam:

144 1700 208 1732 «At
232 1701 357 1740 Galli»,
382 1701 511 1742 inquit,
551 1705 747 1733 «verterunt
768 1702 842 1742 huc,

139 1750 175 1781 id
211 1751 281 1790 est,
318 1749 363 1781 ad
398 1758 462 1782 nos
503 1749 758 1783 transtulerunt
791 1751 846 1784 bis

139 1798 234 1831 mille
259 1808 372 1840 equos
395 1799 625 1832 frementes.»
658 1800 759 1839 Quod
781 1802 846 1833 etsi

140 1849 274 1881 dictum
297 1848 371 1880 fere
395 1849 463 1887 est,
488 1850 527 1880 ut
549 1848 671 1881 Velleii
694 1849 779 1882 illud
805 1851 843 1890 2,

142 1898 211 1938 84„
239 1898 336 1940 quod
359 1907 441 1930 mox
466 1898 730 1939 exscribemus,
762 1900 846 1932 Hinc

140 1949 185 1979 ad
207 1948 387 1980 Antonium
405 1949 488 1987 cet.,
514 1948 625 1981 habet
648 1950 767 1981 tamen
784 1958 846 1981 ne-

141 1998 214 2030 scio
247 1997 332 2038 quid
363 1994 510 2043 ἀκύρου
543 1999 578 2030 et
610 1998 754 2031 obscuri
777 2008 844 2031 nec

141 2048 226 2079 satis
244 2047 415 2079 cohaeret
435 2056 519 2079 cum
535 2056 636 2089 seqq.
654 2048 845 2080 Hostilium-

140 2106 212 2137 que.
232 2098 347 2129 Tertia
363 2096 479 2138 lectio,
495 2106 603 2138 quam
615 2097 776 2139 plerique
790 2107 846 2131 se-

140 2148 314 2187 quuntur,
338 2146 389 2179 Ad
411 2147 516 2187 hunc,
543 2147 664 2179 nititur
688 2148 844 2180 auctori-

138 2197 209 2228 tate
240 2195 352 2228 Codd.
379 2196 475 2228 haud
502 2205 719 2238 paucorum,
756 2199 843 2230 Por-

139 2246 324 2287 phyrionis
342 2247 378 2278 et
400 2247 566 2286 Acronis,
586 2247 646 2288 qui
667 2249 841 2288 sequente

141 2305 183 2328 ex
207 2296 307 2337 parte
331 2296 451 2328 Iahnio
478 2296 684 2337 («adversus
713 2298 843 2330 Roma-

139 2354 226 2377 num
250 2345 301 2377 sic
332 2345 597 2387 degenerem»)
647 2346 838 2388 explicant:

143 2395 281 2435 «Equos
320 2395 493 2428 adversus
530 2396 721 2428 Antonium
759 2405 841 2429 cum

140 2445 245 2477 sistro
260 2446 546 2477 converterunt.»
566 2446 746 2487 (Ceterum
760 2446 840 2478 vide

140 2503 184 2525 ne
208 2494 343 2526 sistrum
377 2493 462 2526 illud
496 2504 566 2527 non
596 2504 645 2539 ex,
674 2496 839 2536 historia,

140 2544 177 2573 ut
202 2542 272 2574 volt
296 2545 490 2583 Gesnerus,
516 2544 580 2576 sed
604 2545 766 2586 precario
783 2554 842 2578 as-

142 2594 325 2633 sumptum
347 2594 391 2625 sit
408 2602 451 2625 ex
466 2594 552 2625 Aen.
572 2593 612 2633 8,
639 2594 721 2626 696:
748 2595 843 2636 Περὶ·

141 2650 187 2672 na
203 2659 221 2664 -
237 2659 255 2665 -
273 2643 389 2682 patrio
415 2646 512 2675 vocat
546 2644 684 2684 agmina
717 2645 815 2676 sistro
830 2670 837 2684 ,

901 510 966 542 nisi
989 510 1078 551 forte
1103 513 1307 553 corruptum
1338 515 1393 546 est
1415 523 1458 547 ex
1480 514 1601 558 sibilo.)

901 560 1034 592 Verum
1071 562 1170 593 recte
1207 560 1406 596 Bentleius:
1459 565 1602 607 «Neque

899 609 986 641 hunc
1015 609 1060 642 de
1090 607 1240 643 Antonio
1271 613 1434 654 accipere
1464 614 1601 655 possiS,

901 660 962 700 qui
985 668 1162 701 nusquam
1190 661 1293 693 antea
1319 662 1370 694 sic
1401 663 1604 696 nominatur

900 710 961 741 aut
1000 709 1229 750 describitur;
1275 720 1392 753 neque
1429 713 1480 745 Aa
1515 713 1602 746 hunc

898 762 1067 791 verterunt
1097 769 1198 800 equos
1229 761 1378 802 perinde
1414 763 1470 794 est
1495 763 1602 804 atque

900 810 1060 841 adversus
1073 809 1194 841 hunc.»
1218 809 1364 843 Bentleii
1377 812 1497 844 autem
1509 813 1599 845 coni.

898 859 949 891 Ad
960 859 1020 890 hoc
1042 868 1108 900 pro
1128 867 1257 901 prosae
1275 861 1362 892 orat.
1389 860 1428 893 ob
1442 861 1502 894 hoc
1522 871 1604 903 pro-

898 909 979 949 pter
995 907 1263 949 ambiguitatem
1287 910 1404 942 minus
1421 919 1603 944 commen-

900 956 1026 990 dabilis
1043 959 1113 997 est,
1144 967 1228 990 cum
1243 959 1289 990 ad
1308 959 1368 991 hoc
1389 958 1600 1001 plerumque

899 1006 1071 1047 significet
1096 1009 1323 1048 «praeterea,
1355 1008 1535 1051 insuper.»
1562 1027 1599 1033 -—

898 1056 938 1088 V.
955 1056 1130 1097 frementes
1142 1058 1280 1090 Comm.
1297 1058 1403 1099 Cruq.
1423 1056 1460 1091 et
1474 1059 1598 1092 Lamb.

898 1105 1058 1137 referunt
1080 1106 1126 1138 ad
1151 1115 1267 1147 equos,
1293 1107 1338 1139 de
1361 1107 1491 1149 quihus
1513 1118 1600 1143 sane

899 1155 1028 1187 crebro
1062 1157 1277 1198 usurpantur
1310 1166 1367 1190 vv.
1401 1158 1542 1199 fremere
1565 1161 1602 1192 et

897 1205 1049 1246 fremitus
1064 1204 1103 1246 (S
1110 1214 1128 1237 c
1134 1206 1184 1237 lm
1192 1214 1216 1237 a
1223 1214 1247 1237 u
1253 1205 1272 1237 b
1278 1215 1296 1238 e
1303 1215 1338 1246 n,
1352 1204 1600 1250 φυσιόωντας

899 1254 994 1287 lliad.
1012 1253 1045 1294 δ,
1067 1255 1156 1296 227.)
1173 1255 1238 1288 sed
1256 1255 1291 1288 h.
1307 1255 1330 1288 l.
1349 1255 1527 1291 ἐπίθετον
1539 1267 1600 1292 es-

899 1307 954 1337 set
968 1305 1138 1337 otiosum:
1169 1305 1373 1347 rectiusque
1389 1307 1544 1340 refertur
1553 1308 1601 1341 ad

898 1362 1077 1386 summam
1101 1353 1280 1386 Gallorum
1300 1355 1397 1388 Iram·
1413 1357 1520 1398 atque
1543 1358 1600 1390 in-

898 1404 1151 1445 dignationem.
1178 1421 1217 1426 —
1241 1406 1428 1446 verterunt]
1461 1405 1597 1448 penult.

898 1453 1008 1486 brevi.
1039 1453 1089 1486 Cf.
1111 1454 1182 1486 sat.
1205 1453 1244 1494 4,
1264 1453 1324 1494 40,
1349 1453 1404 1487 45.
1424 1473 1462 1478 —
1490 1456 1596 1499 Gaui]

895 1504 977 1536 sunt
993 1502 1210 1543 Gallograeci
1233 1511 1262 1535 s.
1283 1502 1423 1536 Galatae
1438 1505 1596 1538 Deiotari

896 1553 1053 1585 minoris.
1069 1551 1156 1584 Plut.
1169 1553 1248 1585 Ant.
1264 1552 1318 1585 63.
1331 1555 1414 1586 ante
1425 1563 1594 1596 pugnam:

896 1601 1072 1645 ἐγένοντο
1089 1600 1129 1633 δὲ
1145 1602 1211 1634 καὶ
1226 1600 1419 1641 βασιλέων
1430 1599 1599 1637 ἀποστά-

896 1661 977 1692 σεις
988 1649 1172 1694 Ἀμύντου
1185 1652 1251 1684 καὶ
1266 1650 1483 1698 Δηϊοτάρου
1499 1650 1597 1700 πρὸς

896 1701 1086 1747 Καίσαρα.
1112 1701 1199 1734 Vell.
1217 1703 1255 1742 2,
1281 1702 1341 1736 84:
1366 1703 1452 1736 Hinc
1473 1704 1599 1737 adAn-

896 1752 1023 1784 ionium
1058 1760 1171 1791 nemo,
1210 1752 1301 1784 illine
1338 1753 1384 1784 ad
1421 1753 1598 1787 caesarem

895 1802 1013 1833 cotidie
1036 1801 1142 1841 aliqui
1175 1801 1451 1842 tramfuyiebant.
1495 1802 1598 1836 «Gal-

895 1850 948 1883 los
976 1851 1056 1883 ideo
1081 1852 1355 1891 commemorat,
1391 1852 1432 1884 ut
1457 1852 1596 1894 pudore

895 1899 1012 1942 pulset
1048 1901 1187 1933 animos
1232 1901 1487 1942 Romanorum,
1535 1902 1595 1943 qui

894 1950 990 1991 passi
1013 1951 1097 1982 sunt
1118 1951 1288 1982 servitute
1312 1959 1351 1982 se
1365 1950 1494 1983 subiici
1516 1959 1597 1993 spa-

894 1998 1065 2039 donibus,
1098 1999 1135 2031 id
1159 1999 1255 2041 quod
1278 1998 1363 2032 Galli
1387 2002 1470 2033 sunt
1493 2000 1595 2034 dedi·
1651 2040 1657 2045 1

894 2049 1022 2090 gnati.»
1061 2049 1173 2081 Comi.
1211 2050 1315 2086 Can.
1358 2067 1395 2072 —
1429 2050 1593 2093 canentes]

895 2098 1007 2131 «laeta
1023 2107 1106 2130 cum
1121 2097 1374 2131 acclamatione
1398 2099 1595 2134 identidem

894 2149 1086 2180 Caesarem
1102 2148 1311 2187 salutantes,
1336 2149 1436 2181 Salve
1450 2149 1593 2182 Caesar!

893 2196 1104 2237 clamantes,
1131 2198 1170 2229 ut
1192 2198 1253 2239 qui
1267 2198 1302 2230 in
1318 2199 1394 2231 eius
1409 2197 1521 2231 verba
1536 2199 1593 2231 iu-

892 2247 1002 2279 raturi
1032 2248 1163 2279 essent.
1206 2248 1300 2288 Virg.
1325 2249 1413 2280 Aen.
1438 2249 1476 2288 7,
1502 2249 1588 2282 698:

891 2297 987 2329 Ibant
1009 2297 1146 2336 aequati
1170 2306 1308 2330 numero
1335 2307 1511 2340 regemque
1531 2308 1593 2331 ea-

891 2347 1022 2379 nebant.

936 2397 989 2429 ⁴9.
1014 2397 1068 2429 20.
1105 2397 1353 2439 Hostiliumque]
1389 2399 1479 2431 Cum
1501 2398 1591 2431 haec

891 2445 1062 2488 particula
1096 2455 1159 2487 que
1195 2448 1370 2480 artissime
1404 2448 1593 2489 iungantur

891 2505 973 2528 cum
999 2495 1176 2529 Gallorum
1201 2496 1398 2529 defectione
1421 2506 1489 2530 nec
1507 2506 1591 2530 ver-

891 2545 939 2577 bo
955 2546 1100 2587 quidem
1123 2547 1271 2587 panicus
1291 2545 1346 2579 ille
1362 2547 1505 2588 reginae
1521 2547 1592 2579 ter-

892 2604 952 2627 ror
980 2595 1213 2636 significetur‚
1248 2594 1333 2628 illud
1361 2596 1444 2628 ante
1472 2596 1589 2628 omnia

892 2644 1086 2677 tenendum
1116 2646 1189 2684 est,
1227 2653 1297 2677 non
1326 2644 1371 2677 de
1405 2645 1588 2687 praecipiti
