1722 2904
31 1796 33 1798 ’
72 1806 137 1831 nes
173 1796 402 1830 scribendum
451 1799 507 1830 est

0 2071 2 2073 >
75 2093 252 2136 poeticus,
295 2090 590 2135 ἐνθουσιασμός.
605 2105 621 2122 ι»

11 2152 32 2174 τς
75 2142 223 2175 phaedr.
262 2151 298 2184 p.
333 2142 410 2175 245.
449 2143 508 2174 A.:
549 2139 628 2174 ἀπὸ
664 2142 770 2176 Μου-

582 134 661 166 Lm.
686 133 742 166 ΙΙΙ.
789 134 828 165 C.
854 132 909 164 IV.

1419 126 1495 170 364

345 238 434 281 Seu
467 235 625 279 fidibus
656 235 905 293 citharaque
936 233 1109 278 Phoebi.

232 341 423 392 Auditis,
456 356 509 384 an
538 355 608 384 me
638 341 746 384 ludit
774 340 968 384 amabilis

1479 338 1505 378 QG

236 422 441 487 ana?
469 421 629 465 Audire
659 427 703 464 et
731 421 883 464 videor
911 421 1007 490 pios

290 503 445 546 Errare
476 516 555 559 per
582 501 704 567 ωερε
721 536 730 551 ,
762 515 970 545 amoenae

344 583 464 634 Quos
495 590 538 626 et
568 595 708 640 aquae
739 582 925 626 subeunt
954 588 997 625 et
1025 595 1170 624 aurae.

236 689 303 732 Me
333 671 555 731 fabulosae
568 719 572 750 5
585 687 757 731 Volture
787 687 829 729 in
847 662 1016 744 ssA'p'iilo*

153 832 186 866 4.
210 832 381 864 citharave
402 830 537 871 BbSTc,
563 830 652 869 LCt,
688 831 775 862 item
798 829 934 870 Bentl.‚
969 831 1034 863 sed
1056 829 1186 873 probat
1207 829 1404 869 citharaque
1424 829 1462 869 β,

109 882 148 914 et
179 881 231 914 sic
263 882 385 913 noster
407 879 451 924 β.
490 897 526 903 —
565 880 597 911 5.
622 879 762 911 Auditus
793 877 815 911 δ
847 888 904 921 ap.
940 880 1081 912 KIrchn.
1117 888 1152 921 p.
1189 879 1268 918 56.‚
1303 879 1466 912 Audit-is?

110 933 179 965 Fea
201 931 292 964 coni.
321 947 357 954 -
384 930 415 962 9.
441 929 581 963 Habent
600 929 707 971 Apulo
728 928 895 969 BbSTcd,
921 928 1031 961 abdito
1052 929 1176 961 Bothe.

68 1061 170 1103 ρ.554
185 1069 193 1092 :
213 1056 252 1092 ‘A
261 1055 384 1092 Μῶσα
396 1057 571 1102 κεκλήγει
581 1083 590 1099 ,
603 1054 630 1091 ἁ
643 1057 765 1102 λίγεια

67 1108 214 1156 Σειρήν.
250 1108 373 1143 Catull.
399 1108 461 1149 64,
485 1109 572 1141 320:
596 1109 765 1141 clarisona

66 1167 214 1191 --voce.
242 1159 414 1198 «sonora,
432 1157 598 1199 liquida.»
621 1159 704 1190 Aen.
725 1175 761 1180 —-

65 1207 194 1250 fidibus]
217 1208 320 1250 Opto,
343 1209 399 1247 ut,
425 1216 638 1248 quocunque
655 1206 763 1239 modo

67 1256 132 1289 tibi
162 1255 299 1298 placet,
339 1265 486 1290 carmen
519 1256 605 1288 mihi
637 1255 764 1288 fundas

67 1305 126 1338 vel
146 1305 232 1338 tibia
253 1304 310 1338 vel
332 1314 413 1339 assa
431 1314 521 1338 voce
537 1304 593 1337 vel
609 1305 764 1346 denique

69 1353 166 1396 lyra·
184 1364 192 1393 3
217 1363 327 1396 quam
342 1352 561 1401 περιφράζει
575 1364 632 1386 vv.
647 1354 767 1396 fidibus

68 1403 263 1444 citharaque
281 1404 409 1436 Phoebi.
456 1404 521 1443 Qui
549 1404 715 1436 cimai-arm
744 1413 765 1436 a

67 1453 187 1495 fidibus
220 1452 268 1494 (id
301 1454 373 1492 est,
409 1454 448 1485 ut
479 1452 622 1493 volunt,
676 1452 762 1493 lyra)

68 1501 341 1544 distinguebant,
355 1503 576 1544 scripserunt
582 1503 762 1534 citharave.

70 1551 141 1584 Sed
162 1550 289 1593 triplex
311 1551 424 1592 optio,
457 1552 496 1583 ut
518 1552 658 1593 opinor,
691 1551 766 1584 suf-

15 1596 25 1638 ’ζ
69 1600 234 1639 ficiehat3
257 1599 378 1642 putida
393 1599 517 1633 fuisset
532 1599 763 1642 quadruplex.

21 1682 29 1697 j
69 1649 165 1691 Virg.
188 1650 276 1682 Aen.
302 1649 342 1689 6,
369 1649 454 1682 42οε
494 1650 643 1682 Threicia
663 1650 768 1690 fretus

25 1738 30 1743 Δ
70 1699 202 1732 cithara
219 1698 402 1740 fidibusque
423 1700 567 1731 canoris.
606 1700 769 1740 Propter-

72 1757 115 1781 ea
151 1749 219 1781 etsi
256 1749 378 1780 contra
412 1757 513 1781 meos
545 1748 656 1781 Codd.
692 1756 768 1780 om-

551 1798 765 1837 citharaque,

73 1855 147 1880 non
167 1847 348 1879 cimai-ave.

100 1898 148 1929 a.
171 1895 338 1938 Auditi-«rm
364 1897 536 1928 «etiamne
551 1905 636 1936 vos,
661 1896 769 1929 soda-

27 1962 31 1964 -
73 1944 138 1986 les,
154 1954 198 1987 an
214 1954 280 1987 ego
295 1945 435 1978 solus‘t»
459 1946 534 1978 Hoc
548 1945 650 1987 longe
666 1947 771 1988 signi-

27 2011 35 2032 ·,
75 1994 235 2028 licentius
258 2003 366 2036 quam
397 1996 487 2027 Feae
515 1994 599 2027 illud
626 1996 767 2028 audiris.

117 2044 150 2077 ὃ.
186 2044 340 2086 Insania]
392 2045 537 2085 «gratus
579 2043 634 2076 ille
673 2045 770 2076 furor

673 2093 769 2126 Plato

6 2221 9 2227 ,
77 2189 158 2223 οὖν
179 2189 384 2233 κατοκωχή
411 2200 453 2223 τε
476 2191 542 2223 καὶ
572 2192 704 2234 μανία.
733 2210 769 2216 -

4 2254 7 2258 >
74 2239 226 2281 pios-per
252 2241 352 2282 lucos]
378 2249 535 2280 «sacros,
573 2250 662 2282 quos
693 2250 773 2283 per-

78 2288 260 2322 ambulant
281 2290 436 2323 Musae.»
471 2291 615 2331 Dionys.
642 2291 770 2331 Hymn.

81 2337 133 2370 30.
180 2337 359 2380 Calliopen
381 2338 585 2380 alloquens:
611 2335 717 2385 Αῧρη
733 2338 773 2371 δὲ

35 2423 43 2430 ,
81 2385 161 2419 σῶν
200 2384 264 2420 ἀπ’
298 2384 447 2420 ἀλσέων
476 2385 595 2431 Ἐμὰς
630 2390 774 2435 φρένας

80 2433 245 2469 eonem.
302 2437 386 2469 Plat.
423 2439 484 2470 lon
519 2447 554 2479 p.
594 2438 669 2471 534.
706 2440 770 2470 A.:

4 2500 18 2527 g
30 2491 39 2531 j
81 2483 247 2518 Μουσῶν
267 2484 398 2518 νάπαι.
424 2489 582 2528 Propert.
601 2487 639 2526 3,
667 2488 679 2519 4
699 2513 706 2527 ,
734 2489 746 2519 4
765 2498 771 2518 ;

17 2542 33 2554 ·«
82 2533 272 2567 Callimachi
294 2545 408 2568 manes
438 2539 469 2568 et
493 2536 551 2568 Coi
573 2545 674 2568 sacra
698 2537 775 2569 Phi-

82 2585 182 2622 totae,
206 2585 244 2616 In
264 2588 427 2625 vestrum,
453 2594 591 2625 quaeso,
615 2594 668 2617 me
682 2586 777 2617 sinite

0 2648 26 2678 st
82 2630 132 2664 ire
153 2641 274 2665 nemus.
321 2635 427 2666 Tacit.
453 2633 540 2666 Dial.
565 2635 624 2667 ⁴2:
650 2635 777 2667 Secedit

83 2680 214 2713 animus
237 2682 384 2723 (poetae)
414 2683 448 2714 in
471 2683 545 2715 loca
562 2692 655 2724 pura
678 2686 778 2723 atque

812 1058 1002 1091 innocentia
1028 1059 1219 1099 fruiturque
1245 1059 1373 1091 sedibus
1392 1059 1507 1091 sacris.

812 1108 864 1140 De
874 1107 991 1149 Elysio
1003 1117 1091 1140 cave
1103 1109 1256 1150 accipias
1269 1117 1350 1141 cum
1359 1110 1508 1141 Acrone.

818 1175 854 1180 —
872 1157 992 1199 aquae]
1017 1158 1053 1190 h.
1070 1157 1092 1190 l.
1111 1157 1232 1198 rivuli,
1259 1159 1297 1190 ut
1310 1158 1404 1199 Virg.
1421 1159 1508 1190 Aen.

814 1207 827 1238 4
845 1232 852 1246 ,
887 1207 968 1239 467ε
1007 1216 1118 1247 aquae
1145 1208 1275 1247 dulces,
1311 1207 1437 1240 fontes.
1472 1226 1509 1231 -

813 1256 863 1288 Ex
886 1264 920 1287 v.
944 1255 1096 1296 subeam,
1121 1257 1219 1298 quod
1240 1257 1383 1298 proprie
1408 1256 1453 1288 ad
1475 1265 1509 1287 v.

813 1313 924 1344 aquae
953 1305 1121 1344 refertur,
1151 1306 1198 1338 ad
1228 1315 1262 1338 v,
1289 1315 1397 1338 aurae
1423 1305 1511 1338 elice

806 1356 966 1396 perflant.
1013 1355 1069 1387 Sic
1092 1363 1158 1388 nos
1181 1357 1218 1387 et
1240 1355 1285 1387 de
1306 1363 1399 1396 aqua
1415 1356 1451 1387 et
1466 1354 1511 1386 de

812 1413 898 1436 aura
921 1404 1143 1445 durchziehn,
1168 1405 1405 1437 durchwallen.

857 1454 890 1485 9.
903 1453 1084 1495 fabulosae]
1099 1453 1174 1486 Noli
1185 1455 1255 1487 hoc
1266 1463 1300 1486 v.
1312 1463 1394 1486 cum
1406 1453 1515 1486 Scho-

813 1501 923 1535 liastis
951 1503 1166 1544 coniungere
1195 1512 1277 1536 cum
1307 1512 1341 1535 v.
1367 1503 1511 1540 altricis,

814 1561 898 1584 cum
921 1552 1096 1584 referatur
1110 1553 1156 1585 ad
1170 1562 1203 1585 v.
1215 1552 1390 1593 palumbes
1407 1561 1441 1583 v.
1458 1552 1510 1584 42.

815 1601 875 1633 ubi
883 1601 976 1634 vide.
988 1619 1024 1625 -
1039 1602 1171 1635 Volture
1179 1603 1213 1634 in
1220 1602 1338 1643 Apulo]
1347 1603 1444 1634 Duae
1455 1609 1515 1633 res

815 1651 991 1692 permIrae
1015 1651 1072 1683 hic
1095 1651 1198 1684 nobis
1214 1652 1392 1691 accidunt,
1418 1650 1515 1692 quod

815 1699 940 1741 aliquis
956 1701 991 1732 in
1009 1701 1142 1733 Volture
1155 1701 1263 1741 Apulo
1278 1702 1398 1733 tamen
1415 1703 1517 1732 extra

814 1749 971 1790 Apuliam
1004 1751 1070 1790 sit,
1111 1750 1278 1791 quodque
1309 1751 1345 1782 in
1375 1749 1516 1782 duobus

815 1799 979 1832 versibus
994 1808 1074 1832 sese
1091 1799 1349 1840 excipientibus
1363 1800 1516 1841 primam

816 1848 990 1890 syllabam
1020 1850 1057 1880 et
1077 1848 1242 1890 produxit
1271 1850 1308 1881 et
1333 1849 1511 1889 corripuit.

817 1899 905 1939 Hinc
927 1897 1059 1930 multae
1084 1899 1186 1930 natae
1220 1899 1303 1930 sunt
1334 1898 1517 1930 coniectu-

816 1956 900 1980 rae:
923 1948 960 1978 in
982 1948 1089 1979 arduo
1102 1963 1119 1970 -
1132 1948 1168 1978 in
1189 1947 1300 1978 abdito
1313 1964 1330 1970 -
1342 1948 1378 1978 in
1392 1947 1489 1978 arido
1504 1963 1519 1968 —

818 2000 918 2029 extra
939 1997 1056 2028 limina
1078 1997 1217 2036 patriae
1234 2014 1254 2033 ,-
1274 1999 1376 2028 extra
1401 1996 1519 2027 lirnina

819 2046 952 2078 sedulae
961 2063 977 2068 -
991 2046 1083 2077 intra
1093 2046 1212 2077 limina
1221 2046 1379 2077 Dauniae
1391 2063 1407 2068 -
1417 2049 1519 2077 extra

819 2096 937 2127 limina
956 2095 1072 2127 Paliae
1089 2094 1264 2135 (videlicet
1287 2095 1433 2126 nutricis
1450 2095 1519 2127 Ho-

820 2145 914 2185 ratii)
939 2162 958 2167 -
983 2145 1077 2176 intra
1107 2145 1206 2176 limen
1234 2144 1392 2184 Apuliae:
1429 2152 1519 2184 qua-

821 2203 902 2226 rum
935 2195 1055 2226 tamen
1091 2192 1184 2225 nulla
1219 2192 1414 2234 probabilis
1452 2195 1517 2225 est.

823 2244 887 2282 Qui
899 2242 1103 2281 defendunt,
1121 2244 1237 2281 Ianus,
1254 2243 1407 2281 Iahnius,
1426 2243 1521 2274 Man-

824 2294 904 2324 nert
933 2292 1070 2331 italien,
1102 2292 1134 2323 2.
1160 2300 1244 2333 pag.
1271 2292 1324 2324 68.
1352 2292 1421 2323 hoc
1445 2291 1520 2323 fere

824 2341 964 2374 dicunt:
985 2340 1128 2372 «Voltur
1143 2349 1246 2373 mons
1257 2340 1401 2382 Apuliae
1413 2350 1520 2383 supra

823 2391 1032 2429 Venusiam,
1071 2391 1172 2423 cuius
1203 2391 1324 2431 iugum
1349 2390 1384 2422 in
1407 2391 1521 2423 Luca-

824 2440 919 2470 niam
934 2439 1135 2480 porrigitur.
1175 2440 1291 2478 Quare
1306 2441 1405 2472 recte
1419 2448 1520 2472 mons

823 2488 948 2528 Apulus
970 2487 1111 2527 dicitur,
1142 2489 1175 2520 in
1199 2497 1270 2529 quo
1294 2489 1457 2521 Horatius
1473 2489 1522 2520 ni-

826 2537 894 2569 mis
916 2545 1127 2578 progressus
1151 2537 1240 2570 fines
1263 2537 1407 2579 Apuliae
1425 2538 1520 2569 exire

826 2586 948 2627 potuit.
991 2586 1076 2618 Inde
1099 2589 1199 2618 extra
1222 2587 1330 2619 limen.
1371 2588 1520 2619 Metrum

827 2636 944 2667 autem
969 2636 1095 2676 poetae
1125 2636 1234 2668 Latini
1262 2636 1296 2667 in
1321 2635 1521 2669 nominibus

828 2684 977 2725 propriis
1013 2685 1049 2716 et
1080 2686 1273 2726 peregrinis
1311 2685 1406 2717 haud
1439 2694 1520 2717 raro
