1722 2904
0 2127 11 2136 ,Α
0 2083 9 2118 -aev
0 1991 8 2076 -zwwr
0 1924 8 1981 *ua-nv
0 1907 6 1916 =v
0 1897 6 1900 ι
0 1871 5 1889 -.
0 1848 6 1863 ψ,-
0 1831 2 1834 -

636 110 716 144 Lm.
739 111 796 143 111.
843 110 882 143 C.
907 110 949 143 u.

353 215 443 258 Nec
470 214 600 258 sumit
628 221 702 258 aut
729 214 851 271 ponit
878 226 1057 257 secures

406 295 592 339 Arbitrio
621 293 843 352 popularis
872 307 1017 337 aurae.

295 387 439 444 Virtus
467 399 696 445 recludens
725 399 947 443 immeritis
975 399 1084 442 mori

296 481 473 526 Caelum
501 487 656 539 negata
684 487 818 524 tentat
852 481 934 524 iter
961 480 1052 529 via,

356 562 605 620 Coetusque
633 561 835 619 volgares
864 567 908 605 et
935 560 1067 605 udam

407 643 579 701 Spernit
605 642 783 686 humum
810 641 998 700 fugiente
1026 654 1181 699 penna.

298 749 373 793 Est
401 755 444 793 et
471 748 588 792 fideli
619 754 708 792 tuta
739 746 908 792 silentio

1459 747 1517 789 25

161 856 214 888 19.
229 855 487 897 Nmpe-»aaut
506 856 724 897 Μαικψω.
746 872 782 878 -
801 855 857 887 11.
875 854 1039 887 mmmm
1057 853 1191 887 bsred.
1213 872 1249 877 -
1266 854 1321 886 22.
1340 857 1478 895 comptae

117 904 203 938 ch.

240 922 278 929 —
314 905 483 947 icerlim,
519 905 632 938 erasis
665 906 747 937 ante
780 904 874 937 hanc
895 913 1027 937 vocem
1050 903 1185 945 aliquot
1205 902 1347 943 litteris,
1372 904 1410 936 T.
1438 921 1475 927 —

117 954 172 987 23.
196 955 351 997 anaqam
371 955 409 987 τ.
438 972 472 978 -
498 953 553 987 24.
573 954 684 995 pimus
703 952 826 987 mand.
852 954 1036 996 antiquiss.

74 1042 175 1074 natis.
223 1042 318 1074 «Nec
347 1042 424 1074 eius
457 1041 607 1083 dignitas
641 1040 774 1083 pendet

75 1099 97 1123 e
119 1090 239 1123 favore
253 1090 431 1133 populari,
456 1091 522 1124 sed
536 1090 664 1123 eadem
679 1099 775 1123 sem-

75 1149 143 1182 per
156 1141 288 1172 manet
294 1152 312 1168 ι
349 1140 414 1173 Od.
431 1140 470 1180 4,
487 1141 528 1181 9,
546 1140 600 1173 39.
630 1140 772 1182 sapiens

76 1189 230 1223 Consul-
243 1198 311 1222 non
331 1199 431 1222 unm
462 1191 556 1222 anni.
610 1190 682 1223 Cic
706 1198 772 1231 pro

76 1238 191 1271 Sestio
205 1239 265 1278 28,
279 1239 338 1271 60:
354 1239 474 1272 Virtus
488 1240 598 1272 lucet
585 1249 622 1272 m
635 1239 775 1272 tenebris

105 1288 340 1329 -splmmque
355 1297 420 1329 por
434 1298 503 1321 κω
521 1297 652 1330 mmor
669 1297 775 1329 noque

76 1337 195 1370 aliem
205 1347 359 1378 mquam
374 1338 525 1371 sordibus
538 1339 714 1371 obsolescit.
734 1356 771 1362 --

75 1387 272 1420 11184111ιό11αεί
291 1389 412 1421 autem
432 1389 572 1421 honores
592 1397 777 1430 opponun-

77 1438 136 1469 tur
148 1435 232 1477 inis,
257 1437 318 1479 qui
332 1438 369 1470 in
384 1438 524 1470 civitate
539 1447 714 1480 persaepe
739 1439 776 1470 et

78 1486 202 1519 nunde
224 1488 262 1519 et
284 1486 498 1520 facinoribus
527 1489 611 1520 sunt
638 1486 772 1529 polluti.

124 1535 178 1568 ⁴9.
200 1536 256 1568 20.
279 1536 407 1569 Nescio
420 1545 529 1578 quam
540 1538 639 1570 recte
652 1536 698 1569 ad
709 1537 775 1570 hos

78 1594 136 1617 vv.
152 1585 286 1618 Franke
300 1594 337 1627 p.
353 1586 427 1618 ⁴87.
448 1586 539 1619 haec
554 1588 777 1619 commenta-

79 1635 208 1667 tussit:
228 1635 315 1667 -Noc
325 1635 436 1676 mit]
448 1637 487 1668 In
498 1637 554 1669 his
565 1646 635 1669 non
647 1637 777 1669 imme-

82 1683 150 1716 rito
171 1684 363 1725 suspiceris
384 1686 612 1718 Octavianum
644 1686 779 1727 signifi-

82 1734 203 1765 catum
218 1741 317 1772 esse,
342 1734 402 1774 qui
417 1743 449 1766 a.
466 1735 542 1767 726.
568 1735 613 1768 de
628 1736 777 1777 imperio

81 1781 294 1823 deponendo
305 1784 494 1824 cogitaret»
509 1784 574 1825 (vel
586 1786 719 1826 potius:
737 1794 779 1818 se

81 1831 235 1872 cogitare
247 1831 453 1873 simularet).
477 1834 652 1874 Equidem
669 1834 778 1867 credo

82 1880 187 1913 buius
195 1880 329 1913 consilii
336 1882 627 1922 significationem
633 1892 778 1917 omnem

82 1929 179 1962 baud
210 1930 315 1964 nimis
336 1934 473 1972 gratam
494 1932 647 1966 futuram
670 1934 779 1967 fuisse

82 1979 299 2012 astutissimo
310 1979 357 2012 illi
368 1982 569 2021 Octaviano,
587 1983 684 2024 quod
696 1992 779 2015 eum

83 2028 197 2070 probe
229 2028 439 2071 intelligeret
470 2032 648 2071 Horatius,
692 2042 779 2065 sane

82 2077 152 2110 tale
167 2078 253 2119 quid
268 2078 358 2111 facili
379 2089 490 2122 opera
505 2081 699 2120 devitabat;
723 2081 781 2114 vel

82 2128 199 2169 potius
232 2127 278 2160 de
315 2129 384 2161 hoc
420 2131 563 2162 omnino
597 2140 780 2172 nunquam

85 2177 259 2218 cogitavit.
285 2194 320 2201 -
345 2179 488 2221 secures]
512 2189 577 2221 pro
600 2180 756 2213 fascibus
770 2206 778 2220 ,

85 2226 261 2259 honorum
284 2228 498 2269 insignibus3
522 2230 619 2269 ponit
640 2232 778 2269 autem,

86 2275 193 2310 etiam
225 2279 400 2318 quatenus
433 2279 533 2318 gesto
561 2277 679 2320 aliquo
701 2288 781 2311 ma-

85 2325 232 2365 gista-atu
282 2328 429 2368 propter
474 2327 642 2360 invidiam
686 2328 781 2369 apud

86 2374 257 2416 populum
278 2374 366 2408 alios
381 2376 535 2409 bonores
559 2378 683 2418 postea
710 2386 781 2409 non

88 2422 235 2456 obtinet.
263 2442 299 2447 ——
319 2425 498 2465 popularis
519 2426 645 2467 aurae]
669 2427 782 2457 Sene-

88 2481 130 2504 ca
163 2473 306 2514 Thyest.
331 2474 417 2506 350:
455 2475 657 2516 Sapientem
694 2485 782 2506 nmi-

88 2531 191 2562 quam
211 2522 338 2554 stabitis
356 2523 455 2563 favor
481 2524 572 2565 Volyi
588 2525 783 2565 praecipitis

88 2574 206 2603 ηιουοι.
246 2572 348 2604 Herc.
386 2572 451 2604 fur.
482 2573 567 2605 ⁴69:
609 2572 780 2614 (Stultum)

87 2620 204 2660 populi
239 2620 337 2660 furor
380 2622 557 2653 attonitum
604 2622 784 2663 mucusque

92 2670 198 2710 mucis
228 2669 345 2702 mobile
372 2670 487 2712 vulqus
507 2671 602 2704 Aura
622 2671 783 2703 eumdum

822 1040 1024 1072 tollium.
1035 1039 1197 1080 Virgilius
1203 1042 1288 1073 Aen.
1300 1040 1333 1080 6,
1342 1041 1419 1073 8⁴7.
1434 1049 1521 1074 usus

823 1091 880 1122 est
901 1098 1053 1122 numero
1076 1088 1225 1132 plurali:
1263 1090 1403 1122 airum
1430 1099 1522 1132 qau-

822 1140 902 1172 dens
928 1139 1152 1180 popularibus
1184 1140 1291 1172 aen-is.
1345 1140 1419 1173 Cic
1455 1149 1521 1182 pro

823 1187 984 1222 Cluentio
1006 1188 1072 1222 47:
1096 1192 1212 1221 ventus
1226 1190 1415 1230 popularis.

866 1239 961 1270 24—-
974 1237 1029 1271 24.
1065 1239 1241 1270 §ramerius
1274 1239 1377 1281 mori]
1418 1239 1523 1271 «viris

822 1287 1085 1320 immortalitate
1101 1288 1249 1329 dignis.»
1269 1306 1306 1312 —
1323 1289 1524 1321 recludens-

824 1337 977 1379 Cadunt]
1005 1337 1146 1370 Anthol
1172 1336 1243 1369 Pal.
1271 1339 1297 1370 1.
1325 1338 1410 1371 379:
1446 1347 1521 1376 eos

824 1386 1143 1429 qui'l'hermopylis
1158 1387 1381 1427 ceciderunt,
1404 1384 1523 1444 ἀρετὴ

824 1433 1079 1498 καθύπερθεν
1116 1434 1346 1470 Κυδαίνουο)
1390 1433 1525 1482 ἀνάγει

824 1485 1004 1529 δωματος
1036 1483 1079 1527 ἐξ
1111 1481 1248 1518 Ἀΐδεω.
1291 1506 1328 1510 -
1380 1487 1522 1529 „09an

827 1536 1043 1579 «asperrima
1074 1544 1252 1577 quaque.-
1309 1537 1391 1570 Sen.
1416 1538 1522 1571 Herc.

825 1586 893 1618 fur.
918 1585 1526 1619 439szcstadastramoutse

826 1637 925 1668 ten-is
944 1636 1016 1667 via.
1044 1653 1081 1658 —
1114 1635 1237 1677 udam]
1271 1645 1417 1670 «crasso
1439 1640 1524 1669 aere

826 1685 978 1718 obsitam
1001 1693 1043 1717 30
1077 1687 1265 1727 propterea
1299 1686 1446 1719 minime
1469 1686 1526 1718 di-

827 1743 949 1776 gnam,
974 1735 1010 1766 in
1032 1743 1103 1775 qua
1122 1735 1240 1767 Virtus
1263 1737 1459 1768 moretur..
1486 1754 1522 1759 —

825 1782 984 1825 fuyience]
1018 1784 1189 1825 Exprimit
1222 1786 1259 1816 et
1280 1787 1526 1826 contemptum

827 1842 950 1866 rerum
971 1834 1209 1866 humanarum
1232 1836 1269 1867 et
1290 1834 1524 1873 celeritatem,

828 1892 899 1924 qua
920 1884 956 1915 in
980 1882 1119 1915 caelum
1140 1891 1223 1916 sese
1246 1883 1343 1916 tollat
1357 1885 1486 1916 Vutus.

871 1933 926 1965 25.
962 1933 1023 1964 Est
1051 1932 1098 1974 et]
1133 1933 1260 1965 «80013
1292 1934 1437 1966 Virtutis
1471 1935 1528 1966 est

829 1982 943 2014 Fides.
1000 1982 1096 2013 Haec
1130 1983 1251 2014 autem
1283 1982 1339 2014 vel
1373 1982 1526 2015 maxime

829 2032 1010 2073 spectatur
1024 2031 1060 2062 in
1075 2031 1329 2071 mysteriorum
1351 2032 1528 2064 caerimo-

829 2081 896 2113 niis
936 2078 1099 2120 religiose
1138 2079 1298 2112 tacendis
1312 2105 1320 2119 ,
1359 2081 1527 2121 quoniam

829 2138 1008 2162 summam
1041 2128 1151 2161 fidem
1184 2128 1239 2161 dis
1266 2129 1527 2162 immortalibus

829 2178 1018 2211 debemus.
1076 2179 1248 2216 Quocirca
1287 2177 1406 2211 laesae
1442 2179 1526 2211 fidei

831 2228 965 2261 nullum
997 2229 1111 2260 maius
1146 2227 1348 2269 exemplum
1378 2229 1528 2271 reperiri

829 2279 963 2319 potest,
996 2286 1104 2318 quam
1134 2278 1166 2309 si
1187 2278 1266 2318 quis
1288 2276 1527 2310 occultissima

831 2327 971 2360 Cereris
986 2335 1088 2359 sacra
1102 2326 1231 2367 prodat
1244 2327 1413 2368 profanis.
1459 2328 1529 2360 Τ3-

830 2376 903 2408 lem
935 2376 1163 2415 hominem»,
1212 2377 1339 2418 inquit,
1380 2385 1528 2409 «omnes

832 2434 975 2458 mecum
997 2433 1112 2466 aeque
1135 2425 1395 2458 abominantur.
1431 2427 1531 2459 Eius-

832 2474 928 2507 modi
943 2482 1031 2506 vero
1046 2473 1165 2507 scelus
1180 2476 1408 2516 gravissimae
1419 2475 1528 2507 deum

832 2532 969 2565 poenae
994 2526 1257 2565 consequantur
1271 2533 1422 2557 neeesse
1437 2525 1527 2556 est.-

836 2591 872 2596 —
895 2573 1157 2615 fideli-silentio]
1180 2574 1274 2615 Virg.
1288 2576 1375 2606 Aen.
1393 2573 1427 2613 3,
1445 2574 1526 2606 ⁴⁴2:

830 2622 902 2663 fida
929 2622 1061 2654 silentia
1091 2623 1207 2655 sacris.
1266 2624 1400 2655 Seneca
1422 2623 1525 2656 Herc.

834 2671 901 2703 fur.
941 2671 1022 2703 303:
1075 2672 1134 2704 tibi
1169 2676 1263 2704 muta
1298 2673 1362 2713 fide
1398 2672 1529 2714 Lonyas
