1722 2904
191 66 274 108 682
742 69 912 102 HORATH
938 69 1110 103 EPODON

618 174 1107 212 EXGURSUS
1161 175 1194 212 Ι.

836 251 985 283 Anvl.

278 330 457 371 perquam
481 330 713 363 memorabile
749 332 804 363 est
833 331 869 363 in
897 331 998 372 poesi
1022 330 1332 365 Gallo-Brittauiea
1356 331 1495 365 mediae
1519 333 1643 365 aetatis
1702 328 1704 330 ’

190 384 378 418 Abaelardi
414 385 594 418 Heloisarn
629 386 915 419 transformatam
949 395 1031 419 esse
1067 386 1216 421 alteram
1257 388 1292 421 in
1326 388 1520 421 Canidiam.
1569 388 1640 421 Cfr.

189 441 524 481 Barzaz-Breis‚
555 450 626 482 par
659 442 706 474 M.
735 442 789 474 Th.
817 442 955 474 Hersart
978 443 1018 474 de
1039 443 1075 474 la
1101 443 1343 485 Villmnarque,
1373 444 1437 476 Ed.
1462 445 1520 476 111.
1545 444 1643 478 Paris

191 496 287 530 ⁴845.
315 496 356 529 in
371 497 514 529 Journal
541 498 596 529 des
624 497 770 529 Savants
793 497 890 530 4847.
915 506 951 539 p.
976 498 1063 530 268:
1099 499 1137 532 Ie
1158 499 1228 532 sais
1247 509 1314 532 une
1334 500 1479 533 chamon
1501 501 1560 540 qui
1579 500 1644 542 fait

187 553 303 593 fendre
335 553 380 585 les
412 553 530 593 cim,
570 553 745 585 tressaillir
773 553 809 584 la
838 554 967 594 grande
988 563 1061 586 mer
1082 558 1114 587 et
1135 555 1292 588 trembler
1314 556 1350 588 la
1371 559 1470 589 terre.
1516 557 1554 588 Je
1575 556 1649 588 saie
1698 571 1700 573 >

188 610 259 640 tout
291 617 327 640 ce
360 608 461 648 qu'on
489 611 571 649 peut
603 609 716 641 saveir
749 617 788 641 en
811 617 847 641 ce
867 610 1004 649 monde,
1041 613 1113 643 tout
1133 619 1170 644 ce
1192 612 1250 651 qus·
1272 620 1359 644 sera.
1406 612 1458 644 La
1474 610 1642 652 premiere

189 665 315 705 droyue
346 673 408 704 que
433 665 471 705 je
501 666 543 707 fis
576 674 655 696 avec
685 673 763 696 mon
792 664 879 696 clerc
902 663 1090 708 (Abailarct)
1119 667 1173 708 fut
1192 667 1277 709 faite
1298 676 1380 701 avec
1402 667 1491 700 l'oeil
1511 668 1642 710 qauche

189 720 270 752 d'un
291 720 436 752 corbeau
457 723 487 753 et
510 721 539 753 le
561 729 661 753 coeur
682 721 762 752 d’un
783 723 937 761 crapaud
959 726 1026 757 etc.

613 886 1098 926 EXGURSUS
1151 887 1210 923 ΙΙ.

815 963 1002 995 Anv.57.

277 1044 396 1076 «Haec
418 1052 504 1076 vera
528 1052 609 1077 esse
632 1043 774 1076 videtur
797 1042 998 1085 explicatio,
1034 1043 1074 1075 ut
1101 1043 1298 1076 statuamus
1321 1043 1435 1084 ipsam
1459 1042 1642 1075 Canidiam
1680 1078 1683 1080 ,

189 1099 222 1131 iu
246 1100 323 1131 vico
354 1099 492 1132 Subura
515 1099 675 1132 hahitare
700 1107 852 1141 eamque
875 1099 1017 1141 precari
1040 1108 1060 1131 a
1084 1098 1173 1139 diis,
1214 1099 1254 1131 ut
1277 1106 1387 1131 senex
1423 1097 1531 1139 (quod
1553 1097 1642 1130 ridi-
1677 1111 1680 1113 Α

187 1154 308 1187 culum
333 1154 499 1188 omnibus
515 1155 700 1195 videatur,
726 1155 792 1188 sed
815 1155 925 1197 ipsius
949 1157 1069 1188 tamen
1085 1154 1253 1187 effectum
1275 1155 1337 1187 est‘
1346 1153 1492 1195 artibus)
1517 1161 1640 1186 amore

189 1211 343 1251 flagrans
378 1212 424 1243 ad
455 1221 490 1244 se
513 1211 631 1244 media
655 1213 759 1244 nocte
783 1211 817 1244 in
841 1211 1011 1244 Suburam
1032 1212 1167 1251 ven-iat,
1205 1211 1355 1252 eiusque
1379 1209 1554 1243 adventus
1575 1218 1643 1252 per

186 1265 365 1300 silentium
398 1268 511 1300 noctis
535 1276 666 1300 canum
688 1267 817 1299 latratu
851 1267 1082 1309 significetur.
1121 1266 1204 1308 (Cfr.
1239 1266 1335 1308 Virg.
1372 1264 1444 1299 Ecl.
1481 1266 1521 1305 8,
1551 1265 1638 1306 ⁴07:
1675 1272 1677 1274 ·

185 1322 302 1362 Hylax
334 1323 371 1355 in
403 1323 516 1356 limine
549 1323 681 1366 latrat.)
727 1324 852 1365 Sperat
882 1324 1026 1363 autem,
1063 1332 1147 1355 eum
1175 1322 1222 1355 ad
1253 1331 1293 1355 se
1322 1321 1518 1355 adductum
1539 1321 1581 1353 iri
1605 1321 1641 1354 vi
1672 1334 1675 1335 ⁷

185 1380 466 1419 venenatarum,
493 1388 583 1421 quas
607 1388 748 1412 summa
772 1381 847 1412 arte
872 1380 905 1412 ei
928 1380 1129 1421 paraverit,
1154 1378 1368 1418 herbarum,
1395 1386 1510 1420 eoque
1532 1385 1640 1411 sensu
1674 1406 1676 1411 ,

186 1434 285 1466 addit
318 1434 430 1466 verba
462 1435 794 1467 Nardo--manus.
843 1434 1009 1467 Similiter
1041 1435 1131 1468 infra
1164 1443 1197 1467 v.
1234 1434 1288 1467 69.
1326 1437 1430 1471 uncta
1451 1433 1537 1466 dicit
1557 1433 1640 1466 Vari

184 1490 310 1522 cubilia
331 1490 492 1523 oblivione
513 1491 662 1523 omniwm
679 1491 870 1531 pellicum.»
895 1492 1020 1523 REGEL.
1041 1509 1079 1514 —
1098 1491 1235 1523 Verum
1250 1490 1333 1523 huic
1359 1489 1639 1532 interpretationi

186 1555 230 1578 ex
264 1555 346 1579 meo
381 1547 528 1588 quidem
562 1555 670 1580 sensu
704 1556 775 1580 non
810 1548 894 1580 satis
919 1548 1133 1580 conveniunt
1154 1556 1211 1580 w.
1238 1547 1326 1588 quod
1348 1555 1459 1578 omnes
1479 1546 1636 1586 rideant,

185 1602 355 1643 quoniam
389 1603 443 1634 ita'
470 1611 541 1635 non
575 1604 687 1644 magis
712 1603 852 1636 derisus
875 1604 973 1636 esset
994 1603 1110 1635 Varus
1133 1611 1243 1644 quam
1266 1610 1352 1644 saga
1384 1602 1484 1644 ipsa,
1520 1609 1640 1644 neque

186 1657 222 1690 in
243 1659 352 1690 nardo
375 1667 409 1690 v.
435 1658 489 1691 58.
527 1659 578 1691 sic
612 1658 820 1701 simpliciter
851 1660 967 1701 posito
1002 1658 1201 1701 quidquam
1222 1658 1390 1691 venenati
1412 1657 1487 1691 sive
1510 1656 1638 1700 magici

187 1713 306 1746 inesse
330 1715 459 1756 potest.

590 1881 1082 1920 Excunsus
1134 1883 1217 1920 nl.

806 1958 993 1990 Anv.87.

272 2038 450 2079 Quotquot
482 2038 553 2070 vidi
588 2039 802 2080 interpretes
838 2039 987 2080 excepto
1022 2039 1202 2072 viscontio
1237 2040 1273 2072 et
1306 2039 1391 2079 Fea,
1429 2038 1488 2081 qui
1509 2044 1660 2085 yeneno·

184 2095 307 2135 putant
330 2102 410 2127 esse
445 2094 646 2126 vocativum
683 2093 728 2135 (id
761 2094 857 2136 quod
889 2094 974 2127 mihi
1008 2103 1114 2127 secus
1137 2094 1299 2135 videtur,
1336 2095 1403 2128 etsi
1436 2093 1636 2137 comparari

183 2150 334 2191 possunt
356 2149 503 2189 similia,
528 2150 651 2190 scelus,
672 2151 900 2191 propudium,
921 2149 1122 2193 probrum),
1149 2151 1185 2183 et
1207 2149 1386 2192 Gargallo,
1413 2147 1648 2193 quiquidem*v

181 2206 235 2245 fas
255 2206 415 2247 nefasque
438 2206 675 2239 nominativos
700 2214 779 2239 esse
804 2207 902 2239 ratus
926 2207 999 2246 est,
1033 2206 1098 2247 sed
1122 2205 1246 2240 falsam
1269 2207 1482 2240 seutentiam
1505 2207 1634 2249 poetae

183 2261 356 2295 obstruit:
391 2261 441 2294 Ne*
465 2263 672 2302 innocenza,
707 2261 749 2294 ne
772 2262 888 2302 colpa,
925 2271 944 2294 ο
970 2263 1156 2304 Voneflche,
1192 2262 1262 2295 Pu«)
1283 2263 1324 2295 de
1345 2262 1468 2295 l’uomo
1489 2262 1526 2295 in
1547 2263 1654 2297 som?

182 2317 350 2358 cangiar:
389 2327 421 2349 v.
447 2327 575 2350 venena
598 2317 734 2350 hahent
756 2327 821 2359 pro
845 2317 1027 2358 subiecto,
1065 2327 1131 2359 pro
1155 2318 1295 2351 obiecto
1317 2326 1480 2360 magnum
1498 2318 1554 2360 sas
1573 2326 1635 2351 ne·

180 2374 319 2413 susque,
346 2372 443 2414 quod
467 2375 590 2406 contra
607 2374 673 2406 est.
722 2374 809 2406 Hinc
832 2375 929 2406 ortae
953 2374 1072 2406 variae
1097 2373 1371 2415 explicationes:
1398 2373 1428 2414 4)
1455 2374 1525 2406 «Ex
1540 2370 1639 2406 vitae*

183 2429 359 2460 humanae
384 2429 592 2462 condicione
617 2439 637 2461 a
660 2429 715 2462 dis
739 2428 850 2462 semel
875 2430 1064 2462 constituta
1086 2429 1259 2462 veneficia
1282 2438 1353 2462 non
1376 2428 1495 2462 valent
1528 2437 1651 2462 ever--

182 2485 257 2516 tere
291 2483 389 2525 leges
423 2486 607 2525 aeternas,
646 2484 775 2526 quibus
811 2484 863 2518 fas
899 2485 1070 2526 nefasque
1106 2485 1362 2526 distinguitur.»
1421 2483 1651 2526 (uTalionem-

184 2540 275 2571 vitae
311 2540 510 2579 humanae,
547 2540 712 2573 videlieet
733 2542 773 2572 ut
797 2540 848 2573 fas
871 2541 1094 2582 praemium,
1131 2541 1231 2574 nefas
1254 2549 1407 2583 poenam
1430 2541 1650 2582 exspectet„

183 2603 320 2627 venena
356 2596 491 2636 magica
527 2598 664 2628 mutare
703 2605 772 2628 non
807 2596 924 2629 valent
959 2605 1076 2638 neque
1101 2596 1264 2635 efficere,
1301 2596 1340 2629 ut
1362 2595 1460 2629 nefas
1482 2594 1631 2628 inultum

183 2653 361 2683 maneat.»
388 2651 542 2691 Mutela.)
590 2652 619 2691 Ξ)
648 2652 851 2685 «veneficia
884 2661 953 2685 non
983 2651 1099 2685 valent
1134 2653 1339 2694 pervertere
1364 2651 1416 2684 sas
1439 2651 1648 2693 nefasque,'
