1722 2904
528 59 608 126 us.
631 93 688 126 ιν.
735 94 774 126 c.
798 93 885 126 vm.
1434 92 1510 135 581

239 196 428 240 ornatus
458 196 585 239 viridi
614 203 809 254 tempora
837 197 1040 254 pampino

237 275 369 320 Liber
395 283 495 320 vota
525 275 664 320 bonos
692 276 810 321 ducit
839 276 895 320 ad
924 276 1075 320 exitus.

154 394 210 427 ae.
234 394 334 426 amec
354 394 434 445 nd.

66 497 187 546 τῆρας
205 495 371 541 ἔχοντες.
398 518 436 524 -
454 501 633 541 pampino]
662 500 769 533 Simi—
815 509 958 542 quoque
998 509 1042 532 ex
1079 499 1219 533 mortali
1253 500 1344 533 deus
1377 501 1513 535 iactus,

65 547 146 581 liter
165 549 237 582 iam
258 549 323 582 Od.
355 549 394 590 3,
409 550 471 590 25,
487 551 554 582 20:
580 550 769 591 cingentem
814 551 854 581 ut
867 550 996 591 poetae
1012 550 1218 582 cecinerunt
1237 550 1311 592 (Od.
1329 549 1363 589 3,
1381 550 1414 590 3,
1433 550 1512 590 ⁴3.)‚

65 597 169 630 viridi
194 601 347 639 tempora
368 599 547 639 ‚impium
582 598 678 631 unde
707 598 766 630 hic
812 599 898 631 votis
930 599 1095 632 homines
1127 599 1267 631 damam
1300 599 1405 640 (virg.
1439 598 1512 632 Ecl.

67 647 103 680 in
117 647 356 690 suspicionem
371 647 546 681 adductus
562 649 618 681 est
641 656 767 680 versus
813 649 850 688 5,
885 648 977 689 80.),
1023 649 1189 681 votorum
1233 657 1295 682 eos
1329 649 1514 690 compotes

0 693 2 740 ζ
70 696 179 729 etiam
199 696 246 729 ab
269 697 473 730 Hermanno
501 698 538 729 et
568 697 768 730 Lachman-
811 697 963 730 reddita·
1002 699 1116 740 Atque
1152 694 1247 738 θεὸς
1286 695 1421 744 σωτὴρ
1458 700 1513 732 est

65 754 124 778 no.
148 745 220 778 Sed
233 747 330 779 omni
345 746 502 788 epitheto
521 755 645 778 carere
660 746 766 779 Liber
814 748 1035 789 Lycophroni
1058 747 1133 780 206.

0 788 2 827 ὲ
67 793 235 827 h.1.vix
261 796 390 836 potest.
429 813 466 818 -
514 795 627 837 Labor]
665 796 781 837 «ipse.

542 1042 1027 1080 Excunsus

692 1130 880 1162 Anv.l7.

0 1237 3 1261 5
152 1209 230 1242 Non
250 1209 422 1249 incendia]
457 1208 593 1251 Duplici
617 1210 844 1243 excusatione
868 1211 950 1250 eget
977 1209 1035 1241 hic
1056 1209 1253 1243 versiculus
1268 1235 1276 1249 ,
1310 1211 1468 1252 primum
1490 1219 1511 1243 a

0 1262 14 1303 ’ζ
68 1272 237 1305 caesura,
262 1273 371 1307 quam
391 1264 659 1306 pessumdatam
683 1265 806 1298 dicunt
829 1265 1042 1298 necessitate
1064 1266 1216 1298 nominis
1238 1266 1389 1307 proprii,
1414 1266 1512 1307 quod

0 1325 18 1361 ξ
69 1318 172 1352 aliter
202 1328 330 1354 versus
361 1329 433 1353 non
467 1321 681 1362 recepisset;
727 1319 858 1353 deinde
891 1322 932 1352 ut
964 1321 1118 1353 §neemia
1160 1319 1432 1362 «generaliter»,
1471 1323 1512 1353 ut
1550 1329 1556 1335 ·

67 1375 187 1414 aiunt,
226 1376 283 1407 «et
309 1376 469 1417 poetice·
504 1376 723 1417 accipiantur
753 1384 819 1417 pro
843 1374 1002 1408 cladibus
1037 1376 1089 1417 (nt
1109 1377 1197 1408 Aen.
1234 1377 1249 1407 4
1264 1401 1272 1415 ,
1297 1377 1385 1408 566;
1424 1377 1511 1408 tanti

2 1447 29 1459 „
65 1429 220 1462 iamdiu
251 1430 348 1471 beai,
386 1432 493 1472 atque
527 1431 690 1472 opinatus
721 1432 776 1463 est
807 1424 996 1471 Bottige'rss
1022 1431 1175 1463 Ennium
1198 1430 1347 1463 sortasse
1378 1430 1510 1464 alicubi

6 1480 26 1527 ‘fe
64 1485 283 1526 Karthaginis
305 1484 426 1518 clades
449 1484 739 1527 calamitatesque
760 1494 908 1518 vocasse
932 1486 1009 1518 eius
1032 1486 1212 1527 incendia.)
1249 1486 1307 1518 vel
1331 1487 1439 1519 etiam
1462 1487 1520 1519 de·

4 1543 38 1582 [ι
62 1539 157 1574 binis
187 1541 314 1574 casu-is
335 1541 507 1582 Syphacis
537 1542 574 1573 et
596 1540 825 1573 Hasdrubalis
854 1550 875 1572 a
897 1541 1058 1582 Scipione
1081 1541 1236 1573 incensis
1261 1542 1345 1582 (LiV.
1374 1541 1435 1581 30,
1460 1542 1507 1582 5.)

64 1585 304 1638 (tremulisque
325 1596 666 1637 Karthaginiensium
690 1597 730 1628 D.
756 1595 906 1628 navibus
931 1597 1014 1636 (Liv.
1039 1595 1100 1635 30,
1125 1595 1193 1636 43.)
1209 1621 1217 1635 ,
1250 1597 1396 1628 minime
1418 1605 1506 1628 vero

2 1642 31 1687 ⁵2³
65 1650 139 1693 (qui
159 1650 328 1684 ridiculus
349 1651 441 1684 foret
463 1660 584 1691 error,
608 1653 736 1693 poetae
757 1659 939 1692 nunquam
960 1651 1199 1692 imputandus)
1225 1651 1270 1683 de
1293 1652 1506 1692 Karthagine

13 1738 42 1750 ,
63 1714 86 1739 a
106 1706 268 1748 Scipione
288 1706 451 1739 Africano
480 1707 619 1739 minore
648 1707 792 1739 incensa
822 1707 928 1747 atque
957 1706 1086 1738 excisa.
1132 1707 1256 1747 Neque
1286 1715 1374 1738 vero
1407 1706 1506 1739 clan-

2 1768 41 1796 12:
63 1759 202 1802 culum,
226 1762 267 1793 ut
286 1761 334 1794 ita
357 1762 475 1794 dicam
489 1787 497 1801 ,
522 1762 654 1794 intrudi
668 1763 786 1803 potest
801 1762 916 1802 Scipio
932 1761 1067 1800 minor,
1090 1763 1130 1793 ut
1146 1763 1229 1803 post
1243 1761 1455 1794 Glareanum
1470 1764 1507 1794 et

6 1808 10 1831 3
63 1816 261 1849 Gesnerum
281 1816 414 1850 factum
435 1817 540 1850 video
564 1818 671 1850 etiam
694 1826 714 1848 a
738 1825 874 1858 nupero
897 1817 1112 1857 interprete:
1142 1818 1328 1849 «Poterat»
1346 1842 1353 1856 ‚
1378 1817 1503 1858 inquit,

2 1862 42 1915 ῖᾷἷ
65 1873 191 1914 «poeta
204 1873 242 1904 in
254 1872 312 1905 his
326 1881 459 1906 nomen
473 1873 645 1914 Scipionis
659 1880 788 1912 urgere
813 1872 849 1903 et
871 1870 1010 1904 silentio
1031 1871 1227 1912 praeterire
1241 1896 1249 1910 ‚
1275 1871 1371 1912 quod
1392 1873 1508 1904 iunior

63 1925 210 1960 demum
231 1928 346 1969 Scipio
360 1928 609 1968 Karthaginem
638 1927 802 1959 incendio
818 1925 1023 1958 deleverit.»
1069 1926 1173 1958 Haud
1187 1927 1317 1967 magis,
1343 1935 1435 1968 quae
1450 1928 1507 1959 est

13 1979 36 2019 ³5³2
63 1981 210 2014 Gerbcri
236 1983 411 2015 sententia
433 1982 479 2015 ab
503 1991 547 2015 eo
571 1984 626 2014 ter
646 1982 847 2024 prolata*),
877 1983 978 2022 Eius,
1003 1982 1128 2022 qui--
1148 1982 1248 2014 rediit
1271 1990 1337 2024 pro
1360 1981 1507 2014 alicuius

12 2034 246 2070 domitoris
276 2037 413 2070 Africae
447 2030 528 2070 ficta
562 2038 683 2070 nescio
717 2046 787 2078 qua
821 2045 975 2078 persona
1003 2036 1127 2068 haberi
1153 2038 1290 2078 potest,
1331 2046 1415 2070 cum
1437 2037 1507 2070 hoe

38 2115 46 2133 3
62 2092 160 2124 vetet
181 2093 219 2124 et
248 2077 583 2125 indicativus'rediit
604 2095 640 2125 et
663 2093 740 2135 ipsa
772 2093 873 2125 Ennii
895 2093 1028 2124 mentio
1043 2117 1050 2131 ,
1087 2100 1205 2133 neque
1220 2117 1228 2131 ,
1252 2093 1292 2123 ut
1312 2091 1423 2124 voluit
1454 2093 1503 2124 Io.

3 2142 46 2203 fi
62 2146 243 2180 noodatus
259 2147 421 2180 Frohlich
432 2148 500 2189 θ),
529 2148 693 2180 Calabrae
706 2148 851 2180 Pierides
871 2148 1036 2180 universe
1059 2146 1255 2188 significare
1278 2148 1428 2188 possunt
1441 2155 1509 2179 ne-

3 2193 36 2246 β’
51 2202 139 2236 „ndo
175 2211 267 2244 quae
308 2204 464 2235 carmina
499 2200 714 2245 panegyrica
751 2211 772 2234 a
808 2203 929 2235 nescio
966 2210 1037 2243 quo
1074 2202 1110 2233 in
1149 2202 1318 2242 Scipionis
1358 2203 1506 2235 minoris

4 2248 43 2311 {2ss
52 2255 206 2291 laudem
228 2259 435 2300 composita.
482 2259 571 2290 Nam
602 2257 686 2290 nihil
716 2258 828 2299 magis
862 2267 1011 2303 ακυρον
1038 2257 1359 2298 inconcinnumque
1382 2258 1507 2290 fuisset

4 2312 43 2363 ’ξ’ζ,
52 2313 170 2353 atque
202 2312 427 2354 ambiguum,
463 2322 571 2355 quam
605 2314 634 2345 si
666 2312 824 2346 Calabris
846 2312 1065 2351 Pieridibus,
1102 2321 1194 2354 quae
1225 2313 1329 2345 unice
1352 2313 1504 2345 Ennium

4 2360 45 2402 ἱ,
50 2364 259 2412 significare
283 2370 451 2410 possunt,
484 2370 598 2400 totum
621 2377 733 2409 genus
755 2369 1011 2410 panegyricum
1034 2367 1203 2400 denotare
1226 2366 1406 2400 voluisset.
1451 2369 1503 2400 Ita

50 2429 135 2454 ‘non
162 2424 323 2464 peccavit
344 2424 518 2456 Horatius.
565 2424 638 2455 Nec
667 2423 812 2456 tandem
840 2422 1041 2456 tolerabiles
1070 2425 1151 2455 sunt
1183 2423 1406 2455 coniecturae
1430 2423 1503 2455 Cu-

144 2600 168 2634 ·)
189 2599 341 2628 Zeitschr.
362 2601 382 2628 i,
404 2601 568 2629 Alterthw.
592 2599 673 2628 1839.
696 2608 726 2635 p.
749 2600 795 2628 47.
818 2599 925 2635 Progr.
949 2600 1123 2629 Sondersh.
1148 2598 1219 2629 ⁴843
1247 2602 1279 2628 et
1303 2598 1383 2628 ¹846.

144 2649 181 2684 ’Ἴ
202 2648 311 2685 Progr.
333 2649 445 2684 Gymn.
468 2650 566 2684 antiq.
588 2649 711 2678 Monac.
736 2648 816 2677 ¹837.
840 2658 869 2685 p.
891 2649 909 2677 9
930 2656 1000 2684 sqq.
