1722 2904
605 117 684 150 m.
708 117 765 149 m.
812 117 851 148 c,
874 116 952 149 ιω.
1227 149 1230 152 .
1447 113 1523 156 421

570 326 1056 365 Excunsus

702 427 912 459 Anaxa.

180 572 302 614 Nuper
329 569 545 603 Kirchnerus
568 568 665 611 (Νου.
697 569 843 610 Quaem.
873 568 992 600 Home.
1015 576 1052 610 p.
1076 567 1144 608 65.)
1159 593 1167 607 ,
1190 568 1381 609 postquam
1405 574 1532 609 «prae-

90 625 226 660 clarum
258 625 343 659 illud
376 627 451 659 sive
473 625 689 658 Lachmanni
721 625 797 657 sive
819 624 982 657 Meinekii
1016 624 1091 656 sive
1114 623 1297 665 utriusque
1320 623 1527 661 inventum,

89 682 208 715 omnia
229 682 361 715 Horatii
383 681 540 714 carmina
572 682 608 713 et
635 689 727 722 quae
750 679 1007 722 monostropha
1030 678 1148 712 adhuc
1176 680 1214 711 et
1234 687 1327 720 quae
1350 677 1532 720 disti-opha

88 737 187 771 fuere
220 738 257 771 in
289 737 446 770 carmina
479 737 719 778 tetrastropha
754 735 914 769 mutandi
929 748 960 776 ,n
997 735 1054 768 vel
1076 735 1194 778 potius
1216 735 1252 767 in
1274 736 1531 776 quaternorum

87 801 257 826 versuum
279 792 445 835 strophas
467 791 646 824 dividendi
660 817 668 832 ,
694 791 833 824 eximiis
854 790 1020 824 laudibus
1042 790 1175 830 extulit,
1200 791 1364 824 nostrum
1385 798 1531 832 quoque

89 857 234 882 carmen
257 847 375 881 eidem
396 846 465 889 legi
487 847 698 880 submittere
724 849 873 881 conatus
896 849 952 881 est
965 873 973 888 ‚
997 847 1054 880 his
1075 846 1216 880 verbis:

176 905 311 938 «Unum
343 904 454 936 restat
486 912 633 936 carmen
646 929 654 943 ‚
691 903 785 936 Libri
807 904 863 936 ΠΙ.
894 903 1147 936 duodecimum
1180 901 1288 935 illud:
1325 902 1531 935 mser-amn

87 962 137 992 est
155 967 261 1000 nequo
282 958 393 991 anion-i
414 960 513 999 cett„
538 959 635 1001 quod
658 959 891 1000 quadraginta
911 958 1066 1001 pedibus
1088 959 1214 992 Ionicis
1237 967 1258 991 a
1280 957 1418 991 minore
1441 966 1531 991 con-

88 1016 185 1048 stans
207 1024 228 1047 a
251 1015 380 1047 criticis
410 1015 526 1047 omnis
548 1015 692 1054 aetatis,
729 1015 799 1047 iam
830 1013 912 1047 inde
936 1023 957 1047 a
978 1015 1106 1056 priscis
1128 1014 1392 1054 Grammaticis,
1431 1013 1530 1047 varie

48 1060 54 1064 ’
88 1069 249 1103 habitum
283 1078 326 1103 ac
352 1078 419 1112 per
446 1071 611 1112 strophas
641 1069 869 1103 distributum
883 1096 891 1110 ,
928 1071 1070 1103 conatui
1100 1072 1222 1103 tamen
1244 1069 1291 1103 ad
1312 1069 1532 1112 reliquorum

88 1126 285 1160 carminum
315 1134 478 1159 normam
507 1126 672 1168 strophas
702 1124 870 1167 aequales
900 1125 1138 1159 constituendi
1160 1126 1342 1167 quaternis
1365 1124 1533 1159 versibus

88 1183 291 1215 constantes
323 1181 442 1214 adhuc
475 1181 619 1214 obstitit.
667 1182 743 1221 Quo
766 1181 811 1214 de
835 1182 994 1215 carmine
1017 1181 1125 1215 multi*
1141 1190 1222 1215 esse
1251 1189 1443 1224 possemus
1457 1207 1465 1221 ,
1501 1182 1532 1214 si

86 1236 144 1270 vel
166 1237 331 1270 codicum
353 1238 558 1270 nostrorum
578 1238 769 1271 varietates
791 1239 827 1271 in
848 1237 999 1271 lectione
1022 1247 1066 1270 ac
1087 1246 1258 1270 versuum
1281 1236 1531 1271 distributione

23 1298 38 1302 “
87 1292 233 1331 afferre,
279 1291 337 1325 vel
367 1293 485 1326 varias
516 1293 674 1326 virorum
708 1293 899 1326 doctorum
931 1294 976 1326 de
1011 1302 1055 1326 eo
1088 1294 1282 1327 sententias
1314 1301 1531 1335 percensere

87 1347 283 1381 vellemus:
323 1348 389 1381 sed
410 1350 493 1390 post
514 1348 657 1382 doctam
679 1349 827 1382 Bentleii
850 1350 1126 1392 disputationem
1147 1358 1277 1390 magno
1300 1349 1422 1382 critico
1444 1358 1531 1382 vere

89 1403 254 1451 dignam,
293 1412 363 1445 qua
397 1412 441 1436 ex
463 1404 735 1446 Hephaestionis
764 1406 983 1446 grammatici
1005 1407 1200 1447 praecepto
1223 1406 1292 1438 hoc
1315 1414 1461 1438 carmen
1484 1404 1530 1437 ad

87 1458 206 1492 Alcaei
228 1458 410 1501 exemplar
430 1459 594 1492 versibus
615 1459 673 1492 vel
695 1461 850 1502 strophis
872 1460 974 1494 denis
996 1460 1150 1503 pedibus
1182 1460 1353 1494 absolutis
1381 1469 1532 1502 compo-

86 1514 195 1548 situm
228 1523 309 1548 esse
342 1515 484 1555 docuit,
524 1515 619 1547 unde
653 1516 730 1558 ipse
764 1516 928 1558 strophas
962 1516 1103 1549 duobus
1136 1517 1352 1549 tetrametris
1384 1525 1528 1558 unoque

21 1568 23 1570 ’
89 1569 241 1603 dimetro
273 1571 392 1603 lonico
427 1572 641 1613 compositas
674 1571 847 1603 confecit:
887 1580 970 1604 cum
1004 1573 1080 1614 ipse
1104 1572 1200 1604 dicat
1213 1597 1221 1611 ,
1260 1571 1344 1604 nihil
1368 1572 1503 1605 referre
1519 1598 1527 1612 ‚

87 1626 207 1658 utrum
230 1625 362 1666 tribus,
397 1635 443 1659 an
465 1626 605 1659 duabus
627 1629 688 1659 aut
709 1627 832 1667 unica,
868 1627 898 1660 si
928 1627 1005 1660 fieri
1036 1628 1171 1669 possit,
1207 1626 1300 1660 linea
1334 1627 1529 1668 decapodia

87 1689 252 1722 quaeque
275 1681 454 1714 scribatur
470 1691 478 1714 :
501 1681 606 1714 liceat
627 1682 729 1715 nobis
749 1683 842 1715 hanc
858 1683 1066 1715 divisionem
1079 1691 1279 1725 proponere
1294 1708 1302 1723 ,
1327 1692 1398 1725 qua
1412 1683 1529 1725 primo

23 1747 25 1750 ·
86 1735 311 1770 Bentleianae
344 1738 516 1779 cuiusque
549 1738 716 1780 strophae
750 1746 859 1770 versu
892 1739 1098 1771 tetrametro
1131 1739 1167 1771 in
1210 1738 1315 1772 binos
1359 1739 1530 1771 dimetros

87 1791 199 1825 diviso
221 1801 366 1825 carmen
390 1793 652 1835 tetrastraphon
675 1793 745 1826 hoc
768 1794 904 1826 existit:

258 1899 506 1941 Miserarum
536 1904 601 1941 est
628 1913 765 1954 neque
796 1901 929 1941 amori

255 1981 368 2021 Dare
397 1978 543 2021 ludum
558 2011 573 2029 ,
609 1993 747 2035 neque
780 1980 892 2022 dulci

253 2059 362 2102 Mala
391 2061 489 2102 vino
518 2061 660 2103 lavere
696 2066 768 2103 aut
805 2060 1037 2103 exanimari
1070 2066 1305 2103 metuentes

367 2142 546 2183 Patruae
583 2140 761 2183 verbera
791 2143 970 2196 linguae.

258 2245 352 2287 Tibi
382 2246 549 2301 qualum
585 2247 815 2304 Cythereae

254 2327 364 2368 Puer
396 2328 483 2368 ales
500 2358 512 2375 ,
551 2327 629 2369 tihi
659 2327 762 2369 telas

260 2407 559 2462 Operosaeque
585 2409 796 2450 Minervae
828 2408 1009 2451 studium
1036 2407 1194 2458 aufert,
1228 2408 1440 2457 Neobule,

369 2489 535 2543 Liparei
571 2488 685 2530 nitor
719 2487 876 2531 Hebri:

264 2591 397 2634 Simul
426 2597 573 2635 unctos
605 2593 815 2636 Tiberinis

263 2673 475 2715 Humerus
506 2671 607 2716 lavit
639 2673 683 2716 in
715 2673 862 2723 undis,
