1722 2904
172 29 252 72 552

682 30 854 63 HORATII
878 30 1103 65 CARMINUM

455 133 589 176 Maius
622 133 908 178 Echioniaeve
937 133 1119 177 Thebae.

339 240 502 283 Merses
533 238 768 296 profundo:
803 238 1023 296 pulchrior
1052 239 1184 291 exiet;

336 322 536 363 Luctere:
570 319 701 362 multa
730 326 908 375 proruet
938 319 1151 376 integrum

396 401 502 444 Cum
532 400 661 443 laude
691 400 899 443 victorem
932 405 1142 457 geretque

453 480 621 524 Proelia
651 480 906 537 coniugibus
935 479 1166 538 loquenda.

340 586 586 643 Karthagini
619 586 703 628 iam
733 599 819 628 non
849 599 931 642 ego
967 585 1140 628 nuntios

257 683 310 714 65.
336 682 466 714 Mersus
481 680 549 712 Scd
566 681 602 712 et
615 679 726 711 Bentl.
744 678 923 721 plerique,
947 680 1080 712 Mersae
1095 681 1131 712 T.
1162 681 1215 722 (Ut
1229 689 1311 721 nos,
1334 680 1463 722 Bhffli,
1485 683 1574 715 Pott.

212 730 394 772 quinque.)
424 749 459 753 —
486 730 590 762 evenit
619 729 770 761 BbSTcd
793 730 829 761 et
852 729 963 762 Codd.
985 729 1131 762 Bentleii
1158 738 1201 762 ac
1225 731 1397 770 Pottierii,
1423 732 1518 764 LCtF
1541 734 1577 764 et

211 779 324 812 Bentl.
351 780 449 821 (exiet
471 788 490 811 e
515 787 607 811 corr.
633 779 711 811 Vat.
737 779 762 810 L
791 779 826 810 et
849 777 923 811 aliis
949 778 1007 820 (7)
1033 779 1128 821 apud
1150 779 1272 812 Valart
1292 781 1472 821 Meineke‚
1496 782 1578 823 post

213 839 277 862 nos
309 830 414 862 etiam
450 829 560 870 Iahn.)
588 846 624 852 —
651 829 704 861 66.
730 828 877 860 Ductore
900 829 936 860 T.
970 846 1008 851 —
1034 829 1172 868 proruit
1205 826 1311 871 Τ,βξ,
1347 839 1402 871 pr.
1432 830 1456 862 d
1480 830 1577 871 (reti—

214 880 340 911 nentes
362 878 541 920 9eretque),
570 877 681 910 Bentl.
716 895 750 900 —
781 878 835 909 67.
859 878 1010 919 qen-itque
1030 874 1087 919 δξ,
1111 877 1302 912 Bentleius.
1330 879 1457 920 (Nostri
1479 879 1576 920 non.)

216 947 251 951 -—
277 929 330 961 69.
354 929 557 969 Karthaqini
581 928 708 969 scripsi
732 936 815 960 cum
838 927 874 959 b.
902 927 1093 969 (cartagini
1115 927 1167 968 T.)

171 1009 268 1041 conis
300 1008 389 1041 illius
413 1008 579 1040 dentibus
603 1009 763 1040 ortorum
787 1016 870 1040 cum

171 1059 338 1098 quattuor
369 1057 444 1090 aliis
477 1059 558 1099 post
590 1066 748 1099 pugnam
778 1058 871 1089 inter

171 1108 297 1140 fratres
337 1109 536 1149 superstes,
577 1116 688 1148 gener
725 1107 868 1146 Cadmi,

170 1165 279 1198 quem
302 1157 337 1188 in
361 1156 490 1189 Thebis
511 1156 708 1189 condendis
725 1156 868 1195 adiuvit,

170 1208 307 1247 Agaves
349 1207 516 1246 maritus,
563 1206 711 1238 Penthei
754 1207 868 1246 pater.

172 1254 331 1297 Apollod.
351 1255 388 1295 3,
407 1255 440 1294 4,
460 1256 491 1287 4.
517 1255 616 1287 ovid.
635 1256 717 1287 Met.
735 1255 774 1293 3,
793 1254 868 1286 4Ξ6.

215 1305 268 1336 65.
305 1304 444 1346 Merses]
483 1305 543 1336 «Si
566 1305 753 1343 mersaris,
789 1300 872 1336 licet

171 1362 310 1386 merses
334 1354 369 1385 in
392 1353 462 1386 alto
484 1355 592 1393 mari,
625 1353 806 1395 pulchrior
830 1362 871 1384 ac

171 1402 293 1434 fortior
316 1403 458 1435 exibit.»
483 1404 601 1435 Lectio
617 1412 744 1435 mersus
755 1402 870 1435 anullo

171 1451 278 1484 modo
313 1451 396 1484 ferri
424 1453 553 1493 potest.
594 1453 754 1494 Oportuit
776 1453 872 1484 enim

169 1510 297 1540 mersa,
325 1509 394 1532 non
416 1510 555 1541 mersas,
592 1511 675 1534 cum
698 1502 872 1534 referatur

171 1550 218 1582 ad
241 1551 327 1582 Gens
343 1551 433 1582 cet.»
459 1552 581 1583 BssNrL.
609 1552 737 1583 Contra
761 1552 796 1583 in
811 1560 869 1583 w.

172 1601 296 1632 Merses
311 1601 347 1631 et
364 1601 502 1631 Luctere
522 1602 625 1641 aptus
641 1602 696 1633 est
721 1599 874 1642 paralle-

171 1649 308 1682 lismus.
338 1668 374 1672 —
394 1650 580 1691 pulchrior]
605 1659 714 1692 saepe
738 1651 783 1683 de
807 1651 874 1682 he-

171 1699 310 1739 roibus,
347 1708 500 1740 quorum
534 1700 648 1732 forma
680 1701 714 1732 in
746 1701 872 1742 pugnis

173 1749 282 1781 enitet
310 1750 417 1789 atque
448 1750 639 1791 conspicua
670 1751 741 1789 est,
778 1750 872 1790 Virg.

172 1800 259 1830 Aen.
285 1799 323 1838 7,
349 1798 431 1830 656:
461 1801 554 1830 satus
575 1799 714 1831 Hercule
733 1799 874 1840 pulchro

175 1847 228 1889 (al.
255 1856 298 1879 ex
326 1847 433 1889 gloss.
457 1848 551 1890 forti)
579 1849 718 1880 Pulcher
738 1849 874 1880 Aventi-

172 1906 245 1930 nus.
286 1897 337 1929 Ib.
371 1906 404 1929 v.
439 1898 525 1930 76⁴:
564 1899 734 1938 Hippolyti
761 1899 875 1939 proles

169 1947 398 1987 pulcherrima
422 1947 521 1988 bello,
549 1947 689 1980 Virbius.
719 1965 754 1970 —
775 1947 872 1989 exiet]

173 1998 323 2038 Propter
347 1996 623 2038 parallelismum
646 1997 874 2030 statuendum

175 2047 230 2078 est
253 2046 453 2079 archaismo
476 2047 511 2078 h.
530 2046 553 2078 l.
572 2055 678 2079 usum
694 2056 776 2079 esse
792 2050 877 2089 poe-

175 2097 265 2134 tam;
298 2104 381 2127 nam
408 2104 509 2137 seqq.
539 2096 655 2128 futura
681 2096 765 2129 satis
794 2105 876 2128 mu-

175 2146 320 2176 niuntur
349 2144 394 2176 ab
427 2145 570 2186 optimis
601 2145 713 2178 Codd.
739 2146 875 2178 Mature

177 2196 314 2233 autem,
340 2195 379 2225 ut
394 2193 450 2225 vel
466 2195 576 2227 nostri
593 2194 705 2227 Codd.
725 2194 876 2227 demon-

178 2245 307 2283 strant,
334 2245 560 2276 Grammatici
576 2245 664 2283 hoc,
689 2246 729 2276 ut
751 2245 877 2286 opina-

177 2292 324 2331 bantur,
350 2302 464 2325 naevo
492 2294 675 2326 Horatium
695 2293 876 2326 liberaturi

177 2342 434 2383 interpolarunt
445 2344 561 2382 evenit,
576 2343 673 2384 quod
683 2344 802 2376 tamen
809 2344 877 2376 hac

179 2391 433 2432 significatione
470 2393 529 2433 (ne
555 2392 732 2434 profundo
763 2401 879 2426 emer-

179 2441 244 2481 git,
282 2440 442 2482 exsilit»)
467 2442 564 2474 omni
589 2441 752 2483 exemplo
780 2444 879 2475 caret

181 2498 221 2521 ac
246 2499 357 2531 prope
375 2491 484 2531 cogit,
510 2492 686 2523 utcontra
705 2490 878 2524 librorum

180 2540 426 2572 auctoritatem
443 2540 477 2572 in
493 2548 594 2582 seqq.
614 2549 756 2582 quoque
772 2550 879 2583 prae-

180 2588 291 2620 sentia
321 2589 546 2630 recipiamus.
582 2590 682 2622 Exiet
705 2592 759 2623 est
785 2590 879 2633 apud

920 1006 1063 1040 Tertull.
1095 1008 1175 1040 adv.
1199 1008 1275 1041 Iud.
1301 1009 1375 1049 43.,
1398 1010 1507 1042 redies
1525 1010 1622 1052 apud

920 1056 1022 1098 Apul.
1041 1058 1123 1090 Met.
1139 1066 1219 1099 pag.
1237 1057 1330 1099 449.,
1346 1058 1409 1091 ubi
1419 1059 1490 1092 vid.
1502 1059 1622 1092 Hilde—

919 1106 1046 1139 brand.
1084 1107 1154 1139 Cfr.
1182 1108 1289 1140 etiam
1313 1108 1477 1141 Huschke
1500 1109 1547 1141 ad
1569 1109 1624 1141 Ti-

920 1154 1006 1187 hull.
1022 1155 1100 1188 Vol.
1118 1157 1151 1188 2.
1168 1165 1247 1198 pag.
1266 1157 1341 1189 707.
1362 1174 1399 1181 —
1416 1162 1559 1198 proruet
1571 1159 1624 1191 in-

920 1205 1067 1246 tegrum]
1099 1207 1324 1247 «prosternet
1351 1207 1494 1239 hostem
1523 1207 1623 1240 illae-

921 1262 1001 1286 sum
1013 1262 1022 1293 ,*
1042 1254 1102 1295 qui
1118 1253 1235 1295 paullo
1251 1256 1332 1288 ante
1349 1256 1492 1289 iamiam
1507 1258 1623 1290 victo-

921 1304 994 1335 riae
1021 1305 1140 1335 certus
1165 1305 1275 1336 erat.»

965 1352 1019 1385 68.
1044 1353 1239 1395 coniugibus
1259 1354 1435 1398 loquenda]
1462 1355 1527 1388 «de
1546 1357 1623 1398 qui-

920 1403 989 1435 hus
1013 1403 1181 1444 coniuges
1210 1404 1450 1437 Romanorum
1481 1406 1518 1437 et
1539 1414 1624 1439 eum

921 1451 1000 1484 filiis
1023 1453 1061 1484 et
1081 1452 1174 1484 inter
1197 1461 1236 1485 se
1259 1462 1344 1486 cum
1364 1452 1544 1496 voluptate
1567 1455 1624 1487 iu·

922 1503 1047 1543 staque
1083 1500 1287 1542 gloriatione
1315 1502 1427 1535 verba
1458 1503 1621 1536 faciant.»

923 1550 1049 1583 Salust.
1077 1551 1131 1583 Fr.
1157 1550 1233 1584 204.
1257 1560 1294 1593 p.
1319 1552 1395 1584 257.
1421 1551 1536 1585 Gerl.:
1560 1553 1624 1585 ffi-

921 1601 1036 1640 spanis
1063 1609 1135 1632 mos
1165 1601 1248 1642 fuit,
1281 1604 1320 1633 ut
1348 1602 1385 1634 in
1407 1601 1492 1634 bella
1513 1603 1624 1635 eunti-

923 1649 982 1681 bus
1014 1649 1186 1682 iuvenibus
1214 1654 1396 1690 parentum
1427 1651 1520 1692 facta
1551 1661 1624 1684 me—

922 1702 1139 1731 morarentur
1153 1699 1360 1732 amatr-ibus.
1383 1700 1481 1734 Haec
1492 1702 1624 1734 rectior

923 1749 1165 1790 interpretatio
1188 1757 1297 1790 quam
1335 1749 1365 1791 4)
1392 1750 1623 1792 «coniugibus

923 1798 1266 1839 Karthaginiensium
1296 1797 1520 1844 loquendam
1556 1808 1622 1842 pro

924 1857 994 1889 qua
1018 1848 1170 1880 afferunt
1189 1847 1313 1880 Catuli.
1332 1848 1392 1888 64,
1418 1848 1500 1882 349:
1531 1850 1625 1882 Illius

925 1896 1088 1939 (Achillis)
1117 1898 1269 1939 eqreyias
1293 1898 1433 1930 virtutes
1463 1899 1625 1939 claraque

921 1947 1016 1988 facta
1038 1946 1145 1991 Saepe
1164 1946 1358 1987 fatebuntur
1383 1951 1567 1988 gnatorum
1587 1949 1624 1981 in

922 1996 1039 2037 funere
1064 1999 1200 2028 matres.
1240 1995 1375 2028 Verum
1402 1997 1432 2029 si
1460 1997 1530 2029 hoc
1556 2006 1624 2030 vo-

923 2044 1047 2077 luisset
1068 2046 1190 2086 poeta,
1230 2053 1348 2077 nonne
1377 2046 1623 2087 querimoniae

925 2095 961 2126 et
982 2093 1098 2126 luctus
1122 2094 1342 2127 mentionem
1363 2095 1544 2128 iniecisset
1565 2095 1623 2128 vel

923 2152 995 2176 uno
1018 2142 1204 2186 ἐπιθέτῳῖ
1237 2143 1269 2185 2)
1296 2153 1337 2177 «a
1359 2144 1529 2178 militibus
1550 2145 1622 2178 Ro-

924 2194 1039 2225 manis
1073 2193 1221 2225 domum
1251 2192 1440 2234 aliquando
1467 2195 1622 2227 reversis

925 2242 1101 2275 narranda
1131 2243 1205 2275 suis
1234 2242 1441 2284 coniugibus
1449 2253 1484 2283 »3
1520 2243 1620 2276 Ovid.

926 2293 1008 2325 Her.
1028 2293 1045 2326 1
1059 2318 1066 2332 ,
1091 2292 1147 2324 30:
1171 2292 1357 2324 Narrantis
1369 2292 1495 2325 eonium
1505 2293 1625 2333 pendet

926 2342 968 2374 ab
991 2350 1049 2374 ore
1068 2341 1147 2373 viri.
1186 2341 1256 2374 Sed
1272 2341 1364 2374 hane
1380 2350 1522 2383 quoque
1538 2350 1624 2375 sen-

926 2391 1073 2423 tentiam
1085 2391 1161 2423 sine
1173 2390 1281 2423 dubio
1293 2390 1421 2424 clarius
1431 2392 1627 2432 expressis-

927 2442 983 2473 set
998 2441 1177 2480 Horatius,
1195 2442 1235 2472 ut
1249 2440 1331 2473 fecit
1345 2440 1552 2473 Theocritus
1567 2441 1621 2481 46,

927 2490 981 2524 86.
1007 2491 1042 2523 in
1059 2490 1234 2522 contraria
1249 2490 1345 2522 sorte
1360 2491 1561 2522 Poenorum
1576 2489 1621 2522 ab

928 2541 1079 2572 Hierone
1102 2540 1337 2572 devictorum:
1362 2537 1485 2579 φίλων
1498 2535 1623 2584 μόρον

927 2585 1177 2632 ἀγγελέοντας
1200 2588 1355 2629 Τέκνοις
1382 2583 1440 2631 ἧδ’
1463 2583 1623 2628 ἀλόχοι-
