1722 2904
159 116 241 158 486

327 219 467 263 Mirari
499 219 615 263 libet.

677 117 849 151 HORATII
873 117 1098 150 CARMINUM

676 221 715 264 Ο
744 209 954 263 Naiadum
982 226 1136 276 potens

270 301 624 359 Baccharumque
653 300 886 344 valentium

1552 299 1605 342 45

327 384 536 425 Proceras
565 381 764 425 manibus
798 388 968 425 vertere
994 381 1202 430 fraxinos,

271 487 336 530 Nil
367 501 547 544 parvum
578 494 651 530 aut
680 486 827 529 humili
857 486 1006 536 modo,

325 567 390 611 Nil
420 567 598 611 mortale
631 567 797 624 loquar.

271 649 309 692 Ο
339 649 531 697 Lenaee,
563 647 687 704 sequi
718 647 850 691 deum

329 729 579 786 Cingentem
607 728 733 771 viridi
763 734 958 785 tempora
987 728 1204 786 pampino.

856 566 992 610 Dulce
1022 565 1263 623 periculum
1292 573 1378 616 est,
1419 628 1421 631 .

1551 729 1609 773 20

248 848 300 880 44.
327 849 544 880 οηαὶἀωηΤ
575 868 610 871 -
637 849 689 881 47.
715 849 895 881 humileT.
924 866 960 871 —
987 848 1040 880 49.
1068 848 1126 889 Te,
1158 849 1301 887 Lenaee,
1333 848 1425 889 sequi
1451 849 1567 882 ducem

204 896 359 930 malebat
380 897 569 931 Bentleius.

160 1014 254 1037 mma
274 1006 414 1046 rupibus
429 1006 497 1037 cet.
518 1023 554 1029 —
573 1004 659 1046 libet]
681 1004 861 1038 efficacius

163 1056 218 1087 est
234 1056 499 1096 quam«iuvat»‚
524 1054 675 1096 gaudeo.

206 1103 247 1137 44
262 1122 282 1128 -
297 1104 350 1137 48.
374 1105 548 1137 Naiadum
565 1103 698 1146 potens]
724 1103 863 1136 «domi-

159 1162 227 1186 nus
244 1162 286 1186 ac
303 1154 426 1194 dux,»
449 1155 490 1187 ut
505 1153 568 1186 Od.
587 1154 624 1193 4,
650 1153 688 1192 3,
714 1154 750 1185 l:
784 1153 863 1185 diva

156 1206 275 1243 potens
289 1204 402 1244 Cypri
420 1204 606 1245 Nymphae
622 1205 755 1242 autem,
770 1203 862 1234 inter

162 1261 251 1294 quas
266 1254 488 1285 memoratur
503 1253 678 1295 imprimis
688 1247 862 1299 Ἄριάγνη

166 1302 238 1342 (sic)
255 1302 340 1334 Arm.
358 1303 431 1335 deu’
445 1303 524 1334 lust.
543 1303 636 1335 arch.
654 1302 726 1334 VII.
739 1311 775 1344 p.
789 1302 860 1341 83.‚

161 1352 318 1392 primum
353 1352 482 1384 Bacchi
516 1352 691 1391 nutrices,
732 1351 861 1384 deinde

163 1401 311 1434 comites
327 1401 481 1433 fuerunt.
507 1402 670 1443 Orpheus
685 1402 727 1434 H.
744 1401 802 1441 53,
821 1401 860 1433 6:

165 1448 283 1482 Ναΐσι
301 1450 366 1483 καὶ
389 1448 562 1491 Βάκχαις
582 1447 774 1494 ἦγούμενε
789 1459 864 1483 κιτ-

165 1497 406 1545 τοφόροισιν.
441 1500 512 1533 Cfr.
530 1501 593 1533 Od.
622 1502 660 1540 2,
686 1500 744 1540 49,
771 1500 802 1532 3.
824 1518 860 1524 —

164 1549 348 1581 valentium
359 1568 379 1573 -
388 1567 408 1572 -
417 1550 585 1592 fraxinos]
599 1551 717 1608 Eurip.
731 1526 861 1583 Bacch.

164 1598 271 1630 4⁴09:
307 1598 351 1631 αἱ
370 1597 411 1631 δὲ
433 1600 575 1655 μυρίαν
597 1600 693 1646 χέρα
714 1599 865 1645 Προσέ-

161 1647 284 1680 θεσαν
305 1645 422 1694 ἐλάτη
445 1645 745 1690 κάξανέσπασαν
766 1648 864 1687 χθο-

163 1694 241 1738 νός.
263 1716 299 1720 —
323 1698 440 1730 humili
461 1699 570 1740 modo]
594 1700 646 1731 De
667 1700 774 1731 modis
788 1699 863 1731 sive

163 1748 322 1780 numeris
358 1748 502 1789 proprie
544 1748 648 1781 dictis
688 1749 865 1789 interpre-

164 1797 228 1828 tari
245 1805 316 1828 non
338 1805 547 1838 possumus,
574 1806 657 1831 cum
676 1798 744 1830 hac
761 1797 865 1838 signi-

164 1845 328 1878 ficatione
372 1845 516 1888 pluralis
553 1856 699 1889 semper
735 1855 865 1879 nume-

165 1903 225 1926 rus
247 1897 451 1936 usurpetur.
488 1895 696 1928 «Pollicetur
717 1905 757 1929 se
779 1895 864 1928 nihil

166 1944 231 1976 nisi
265 1953 372 1985 grave
407 1946 444 1977 et
476 1945 629 1978 sublime
661 1946 838 1978 dicturum
854 1971 861 1985 ‚

166 1994 200 2024 et
235 1994 299 2026 has
331 1995 427 2035 ipsas
461 1994 633 2027 sublimes
670 1995 864 2028 sententias

163 2050 233 2074 non
267 2042 389 2074 humili
404 2068 411 2082 ,
459 2043 525 2075 sed
569 2043 710 2076 sublimi
757 2044 864 2076 modo

165 2090 364 2130 dicturum;
402 2093 509 2134 atque
543 2093 612 2125 hoc
640 2093 722 2125 addi
757 2102 865 2134 opor-

166 2141 247 2179 tuit,
284 2141 365 2182 quia
400 2151 471 2174 non
505 2141 683 2174 insolitum
718 2144 772 2174 est
805 2151 864 2175 res

166 2198 291 2229 graves
314 2191 481 2223 orationis
505 2191 674 2223 tenuitate
703 2191 865 2223 dehone-

167 2239 284 2270 stari.»
310 2240 521 2273 CUMNGEAH.
562 2257 596 2263 -
633 2240 691 2272 Nil
710 2240 864 2282 mortale]

165 2289 242 2319 Non
258 2289 328 2320 est:
350 2289 568 2322 «immortale
579 2316 586 2330 ,
604 2290 638 2321 in
652 2291 865 2332 perpetuum

168 2336 414 2378 duraturum»,
441 2339 479 2371 ut
494 2339 592 2372 Pind.
611 2339 732 2372 Isthm.
751 2339 783 2377 3,
802 2339 863 2372 58:

912 1000 1037 1036 Τοῦτο
1057 1000 1131 1050 γὰρ
1152 999 1350 1036 ἀθάνατον
1372 999 1528 1044 φωνᾶεν
1547 997 1610 1050 ἕρ-

911 1063 984 1094 πει,
1010 1052 1063 1086 Εἴ
1088 1063 1146 1094 τις
1168 1047 1212 1087 εὖ
1234 1051 1322 1100 εἴπῃ
1342 1062 1392 1086 τι·
1417 1053 1507 1087 sed:
1533 1053 1611 1086 «ni-

911 1102 982 1144 hil,
1025 1102 1129 1144 quale
1158 1089 1364 1136 mortalium
1386 1102 1511 1145 volgus
1531 1112 1613 1146 pro-

911 1153 1004 1186 ferre
1028 1152 1153 1186 solet.»

956 1203 1010 1235 48.
1051 1203 1104 1235 49.
1142 1203 1250 1235 Dulce
1278 1202 1484 1244 periculum]
1532 1203 1611 1235 Non

911 1252 988 1297 sine
1010 1250 1170 1294 periculo
1194 1252 1263 1285 deo
1278 1253 1467 1294 praesente
1481 1252 1613 1284 morta-

912 1300 984 1333 lem
1010 1301 1297 1343 appropinquare
1320 1300 1491 1342 illumque
1514 1301 1612 1333 cerni

911 1358 1020 1392 posse
1055 1349 1262 1383 credebant.
1309 1351 1502 1382 Praeterea
1534 1348 1612 1382 talis

913 1394 1202 1441 ἐνθουσιασμὸς
1234 1400 1390 1440 graviter
1422 1398 1613 1441 torquebat

911 1449 1136 1491 vexabatque
1151 1448 1302 1482 mortale
1318 1457 1460 1491 corpus.
1480 1465 1517 1472 -—
1548 1449 1613 1481 Le-

913 1499 1011 1540 naee]
1046 1507 1101 1540 pr.
1137 1498 1328 1540 Kelterqott.
1374 1498 1481 1540 Apud
1502 1497 1610 1539 Orph.

914 1549 1044 1589 Hymn.
1066 1548 1120 1580 50.
1149 1549 1298 1580 vocatur
1324 1546 1458 1591 ληνατε
1479 1548 1517 1580 et
1536 1545 1614 1580 ἐπι-

913 1595 1020 1640 λήνιε
1053 1606 1074 1629 a
1107 1594 1248 1639 ληνός,
1283 1597 1382 1639 quod
1413 1597 1446 1630 ei
1468 1604 1613 1630 sacrum

914 1649 970 1680 est
992 1646 1158 1679 torcular.
1183 1647 1272 1680 Hinc
1286 1647 1381 1688 Virg.
1396 1648 1458 1680 Ge.
1476 1646 1509 1687 3,
1526 1646 1609 1679 509;

913 1698 1027 1731 latices
1048 1714 1068 1720 —
1083 1715 1103 1720 -
1123 1698 1281 1730 Lenaeos.
1313 1716 1350 1721 —
1386 1697 1480 1736 sequi
1503 1696 1611 1738 deum]

913 1746 1014 1779 ovid.
1029 1747 1110 1780 Met.
1129 1747 1182 1787 45,
1198 1746 1279 1780 ⁴43:
1302 1746 1348 1778 Et
1361 1746 1522 1787 quoniam
1535 1747 1615 1778 deus

913 1805 976 1828 ora
991 1800 1099 1828 movet
1113 1821 1120 1835 ,
1139 1805 1262 1836 sequar
1276 1804 1341 1828 ora
1350 1797 1534 1828 moventem
1542 1796 1614 1828 110·ae

914 1846 1022 1877 deum
1047 1844 1194 1877 Bentleii
1216 1845 1333 1877 ducem
1352 1845 1457 1878 nimis
1476 1844 1614 1878 redolet

914 1895 1123 1936 pedestrem
1146 1894 1355 1927 orationem.

958 1944 1013 1976 20.
1040 1943 1238 1985 Cinyentem]
1262 1943 1393 1985 Supple
1417 1943 1516 1983 «sihi,
1542 1943 1615 1976 cin-

915 1993 1045 2031 ctum»,
1059 1992 1226 2033 referque
1233 1992 1280 2024 ad
1289 1993 1469 2025 Bacchum
1479 1993 1611 2035 ipsum,

914 2050 959 2074 ne
982 2040 1144 2084 ἐπιθέτῳ
1160 2041 1381 2074 destituatur.
1405 2042 1463 2075 Sic
1477 2043 1533 2075 est
1547 2041 1612 2074 Od.

914 2091 955 2131 4,
980 2091 1020 2130 8,
1046 2090 1110 2123 33:
1147 2091 1294 2123 ornatus
1330 2091 1433 2123 viridi
1464 2095 1615 2132 tempora

909 2141 1071 2182 pampino
1096 2140 1204 2172 Liber.
1248 2140 1313 2172 Alii
1335 2141 1452 2174 minus
1480 2140 1614 2183 proba-

914 2189 1032 2223 biliter
1054 2190 1099 2221 de
1129 2198 1172 2221 eo
1196 2189 1388 2231 explicant,
1425 2190 1508 2232 «qui
1529 2199 1613 2223 cum

915 2248 1045 2272 corona
1068 2239 1256 2280 pampinea
1279 2241 1335 2273 est
1356 2241 1391 2273 in
1410 2239 1539 2273 Bacchi
1553 2248 1614 2272 co-

917 2289 1080 2327 mitatup)
1114 2286 1171 2320 vel
1205 2289 1404 2333 «Bacchus,
1441 2290 1503 2332 qui
1534 2290 1611 2331 ipse

917 2347 1000 2372 suos
1024 2338 1172 2372 comites
1192 2340 1372 2372 coronat.»
