1722 2904
130 55 212 97 720

668 57 841 90 HORATII
864 57 1037 91 EPODON

356 161 560 205 Accendit
588 161 814 205 obsessam
844 161 951 205 1Ιίοη
964 196 972 212 ,

299 241 449 286 Gaude
481 248 597 286 sorte
627 249 723 295 tua3
754 257 824 286 me
854 242 1052 287 libertina
1081 257 1226 302 neque
1254 258 1343 287 uno

1525 246 1577 288 45

355 325 562 368 Contenta
598 324 769 382 Phryne
799 330 1001 368 macerat.

217 458 270 489 ⁴5.
294 466 354 490 nec
375 458 434 489 Bc.

126 577 196 617 ipse
216 576 329 608 miser.
367 576 618 609 «Maecenasnz
661 575 767 616 Quid,
802 575 831 607 si

127 635 195 658 non
205 625 381 666 pulchrior
395 625 483 667 iynis
496 625 652 657 Accendit
666 624 830 658 obsessam

125 675 236 708 Ilion?
253 693 289 698 —
304 674 431 716 quodsi]
450 675 576 707 «Certe
592 675 668 716 ipsa
686 674 746 707 illa
762 676 830 708 He-

126 722 223 766 lena,
257 733 349 766 quae
372 725 535 757 Paridem
560 733 681 757 amore
704 725 830 758 incen-

126 776 193 815 dit,
224 784 389 817 quaeque
413 775 537 807 Troiae
563 774 689 807 excidii
720 784 828 808 causa

126 825 274 864 exstitit,
300 833 371 857 non
395 824 459 856 fuit
481 825 540 856 tua
563 823 681 866 puella
698 824 830 857 sormo-

125 875 217 914 sior3
243 875 303 906 tuo
326 874 431 915 igitur
452 875 488 906 te
511 873 606 906 bono
630 873 770 907 oblecta
785 883 828 906 ac

125 924 279 957 fruere.»
300 942 336 947 —
356 924 524 956 Ceterum
541 923 736 956 admodum
756 923 829 966 pla-

125 974 183 1005 cet
205 972 310 1005 lectio
329 973 414 1005 Cod.
439 973 624 1014 antiquiss.
642 974 668 1005 B
693 974 828 1013 quando

126 1022 220 1064 (nihil
243 1023 338 1054 enim
361 1021 457 1054 aliud
478 1021 589 1055 latere
606 1023 641 1054 in
658 1016 735 1056 e'ius
751 1032 829 1056 cor-

124 1071 263 1114 ruptela
300 1072 435 1114 potest)
470 1081 536 1115 pro
571 1073 747 1113 quoniam,
788 1074 828 1105 ut

124 1122 246 1165 Sat-12,
265 1123 297 1162 5,
315 1122 352 1154 9:
380 1124 521 1163 Quando
535 1123 735 1163 pauperiem
748 1123 828 1155 mis—

122 1173 167 1204 sis
188 1172 384 1213 ambagibus
404 1173 529 1206 horres.
561 1174 617 1205 Sic
640 1174 827 1206 amovetur

123 1221 319 1263 languidius
337 1221 422 1254 illud
441 1224 569 1263 quodsi,
587 1222 764 1264 simulque
782 1232 826 1255 ex

123 1272 199 1313 ipsa
230 1270 287 1303 illa
317 1272 449 1304 menda
477 1273 563 1305 satis
597 1273 822 1315 perspicitur,

124 1321 305 1362 quomodo
329 1321 461 1354 factum
485 1323 548 1362 sit,
584 1323 624 1355 ut
645 1323 825 1355 recentio-

123 1380 181 1404 res
206 1370 317 1404 Codd.
344 1372 447 1405 notos
481 1381 607 1405 omnes
641 1373 825 1414 occuparit

879 575 1072 615 correctio,
1105 584 1198 617 quae
1221 578 1385 618 quamvis
1408 576 1577 612 tolerabi-

877 624 919 658 lis
949 626 1012 666 sit,
1049 635 1120 658 non
1154 627 1276 660 tamen
1308 627 1418 669 ipsius
1450 630 1577 671 poetae

877 683 1025 707 manum
1047 675 1190 708 videtur
1215 677 1412 718 praestare.
1439 696 1477 701 —
1496 679 1579 719 pul-

877 725 990 757 chrim-
1011 725 1116 768 t'qm's]
1147 734 1269 758 «amor
1290 725 1501 768 pulchrioris
1524 727 1579 761 fe-

878 774 1032 807 minae.»
1077 774 1140 807 Od.
1168 776 1207 816 ⁴,
1232 776 1296 817 27,
1322 776 1385 810 ⁴4:
1427 778 1520 818 Quae
1549 781 1579 811 te

877 833 1007 865 cunque
1022 825 1137 857 domat
1154 825 1277 866 Venus,
1299 826 1378 859 Non
1391 826 1580 860 erubescen-

877 875 928 906 dis
959 875 1074 907 adum
1098 875 1234 916 lymbus
1261 876 1471 918 inqenuoquo
1491 886 1579 910 som-

871 933 936 965 per
949 924 1070 956 Amore
1078 933 1210 965 peccas.
1228 924 1317 958 Ibid.
1334 934 1368 958 v.
1383 926 1444 959 20:
1468 927 1579 969 Dique

871 974 1273 1016 puermelioretlamma.
1304 974 1368 1007 Od.
1393 975 1435 1016 4,
1452 975 1494 1017 9,
1513 977 1574 1009 ⁴0:

875 1025 984 1065 spirat
1011 1024 1119 1056 adhuc
1147 1033 1245 1057 aanor
1270 1025 1453 1066 Vivuntque
1484 1035 1579 1059 eom-

874 1074 967 1106 missi
991 1073 1120 1106 calores
1139 1074 1273 1108 Aeoliae
1291 1074 1413 1117 fidibus
1428 1075 1573 1116 puellae.

879 1142 914 1147 —
939 1122 1102 1164 macerat]
1126 1123 1196 1156 Cfr.
1221 1123 1268 1156 ad
1291 1124 1354 1157 Od.
1380 1125 1419 1165 4,
1446 1125 1504 1166 ⁴3,
1536 1125 1574 1158 8:

875 1181 978 1213 quam
1000 1173 1096 1205 lentis
1111 1174 1246 1214 penitus
1265 1182 1418 1207 vincerer
1431 1173 1574 1216 iynibus.

875 1222 985 1255 plaut.
1011 1224 1120 1255 Poen.
1139 1222 1229 1255 Prol.
1248 1223 1308 1256 98:
1332 1224 1386 1256 Ita
1407 1232 1483 1256 eum
1503 1224 1577 1257 leno

872 1275 1044 1312 macerat,
1084 1271 1249 1314 negando
1279 1272 1576 1306 cousuetudinem

874 1331 957 1354 cum
983 1320 1112 1364 puella.
1166 1321 1331 1365 Calpurn.
1366 1321 1438 1356 Ecl.
1471 1324 1508 1364 6,
1534 1323 1572 1355 9;

871 1372 999 1412 Petale,
1033 1380 1102 1412 qua
1122 1380 1212 1405 nune
1233 1381 1293 1415 eqo
1313 1381 1470 1406 maceror
1489 1382 1571 1407 una.

692 1812 979 1818 1
