1722 2904
155 75 241 117 484

670 72 842 105 HORATlI
866 71 1090 105 CARMINUM

261 180 490 222 Aeternum
519 175 730 220 meditans
760 175 895 219 decus
1573 175 1599 215 5

318 258 459 303 Stellis
489 258 682 301 inserere
713 262 756 300 et
786 255 965 300 consilio
1000 255 1148 298 Iovis?

260 340 411 384 Dicam
440 338 605 394 insigne
636 350 789 381 recens
821 336 963 379 adhuc

319 420 528 463 Indictum
558 432 634 462 ore
665 417 763 461 alio.
821 418 915 460 Non
943 429 1071 460 secus
1100 415 1142 458 in
1172 415 1281 473 iugis

262 525 486 569 Exsomnis
521 530 663 581 stupet
694 523 826 566 Euias

236 651 267 683 6.
294 650 432 683 concilio
456 658 492 688 e,
519 649 605 681 item
627 657 719 680 corr.
739 648 836 687 S,Lt,
862 647 898 679 et
919 654 1002 678 cum
1025 645 1079 678 his
1102 645 1208 678 tacite
1223 645 1414 679 Bentleius.
1435 664 1471 669 —
1489 646 1553 679 Vv.

193 700 254 732 7-9
278 700 313 732 in
335 701 361 732 B
386 698 527 731 desunt.
557 716 593 720 -
620 697 651 729 9.
677 695 867 738 Eoesomnis]
891 695 1017 728 Edonis
1037 694 1148 728 Bentl.
1167 695 1259 728 coni.

149 810 215 843 καὶ
238 807 373 850 χλόαις
401 805 550 841 ἀνθέων
572 804 744 848 ἁπάσαις
765 805 850 841 δια-

150 859 457 902 πεποικιλμένον.
472 876 508 882 —
527 857 662 899 eyreqii]
680 859 719 889 ut
734 857 799 889 Od.
816 857 847 896 4,

149 910 181 949 6,
201 910 236 941 Μ
253 919 259 941 z
285 909 415 941 Laudes
430 907 554 949 egregii
571 906 734 939 Caesaris,
747 906 852 947 Eyre-

147 959 196 1001 yii
213 959 332 991 autem
349 956 502 990 Caesaris
525 957 622 988 decus
641 955 741 988 stellis
762 955 851 987 inse-

147 1016 239 1047 rere,
265 1006 362 1048 quod
377 1008 562 1047 tamquam
577 1004 751 1037 Latinitati
768 1012 852 1037 con-

147 1056 296 1101 trarium
309 1054 490 1088 cavillatus
501 1055 556 1086 est
567 1054 724 1095 quidam,
741 1053 852 1085 mani-

149 1105 238 1138 festo
263 1104 436 1146 significat
463 1104 694 1142 «Caesarem,
721 1101 851 1143 glorio-

149 1163 228 1187 sum
240 1155 456 1196 principem,
480 1153 516 1185 in
532 1151 671 1184 caelum
686 1152 849 1184 efferre.»

191 1204 265 1235 5-7.
290 1202 463 1243 meditans]
482 1201 642 1241 «audiar,
667 1201 754 1233 dum
771 1209 850 1233 me—

147 1252 241 1285 ditor
251 1278 258 1292 ,
276 1252 361 1284 dum
379 1251 536 1283 carmine
550 1258 660 1282 conor
675 1248 784 1282 stellis
800 1249 851 1281 in-

147 1310 291 1335 serere„
304 1303 372 1334 cet.
387 1310 479 1342 quae
495 1300 641 1341 quidem
653 1300 727 1332 tres
739 1299 851 1331 notio-

147 1359 212 1383 nes
226 1350 378 1392 (audiar,
394 1350 569 1389 meditans,
581 1348 738 1390 inserere)
751 1349 851 1381 artis—

147 1401 237 1433 sime
255 1401 347 1433 inter
358 1409 396 1433 se
413 1400 553 1431 iunctae
565 1400 659 1432 sunt.
677 1415 712 1421 —
727 1400 848 1439 Imago

146 1450 257 1492 petita
292 1450 347 1482 est
381 1458 400 1480 a
432 1449 748 1494 καταστερίσεσιν
781 1448 849 1479 he-

146 1508 263 1532 roum.
286 1517 322 1522 —
342 1498 489 1539 consilio]
509 1498 579 1530 Csr.
598 1497 662 1529 Od.
681 1497 718 1536 3,
736 1497 774 1537 3,
792 1497 845 1528 47.

146 1550 266 1590 Imago
288 1548 431 1589 sumpta
446 1556 466 1579 a
481 1547 616 1579 consilio
634 1546 767 1579 ducum
783 1547 849 1578 Ro-

147 1606 347 1631 manorum.
381 1597 588 1630 Rectissime
613 1605 698 1628 sane
721 1596 848 1628 dicitur

144 1647 321 1680 concilium
344 1647 481 1679 deorwm
506 1646 609 1687 (Virg.
634 1647 695 1677 Ge.
721 1646 757 1685 i,
784 1644 845 1678 24:

145 1698 284 1729 deorum
307 1695 472 1734 Concilia,
508 1694 673 1736 Calpurn.
703 1693 775 1726 Ecl.
807 1694 845 1734 8,

146 1746 205 1777 5⁴:
233 1745 443 1784 Concilioque
466 1744 585 1783 deum,
611 1742 686 1775 Val.
705 1744 793 1776 Max.
814 1744 845 1782 4,

144 1794 176 1834 6,
194 1793 253 1826 ⁴3:
269 1794 462 1826 Caesarem
477 1793 614 1825 deorum
629 1792 767 1824 concilio
783 1793 848 1823 ad-

144 1842 335 1883 iecerunt.);
361 1842 426 1874 sed
449 1842 626 1874 conciliwm
647 1842 734 1873 Iovis
756 1842 846 1873 mire

145 1892 280 1924 dietum
297 1892 393 1924 esset
407 1899 472 1933 pro
497 1889 666 1923 «concilio
682 1891 844 1929 deorum,

144 1941 202 1973 cui
223 1941 380 1982 Iuppiter
401 1940 617 1982 praesidet.»
641 1940 703 1972 Est
721 1936 846 1981 βουλὴ

142 1987 392 2029 δωδεκάθεος·
406 1989 582 2021 concilium
588 1997 675 2021 vero
688 1989 848 2021 omnium

144 2039 295 2071 deorum
319 2039 528 2071 conventus.
567 2037 648 2070 Tale
673 2038 847 2070 consilium

143 2089 230 2120 lovis
274 2087 418 2120 exhibet
457 2087 616 2119 Gerhard
654 2087 842 2129 Vasenyem.

144 2139 180 2170 T.
200 2137 270 2169 VH.
286 2163 293 2177 ,
318 2137 405 2169 item
427 2137 497 2169 Ara
511 2136 749 2177 Borghesiana
772 2137 844 2168 XII.

144 2186 296 2219 deorum
308 2186 480 2227 imagines
492 2185 664 2218 exhibens
676 2186 711 2218 in
724 2185 847 2219 Miiller

143 2236 280 2268 Denkm.
294 2236 331 2267 T.
341 2236 441 2273 XI11.;
457 2236 563 2276 atque
575 2235 657 2267 vide
672 2235 846 2277 imprimis

144 2284 276 2325 figuras
304 2285 339 2316 in
367 2284 527 2316 Gerhard
552 2284 605 2316 die
630 2284 701 2316 XII.
733 2285 848 2317 Getter

145 2333 273 2366 Griech.
287 2358 299 2373 ,
324 2333 404 2365 Abh.
430 2334 490 2365 der
511 2333 599 2365 Berl.
617 2333 724 2365 Akad.
745 2332 842 2366 4840.

144 2392 179 2425 p.
199 2383 274 2415 383.
313 2382 383 2415 Cfr.
403 2383 582 2423 Heynium
604 2383 650 2415 ad
671 2383 766 2424 Virg.
782 2383 843 2415 Ge.

146 2432 255 2471 4,25.
278 2433 365 2464 Aen.
393 2432 454 2471 40,
480 2432 512 2463 2.
541 2449 578 2456 —-
613 2432 736 2464 Dicam
762 2431 844 2473 cet.]

145 2481 263 2513 «Tunc
278 2481 340 2513 ubi
356 2480 445 2513 deus
461 2489 519 2512 me
533 2480 671 2513 iubebit
684 2481 846 2513 Caesaris

145 2528 269 2562 laudes
285 2529 505 2571 praedicare,
532 2529 662 2569 dicam,
687 2531 727 2562 ut
742 2530 848 2562 decet

145 2573 292 2618 ἔνθεον,
310 2579 438 2620 insigne
453 2577 596 2619 aliquid,
622 2577 724 2618 illud,
750 2578 846 2619 quod

147 2627 277 2659 nemini
313 2627 429 2660 adhue
470 2626 631 2669 proferre
666 2628 844 2668 contigit.»

900 807 989 849 Epp.
1020 807 1058 847 i,
1088 807 1146 847 ⁴9,
1176 806 1241 840 32:
1281 816 1350 840 non
1380 806 1448 839 alio
1476 806 1600 839 dicmm

894 856 994 897 prius
1027 865 1094 888 ore.
1133 874 1170 879 —
1194 864 1308 889 recens
1338 857 1476 896 autem,
1502 855 1600 898 quod

900 906 1130 947 praesentem
1154 905 1213 938 dei
1235 905 1394 938 afflatum
1416 905 1538 948 spiret.

942 954 974 987 8.
1000 954 1032 986 9.
1056 955 1092 987 in
1113 954 1211 997 iugis]
1227 955 1332 995 Anth.
1353 953 1425 987 Pal.
1450 954 1507 987 VI.
1531 953 1597 987 74:

899 1003 1097 1050 Βασσαρὶς
1107 1021 1123 1027 -
1131 1022 1147 1028 -
1159 1001 1486 1050 σκοπελοδρόμος.
1502 1003 1597 1045 Virg.

899 1053 986 1085 Aen.
1023 1052 1062 1093 3,
1095 1053 1181 1085 ⁴25:
1221 1054 1490 1094 Bacchatamque
1511 1052 1601 1094 iugis

897 1103 1034 1135 Naxon.
1060 1101 1162 1135 Silius
1177 1102 1210 1142 4,
1229 1102 1309 1135 776:
1326 1103 1453 1135 Edonis
1465 1103 1602 1135 utPtm-

897 1161 986 1194 ¹qaea
1017 1160 1118 1191 super
1150 1151 1316 1184 trieteride
1347 1155 1441 1184 mota
1460 1153 1491 1184 It
1516 1152 1602 1194 iuqa

898 1205 929 1234 et
941 1201 1105 1233 inclusum
1118 1201 1267 1241 suspirat
1272 1204 1407 1241 pectore
1415 1201 1594 1234 Bacchum.

902 1269 938 1273 —
962 1250 1159 1293 Exsomnis]
1191 1246 1378 1291 «ἄυπνος,
1413 1251 1598 1291 insomnis,

897 1299 1083 1341 pervigil»,
1108 1301 1148 1332 ut
1163 1299 1257 1333 alibi.
1287 1300 1344 1332 Sic
1359 1300 1465 1342 Soph.
1481 1300 1598 1341 Antig.

899 1349 1003 1381 ⁴452:
1029 1346 1212 1390 Θυιάσιν,
1236 1347 1282 1382 αἴ
1300 1358 1346 1382 σε
1365 1346 1601 1393 μαινόμεναι

898 1396 1089 1437 πάννυχοι
1103 1398 1148 1431 X
1144 1396 1337 1445 ορεύουσι.
1380 1399 1521 1432 Baccha
1536 1408 1602 1432 νυ-

897 1445 1072 1481 κτιπόλοι
1087 1450 1220 1481 suntin
1231 1449 1406 1491 Euripidis
1421 1450 1506 1482 Ione
1520 1449 1541 1482 7
1544 1448 1597 1482 48.

897 1497 986 1530 Ibid.
1002 1498 1087 1531 ⁴075
1099 1507 1106 1530 :
1124 1499 1298 1539 Bacchus,
1312 1498 1348 1531 εἰ
1357 1516 1396 1523 --
1403 1495 1600 1541 Λαμπάδα

896 1543 1045 1593 θεωρὸν
1060 1545 1222 1580 εἰκάδων
1232 1543 1398 1590 Ὅψεται
1417 1545 1595 1590 ἐννύχιος

896 1591 1046 1637 ἄυπνος
1075 1592 1142 1629 ὦν.
1199 1597 1294 1639 Virg.
1321 1598 1408 1631 Aen.
1437 1598 1478 1638 6,
1507 1597 1596 1630 556:

900 1646 1098 1678 Vestibulum
1130 1647 1297 1679 exsomnis
1327 1650 1439 1679 servat
1470 1649 1600 1680 noctes-

897 1703 961 1734 que
984 1696 1116 1736 diesque
1139 1695 1363 1738 (Tisiphone).
1394 1695 1452 1728 Sil.
1470 1694 1546 1728 Ital.
1563 1695 1597 1735 9,

898 1745 941 1776 5:
988 1745 1103 1777 consul
1133 1746 1310 1778 traducere
1338 1748 1467 1778 nocam
1490 1745 1599 1778 Exso-

897 1794 994 1826 mnis.
1021 1794 1082 1826 Est
1096 1794 1201 1835 igitur
1218 1794 1393 1835 «Baccha,
1410 1803 1503 1836 quae
1518 1803 1599 1837 per·

897 1842 1055 1884 vigilium
1078 1842 1275 1883 celebrat3»
1301 1844 1509 1885 neutiquam
1533 1851 1600 1876 ve-

898 1901 954 1924 ro:
978 1892 1118 1924 «audito
1136 1892 1295 1934 tympani
1309 1892 1427 1926 sonitu
1439 1901 1459 1925 e
1471 1901 1598 1926 somno

898 1942 1106 1983 experrecta
1123 1940 1251 1983 illoque
1267 1941 1315 1974 ad
1331 1949 1443 1979 novos
1459 1941 1598 1974 furores

896 1991 1092 2022 recreata.»
1134 1990 1301 2030 (Pessima
1324 1990 1446 2022 autem
1472 1990 1528 2022 est
1549 1989 1600 2023 le-

898 2039 967 2071 ctio
989 2037 1135 2071 Aldinae
1152 2039 1231 2071 450⁴
1252 2048 1260 2070 ε
1281 2039 1446 2072 Esomm‘s
1458 2040 1494 2071 et
1504 2038 1600 2072 Aldi—

898 2096 965 2120 nae
984 2087 1087 2119 4549:
1113 2088 1170 2119 Ea:
1191 2089 1331 2128 somnis3
1357 2088 1511 2121 otiosum
1526 2088 1595 2121 ΗΡ.

896 2137 1022 2169 Edonis
1033 2145 1128 2168 nom.
1141 2137 1229 2178 sing.
1244 2137 1328 2170 fem.
1357 2137 1476 2179 Longe
1489 2137 1598 2170 etiam

896 2187 1055 2228 praestat
1082 2184 1259 2218 ἐπίθετον
1281 2185 1327 2219 ab
1351 2186 1495 2219 Horatio
1522 2185 1598 2219 ele-

897 2236 994 2267 ctum
1018 2233 1222 2267 Bentleiano
1244 2235 1333 2276 iugis
1345 2235 1470 2268 Edonis
1483 2259 1491 2274 ,
1516 2229 1599 2281 δρε-

896 2293 958 2316 σιν
971 2279 1150 2323 Ἠδωνοῖς
1163 2306 1172 2323 ,
1198 2283 1295 2325 quod
1310 2282 1453 2316 cumulo
1468 2291 1598 2325 super-

901 2333 1094 2365 adderetur
1131 2333 1301 2365 Thraciae
1337 2332 1468 2373 Hebro,
1519 2333 1597 2365 eius

895 2382 1024 2421 fluvio,
1049 2382 1225 2422 Rhodopae
1246 2381 1382 2422 monti.)
1402 2400 1439 2405 -
1478 2381 1596 2423 stupet]

898 2431 1037 2463 «furore
1071 2439 1174 2463 sacro
1208 2430 1357 2473 abrepta
1388 2430 1514 2472 suique
1539 2430 1598 2463 vix

897 2488 1045 2521 compos
1068 2481 1218 2512 miratur
1241 2479 1285 2521 (v.
1305 2479 1372 2521 ⁴4.)
1392 2478 1489 2513 locos
1504 2479 1597 2513 sacri

896 2529 1056 2561 horroris
1078 2528 1236 2571 plenos.»
1271 2528 1372 2562 Ovid.
1390 2529 1493 2562 Trist.
1510 2528 1542 2569 4,
1561 2529 1594 2568 4,

897 2577 961 2610 42:
1005 2578 1108 2618 thue
1128 2587 1226 2610 smmi
1246 2577 1386 2610 Bacchis
1407 2586 1474 2610 non
1500 2577 1596 2610 sentit

897 2628 1015 2660 saucia
1047 2627 1185 2666 volnus,
1225 2627 1316 2660 Dum
1345 2629 1451 2668 stupet
1471 2626 1596 2658 Edonis
