1722 2904
649 71 783 105 unm.
830 71 961 105 cnm.
987 71 1074 104 ΠΗ.

1486 67 1561 110 691

410 175 557 220 Podex
584 174 702 218 velut
728 174 891 218 crudae
918 173 1056 218 bovis.

353 255 440 300 Sed
470 255 614 300 incitat
641 269 712 299 me
739 262 893 313 peetus
920 261 965 298 et
990 267 1203 297 mammae
1232 260 1399 311 putres.

409 336 576 394 Equina
604 334 759 393 quales
787 335 944 385 ubera,

354 417 597 473 Venterque
627 415 766 459 mollis
794 422 838 459 et
866 415 1004 459 femur
1034 414 1294 458 tumentibus

413 495 531 539 Exile
560 496 674 539 suris
703 495 896 539 additum
911 496 920 536 !

1520 494 1573 536 lo

358 577 457 620 Esto
486 575 632 626 beata,
663 575 790 619 funus
819 582 949 633 atque
979 575 1187 632 imagines

409 657 577 700 Ducant
605 655 885 713 triumphales
896 662 1056 706 etuum,

289 743 293 747 '
356 738 446 780 Nec
474 737 529 780 sit
555 737 729 787 marita,
760 750 874 794 quae
903 735 1225 780 rotundioribus

413 818 581 861 Onusta
609 816 731 861 bacis
760 816 960 860 ambulet.

357 897 493 950 Quid,
524 897 643 955 quod
672 896 804 941 libelli
835 897 965 941 Stoici
994 897 1106 940 inter
1133 898 1299 941 sericos

418 979 565 1022 lacere
593 977 793 1036 pulvillos
822 977 1002 1020 amant?

364 1057 550 1102 llliterati
580 1073 683 1100 num
711 1058 853 1100 minus
881 1058 1002 1100 nervi
1031 1058 1193 1115 rigent.

226 1213 279 1246 ⁴7.
305 1213 476 1246 Iaioeraus
497 1216 534 1246 et
554 1214 704 1255 Μαςὶευο
726 1221 810 1244 cum
824 1213 947 1245 Guieto
969 1213 1016 1249 ad
1039 1214 1179 1246 Terent.
1197 1214 1304 1247 Andr.
1331 1215 1351 1247 4
1366 1241 1375 1254 ‚
1401 1217 1431 1247 l.
1458 1223 1537 1247 ma-

180 1261 277 1295 lebat
297 1261 487 1295 Bentleius.

138 1396 253 1429 forme
275 1405 385 1438 quam
400 1398 595 1430 crassiores
617 1397 731 1439 pedes
746 1397 835 1429 intra

138 1453 254 1487 genua
269 1454 351 1480 esse
371 1455 480 1488 quam
501 1455 645 1488 super.-
669 1448 834 1479 Ponam.

184 1494 331 1528 u-u.
368 1496 449 1527 Esto
482 1495 589 1537 beata]
625 1495 835 1528 Concessio:

143 1543 247 1576 «Esto
281 1545 444 1584 quamvis
477 1544 577 1577 dives
611 1553 654 1576 ac
690 1544 835 1583 nobilis,

141 1593 249 1633 atque
272 1592 376 1625 funus
398 1595 500 1626 tuum
521 1593 738 1635 praecedant
754 1594 840 1625 ima-

140 1641 241 1683 gines
254 1642 431 1675 maiorum
444 1644 604 1682 tuorum,
629 1644 689 1684 qui
712 1644 839 1674 trium·

140 1691 233 1732 phos
247 1693 430 1732 egerunt.»
453 1693 627 1734 Imagines
644 1693 740 1724 enim
759 1692 838 1724 illae

142 1740 251 1772 etiam
272 1741 308 1773 iu
330 1742 575 1774 matronarum
596 1741 769 1774 nobilium
783 1741 841 1774 fu-

142 1789 290 1822 neribus
322 1789 556 1822 ducebantur.
597 1791 669 1823 Cic.
699 1790 744 1822 de
779 1791 837 1822 Or.

141 1838 182 1878 2,
206 1839 268 1878 55,
292 1838 369 1870 225.
392 1839 527 1871 Verum
547 1839 770 1871 amarissima
785 1840 840 1871 est

145 1887 278 1920 funeris
300 1888 374 1919 tam
400 1889 524 1928 aperta
547 1888 679 1919 mentio
704 1888 754 1927 (ut
773 1886 838 1919 Od.

143 1935 165 1968 3
178 1961 187 1975 ,
203 1936 262 1975 ⁴5,
278 1935 312 1968 4.
337 1934 475 1968 Chloris
488 1940 624 1968 maturo
632 1935 776 1976 propior
788 1936 843 1976 su-

142 1984 257 2026 nort),
292 1993 362 2025 qua
385 1986 551 2017 monetur
573 1985 841 2026 intempestivos

142 2034 216 2065 iam
237 2041 319 2065 esse
342 2034 419 2065 eius
449 2042 604 2065 amores.
632 2051 669 2056 -
693 2034 841 2073 Ducant]

145 2081 216 2115 Cfr.
241 2082 398 2114 Senecae
422 2083 588 2114 controv,
611 2082 648 2121 4,
673 2083 710 2114 6;
744 2084 842 2115 Pom-

124 2153 133 2159 ·
139 2131 256 2171 paim
268 2131 298 2163 si
317 2131 540 2163 heredum-iae
554 2132 745 2163 attulissent
759 2132 844 2163 isna—

145 2182 255 2223 ffinos,
276 2183 550 2223 nanouaynwn
576 2183 723 2214 divisset.
760 2182 839 2214 Vid.

145 2230 282 2263 Becker
292 2230 409 2263 Gallus
420 2230 493 2271 (Ed.
508 2229 579 2271 alt.)
593 2232 648 2262 lu.
663 2239 698 2272 p.
712 2231 788 2263 28⁴.
804 2249 839 2253 —

144 2279 283 2320 mmm]
308 2281 524 2311 «matrona.-
549 2279 619 2311 Cir.
638 2279 762 2312 Catull.
780 2280 840 2319 67,

146 2328 188 2360 6:
215 2329 393 2368 Postquam
413 2331 460 2359 αι
476 2331 632 2368 porrecto
652 2329 746 2369 facta
766 2338 843 2360 ηια-

146 2377 219 2408 rita
238 2385 323 2409 sene.
353 2377 453 2409 Ovid.
481 2378 572 2409 Fast.
601 2378 641 2416 2,
671 2377 754 2409 ⁴39:
792 2378 845 2409 hic

151 2425 303 2466 (Caesar)
337 2428 449 2457 castas
481 2426 563 2458 duce
594 2435 628 2458 se
658 2426 746 2458 iubet
778 2435 845 2459 esse

146 2474 300 2505 mar-itas.
324 2475 512 2506 Praeterea
528 2475 705 2516 reperitur
727 2474 841 2508 subst.

149 2523 186 2555 in
200 2521 334 2564 aliquot
354 2523 528 2564 Inscriptt.
545 2523 638 2555 tertii
648 2517 709 2555 'vel
729 2525 844 2565 quarti

150 2572 231 2613 post
260 2572 343 2604 Chr.
367 2571 490 2604 seculi.
518 2590 555 2595 ——
579 2572 681 2614 bacis]
710 2573 846 2605 Rotun-

150 2619 240 2652 ditas
271 2621 418 2653 uniones
452 2621 696 2660 commendat,
738 2624 777 2653 ut
810 2624 846 2654 et

886 1397 1021 1429 candor
1050 1399 1086 1430 et
1114 1398 1319 1439 magnitudo
1354 1401 1389 1430 et
1415 1398 1516 1430 levor
1546 1401 1582 1430 et

886 1446 1045 1488 pondus,
1070 1448 1111 1479 ut
1131 1447 1256 1480 scribit
1278 1447 1409 1480 Plinius
1425 1448 1466 1479 H.
1483 1448 1525 1480 N.
1551 1447 1583 1487 9,

886 1495 941 1527 35.
979 1496 1114 1528 «Bacae
1138 1499 1220 1529 sunt
1242 1497 1391 1529 uniones
1425 1505 1491 1529 seu
1509 1506 1589 1537 per-

887 1545 955 1576 uli-
990 1545 1023 1586 (i.
1053 1554 1086 1577 e.
1110 1543 1320 1592 βήρυλλοι,
1357 1546 1440 1578 hinc
1471 1546 1585 1586 pet-le,

885 1593 1026 1635 Per-len).
1066 1595 1178 1626 con.
1215 1596 1320 1632 Caco.
1350 1612 1389 1618 —
1429 1595 1586 1637 ambulet]

888 1642 1064 1684 «superba
1101 1644 1241 1676 incedat
1273 1653 1340 1686 per
1370 1643 1506 1686 plateas
1545 1653 1589 1677 ac

887 1691 1019 1724 vicos.»
1043 1693 1158 1734 Epod.
1187 1693 1227 1733 4,
1256 1695 1296 1726 5:
1321 1695 1411 1726 Licet
1431 1694 1591 1734 superbus

888 1741 1035 1773 ambules
1050 1743 1208 1782 pecunia.

933 1790 1044 1822 ⁴5-20.
1057 1791 1155 1823 libelle·
1166 1792 1268 1824 Stoici
1277 1792 1359 1834 cet]
1374 1791 1500 1824 «Solita
1513 1795 1591 1824 erat

886 1839 976 1871 haec
1008 1838 1118 1872 libros
1150 1840 1443 1882 philosophorum
1478 1842 1586 1873 etiam

888 1889 923 1920 in
951 1887 1051 1920 lectis
1074 1890 1250 1930 repositos
1274 1889 1426 1929 habere,
1462 1892 1503 1921 ut
1523 1890 1590 1922 ad-

887 1938 1052 1969 veniente
1075 1940 1235 1970 amatore
1251 1938 1435 1971 simularet
1456 1948 1496 1971 se
1512 1940 1590 1981 phi-

888 1986 1070 2027 losophiae
1104 1987 1270 2026 studere,
1312 1997 1384 2020 non
1417 1987 1587 2021 libidini.-

890 2036 1002 2068 Coun.
1040 2036 1145 2073 Cano.
1194 2038 1253 2068 «In
1289 2036 1390 2070 lectis
1428 2037 1588 2070 scribere

889 2083 1070 2125 librosque
1099 2083 1219 2126 legere
1242 2085 1405 2118 solebant
1431 2085 1586 2118 litterati.

890 2132 1103 2166 Lecticulam
1131 2132 1409 2166 lucubratoriam
1441 2137 1589 2176 Augusti

891 2185 1066 2215 memorat
1089 2183 1184 2215 Suet.
1206 2183 1325 2215 octav.
1346 2184 1423 2216 78.»
1445 2186 1587 2217 Gessnn.

891 2232 1028 2264 Acerba
1041 2234 1162 2264 autem
1177 2233 1336 2264 irrisione
1349 2233 1476 2265 Stoicos
1488 2242 1591 2274 prae-

892 2281 994 2322 cipue
1025 2279 1162 2312 libellos
1184 2282 1220 2312 in
1251 2283 1346 2313 tanta
1376 2281 1512 2314 luxurie
1543 2282 1589 2314 ab

892 2338 935 2362 ea
958 2328 1071 2361 evolvi
1095 2329 1190 2361 dicit.
1237 2330 1433 2362 Deficiente
1457 2330 1591 2363 scilicet

892 2378 1027 2410 formae
1037 2377 1209 2419 elegantia
1221 2378 1349 2411 talibus
1358 2379 1483 2412 studiis
1493 2382 1589 2412 certe

892 2427 1064 2460 simulatis
1102 2428 1304 2460 huiusmodi
1341 2436 1430 2460 anus
1467 2428 1591 2460 adole-

893 2478 1034 2509 scentes
1055 2475 1196 2508 allicere
1218 2478 1364 2508 conatae
1382 2485 1461 2508 esse
1484 2478 1592 2509 inter-

893 2524 980 2557 dum
995 2524 1167 2557 w'dentur.
1194 2526 1371 2557 Sententia
1394 2526 1499 2565 igitur
1513 2528 1587 2558 est:

894 2574 1077 2613 «Etiamsi,
1100 2573 1404 2614 quemadmodum
1419 2573 1588 2607 Caerellia

891 2621 967 2661 illa,
997 2623 1176 2654 Ciceronis
1192 2623 1323 2662 amica,
1347 2622 1589 2664 philosophiae
