1722 2904
713 74 885 107 HORATII
908 74 1132 108 CARMINUM

372 176 504 219 Nullis
536 176 738 234 polluitur
767 184 884 220 casta
914 177 1068 220 domus
1099 179 1282 234 stupris,

375 258 466 300 Mos
496 263 538 299 et
567 257 635 300 lex
665 257 932 301 maculosum
962 257 1154 301 edomuit
1181 257 1321 308 nefas,

375 337 620 380 Laudantur
650 337 774 380 simili
805 337 927 395 prole
957 351 1222 395 puerperae,

491 417 670 475 Culpam
700 432 840 475 poena
871 418 1026 474 premit
1054 431 1226 471 comes,

378 523 484 575 Quis
516 522 717 565 Parthum
750 530 924 579 paveat,

956 522 1054 579 quis
1085 522 1273 580 gelidum
1303 522 1512 582 Scythen,
1599 523 1653 566 25

377 603 483 656 Quis
514 603 742 647 Germania
772 617 883 660 quos
912 602 1088 646 horrida
1117 603 1299 660 parturit

376 685 524 734 Fetus,
556 683 757 727 incolumi
789 683 1007 727 Caesare?
1037 683 1135 740 quis
1164 683 1281 727 ferae

488 763 654 807 Bellum
683 769 805 807 curet
834 763 1069 807 Hiberiae?

378 868 531 913 Condit
562 869 749 926 quisque
779 869 896 912 diem
927 868 1108 913 collibus
1138 869 1182 912 in
1211 870 1324 921 suis,

296 971 349 1002 25.
371 969 498 1010 parthu
520 970 556 1001 T.
586 987 621 992 —
647 970 701 1002 27.
727 970 882 1002 incolomi
904 970 940 1002 T.
969 987 1007 993 —
1031 970 1085 1002 28.
1110 969 1280 1003 hiberniae
1301 971 1338 1003 T.

253 1056 370 1089 24-24.
395 1058 469 1090 Mos
482 1060 513 1089 et
532 1057 598 1099 lex]
616 1057 678 1089 Od.
697 1057 734 1097 3,
759 1056 819 1097 24,
845 1057 904 1090 35:

211 1107 296 1147 Quid
318 1106 403 1147 leyes
424 1107 495 1139 sine
514 1106 662 1139 moribus
687 1107 801 1139 Vanae
822 1116 908 1147 pro-

206 1155 346 1197 ficiunt?
378 1175 414 1179 —
440 1156 565 1196 stupris
594 1155 639 1188 ad
669 1155 841 1188 adulteria
873 1157 909 1188 et

209 1205 362 1246 virgines
385 1206 540 1245 vitiatas,
564 1206 771 1238 maculoswm
787 1207 921 1245 autem>

208 1255 303 1297 nefas
326 1255 371 1287 ad
394 1254 481 1296 legis
497 1255 695 1287 Scantiniae
713 1255 756 1297 (V.
779 1256 908 1287 Baiteri

209 1305 284 1337 Ind.
316 1306 421 1346 Legg.
455 1305 527 1337 Cic.
561 1314 597 1346 p.
628 1304 718 1346 259.)
753 1305 907 1337 indicem

209 1354 350 1386 videtur
383 1353 575 1395 pertinere.
623 1354 729 1386 Tacit.
757 1354 844 1386 Hist.
868 1354 906 1393 4,

209 1404 247 1435 7:
273 1403 422 1435 avaritia
444 1406 475 1434 et
495 1403 628 1435 libidine
648 1403 762 1444 foedus
778 1412 819 1435 ac
837 1411 910 1434 ma-

209 1453 350 1484 culosus.
379 1470 415 1474 —
440 1451 601 1493 edomuit]
630 1453 729 1484 «suis
756 1451 906 1493 legibus,

210 1502 393 1540 institutis,
421 1500 584 1542 exemplo
608 1510 756 1543 prorsus
773 1501 910 1533 domuit

209 1552 315 1592 atque
347 1551 520 1583 emovit.»
566 1550 621 1582 Ad
647 1560 681 1582 v.
706 1559 814 1583 usum
844 1550 907 1583 cfr.

211 1599 310 1632 ovid.
344 1601 383 1631 A.
416 1601 455 1631 A.
490 1599 528 1639 3,
566 1599 646 1631 443ε
681 1609 770 1631 nunc
803 1608 910 1631 aurea

210 1651 315 1681 Roma
337 1649 481 1681 Edomiti
495 1657 638 1690 maynas
655 1650 800 1689 possidet
823 1649 911 1681 orbis

210 1708 295 1739 opes.
324 1717 360 1721 -
385 1699 484 1730 simili
502 1699 609 1740 prole]
635 1699 710 1731 Iam
734 1698 909 1732 Hesiodus

211 1748 249 1780 O.
275 1748 312 1780 et
334 1748 374 1780 D.
401 1747 476 1779 235.
501 1748 537 1779 in
565 1749 694 1781 ceteris
723 1749 909 1781 hominum

210 1798 386 1830 iustorum
399 1797 567 1838 praemiis
582 1798 651 1829 hoc
664 1806 808 1839 quoque
825 1807 911 1830 enu-

211 1848 343 1879 merat:
370 1847 572 1879 Τίκτουσιν
587 1845 628 1879 δὲ
647 1850 824 1891 γυναῖκες
838 1846 911 1880 ἑοι-

211 1894 308 1928 κότα
319 1897 432 1929 τέκνα
447 1892 635 1939 γονεῦσιν.
656 1896 779 1929 Catull.
791 1897 907 1938 Epith.

212 1947 266 1985 64,
285 1946 349 1978 209
365 1954 486 1987 seqq.:
513 1946 711 1986 Torquatus,
727 1947 815 1986 volo,
829 1955 912 1987 par-

210 1996 307 2028 vulus
320 2013 339 2019 -
354 2013 373 2019 -
389 1996 440 2027 Sit
460 2004 520 2028 suo
539 1996 656 2028 similis
674 1997 769 2036 patri
781 1996 910 2029 Manlio

211 2048 243 2077 et
268 2045 367 2086 facile
394 2045 506 2077 insciis
526 2046 715 2078 Noscitetur
737 2045 779 2077 ab
801 2046 911 2078 omni—

213 2094 288 2134 bus,
323 2095 368 2126 Et
383 2095 584 2134 pudicitiam
605 2104 685 2128 suae
706 2095 828 2127 Matris
855 2095 911 2126 in-

212 2144 296 2175 dicet
317 2153 385 2175 ore.
413 2162 450 2166 —
476 2144 632 2186 Culpam]
659 2143 837 2186 «Culpam
863 2145 910 2176 ita

213 2192 378 2225 celeriter
391 2193 590 2234 insequitur
603 2202 737 2235 poena,
763 2194 803 2226 ut
816 2193 909 2235 pede

212 2242 342 2283 pedem
366 2244 538 2283 premat.»

255 2291 395 2323 25-28.
431 2291 582 2333 Scythen]
613 2292 676 2324 Od.
703 2292 742 2332 3,
775 2292 813 2332 8,
846 2291 907 2324 23;

213 2341 285 2372 Iam
314 2341 456 2380 Scythae
485 2342 567 2373 laoeo
597 2342 800 2374 meditantur
827 2350 911 2373 arcu

214 2389 333 2422 Cedere
354 2391 490 2430 campis.
524 2391 642 2423 Carm.
661 2399 733 2423 sec.
751 2391 812 2423 55:
837 2391 910 2422 Imm

213 2439 354 2478 Scythae
379 2448 539 2479 responsa
565 2442 694 2480 petunt.
730 2458 765 2463 —
797 2440 911 2471 horri-

214 2487 274 2528 da]
310 2489 346 2519 et
377 2489 525 2530 propter
553 2487 707 2528 caelum,
743 2489 909 2520 Romanis

214 2545 300 2568 sane
335 2536 513 2569 insolitum
547 2546 588 2570 ac
622 2537 832 2577 molestum,
871 2538 911 2569 ut

214 2586 353 2618 Tacitus
377 2587 494 2618 Germ.
520 2586 551 2618 2.
588 2587 764 2627 informem
793 2586 909 2626 terris,

215 2643 370 2674 asperam
391 2635 499 2675 caelo,
530 2636 663 2685 tristem
678 2635 770 2668 cultu
791 2636 911 2680 adspe-

957 1059 1094 1095 cuique,
1127 1058 1235 1097 atque
1260 1057 1344 1098 Cap.
1369 1057 1402 1089 5.
1427 1057 1519 1089 silvis
1547 1059 1656 1091 horri-

958 1107 1048 1145 dwm,
1061 1105 1241 1145 paludibus
1250 1106 1383 1147 foedam
1395 1115 1475 1139 eam
1486 1109 1607 1147 νοσεῖς
1622 1109 1658 1140 et

958 1155 1105 1197 propter
1133 1163 1306 1196 proceros
1337 1154 1656 1198 formidolososque

958 1205 1035 1236 eius
1058 1203 1209 1244 incolas,
1233 1205 1274 1236 ut
1295 1204 1406 1246 Epod.
1425 1206 1485 1244 46,
1510 1206 1548 1238 7.
1582 1207 1658 1247 fera

957 1254 1113 1286 caerulea
1141 1253 1325 1286 Germania
1345 1254 1444 1294 pube.
1473 1273 1510 1278 -
1530 1259 1658 1295 partu-

956 1304 1012 1345 rit]
1033 1304 1168 1335 rariore
1184 1311 1252 1335 usu
1267 1311 1350 1344 pro:
1371 1312 1531 1345 «parere,
1546 1305 1655 1338 edere

958 1351 1081 1385 solet.»
1107 1351 1177 1384 Cfr.
1195 1351 1260 1384 Od.
1280 1352 1316 1392 4,
1338 1352 1375 1392 7,
1402 1353 1455 1385 46.
1477 1371 1513 1376 —
1545 1354 1655 1396 Fetus]

958 1401 1127 1443 grandes,
1164 1402 1284 1434 truces
1315 1402 1422 1443 atque
1454 1402 1656 1443 deformes,

959 1451 1206 1492 contemptim,
1223 1449 1332 1483 veluti
1347 1452 1518 1484 monstra.
1539 1452 1655 1486 Manil.

958 1501 996 1541 4,
1022 1501 1102 1532 74οῑ
1141 1501 1250 1532 Flava
1274 1509 1340 1541 per
1371 1501 1518 1542 inqentes
1550 1502 1659 1544 squil

959 1550 1144 1583 Germania
1161 1553 1294 1590 partus.
1327 1549 1417 1583 Flor.
1444 1550 1482 1590 3,
1508 1551 1567 1591 40,
1594 1552 1655 1584 42;

959 1602 1217 1633 Germanorum
1238 1600 1402 1632 immania
1423 1609 1580 1640 corpora.
1617 1619 1654 1624 —

957 1649 1060 1691 ferae]
1081 1650 1188 1682 Feros
1203 1650 1310 1681 vocat
1325 1648 1522 1682 Cantabros
1533 1675 1541 1689 ,
1560 1649 1657 1690 quod

958 1699 1094 1732 tamdiu
1124 1700 1198 1731 tam
1221 1706 1329 1740 saepe
1352 1697 1566 1731 rebellarant
1592 1699 1657 1732 ad-

961 1757 1084 1781 versus
1124 1749 1301 1780 Romanos
1342 1756 1384 1780 ac
1418 1748 1476 1780 vix
1512 1748 1658 1781 tandem

960 1798 1098 1831 domari
1120 1798 1312 1838 potuerant
1332 1805 1364 1829 a.
1381 1805 1417 1829 u.
1435 1805 1466 1829 c.
1485 1797 1561 1830 734.
1586 1799 1659 1830 Du-

957 1857 1036 1880 ram
1049 1848 1153 1879 vocat
1172 1845 1353 1879 Hiberiam
1369 1846 1432 1879 Od.
1450 1846 1488 1886 4,
1515 1846 1575 1886 ⁴4,
1600 1847 1655 1879 50.

1002 1896 1142 1930 29-32.
1172 1895 1303 1937 Condit]
1328 1904 1400 1928 non
1426 1897 1500 1928 tam
1530 1895 1657 1928 «condi

960 1946 1116 1984 cernit»,
1135 1953 1260 1986 quam:
1281 1944 1398 1977 «diem
1414 1945 1528 1977 totum
1542 1953 1657 1986 usque

959 1996 1005 2028 ad
1026 2003 1217 2036 vesperam
1239 1993 1426 2035 tranquillo
1449 1995 1567 2026 animo
1590 1995 1660 2026 tra-

960 2044 1057 2077 ducit
1085 2044 1120 2076 in
1147 2043 1260 2075 vineis
1289 2043 1363 2075 suis
1391 2051 1510 2084 neque
1538 2043 1659 2075 incur-

959 2095 1099 2127 sionum
1130 2091 1310 2125 hostilium
1339 2093 1439 2125 metu
1469 2092 1514 2124 ab
1548 2101 1658 2134 opere

958 2143 1092 2175 rustico
1126 2141 1363 2174 deterretur.»
1401 2142 1495 2186 Vigg.
1521 2140 1592 2174 Ecl.
1618 2141 1654 2180 9,

959 2192 996 2224 54
1014 2201 1021 2222 z
1046 2199 1144 2231 saepe
1165 2199 1226 2232 eqo
1248 2190 1364 2231 lonqos
1385 2190 1559 2222 Cantando
1575 2198 1659 2230 pue-

958 2249 1036 2272 rwm
1056 2240 1191 2272 mevnini
1213 2248 1266 2271 me
1287 2239 1427 2271 condere
1445 2239 1540 2271 soles.
1569 2238 1655 2272 Plin.

959 2291 1047 2332 Epp.
1073 2289 1109 2329 9,
1135 2288 1196 2320 36:
1233 2291 1264 2320 et
1286 2297 1490 2328 quamquam
1505 2288 1659 2330 lonyissi-

958 2348 1032 2372 mus
1045 2339 1113 2370 dies
1126 2338 1190 2370 cito
1205 2338 1368 2369 conditur.
1389 2337 1523 2370 Callim.
1537 2338 1654 2379 Epigr.

959 2390 996 2421 2:
1031 2384 1195 2428 ὁσσάκις
1226 2383 1449 2433 ἄμφότερος
1463 2381 1594 2419 ’Ἠλιον
1615 2385 1657 2419 ἐν

959 2437 1079 2484 λέσχῃ
1102 2433 1376 2478 κατεδύσαμεν.
1405 2454 1442 2459 -
1466 2436 1603 2468 collibus
1621 2436 1658 2468 in

958 2487 1041 2529 suis]
1067 2485 1234 2519 Consulto
1257 2486 1355 2518 addit
1376 2486 1461 2525 suis,
1486 2486 1526 2518 ut
1547 2485 1657 2526 signi-

958 2537 1042 2569 ficet
1074 2535 1260 2575 laetitiam,
1300 2544 1370 2577 qua
1404 2534 1556 2576 agricola
1589 2543 1655 2567 sua

958 2586 1187 2628 possessione
1219 2584 1360 2625 fruitur,
1396 2585 1437 2617 ut
1463 2582 1584 2616 Vellei.
1613 2584 1652 2622 2,

959 2635 1012 2668 89.
1040 2634 1083 2667 de
1107 2634 1252 2675 Augusti
1275 2634 1407 2666 aetate:
1433 2636 1525 2665 certa
1538 2632 1657 2673 cuique
