1722 2904
112 1919 124 1924 ..
191 1880 253 1919 sit,
284 1880 437 1912 reditum
466 1880 542 1912 eius
565 1880 746 1921 impedit.»

696 62 867 94 HORATII
893 61 1117 95 CARMINUM

360 167 494 209 Instar
523 165 637 208 veris
668 165 780 208 enim
811 165 950 208 voltus
980 164 1053 207 ubi
1085 170 1183 206 tuus

358 246 522 289 Affulsit
551 244 735 303 populo,
767 245 927 302 gratior
957 245 987 287 it
1016 244 1110 286 dies

473 327 522 369 Et
551 326 666 369 soles
696 325 850 369 melius
880 325 1025 368 nitent.

360 433 410 475 Ut
440 438 575 474 mater
606 431 823 479 iuvenem,
856 443 987 486 quem
1015 430 1149 471 Notus
1179 427 1322 471 invido

360 511 476 554 Flatu
510 510 724 567 Carpathii
755 517 872 552 trans
902 509 1033 551 maris
1063 522 1256 566 aequora

1584 508 1599 551 Υ1
1609 511 1635 550 0

360 593 637 635 Cunctantem
668 590 806 647 spatio
835 589 1003 646 longius
1033 603 1176 632 annuo

473 671 596 714 Dulci
627 671 800 713 distinet
830 684 855 712 a
885 669 1034 719 domo,

359 776 474 819 Votis
506 775 809 832 ominibusque
839 781 882 818 ct
910 774 1114 831 precibus
1145 767 1287 826 vocat,

278 896 309 926 7.
345 894 477 935 Effutsit
506 892 549 931 b,
582 893 726 935 Afslucit
754 893 791 924 T.
819 893 909 934 (non
939 893 1069 934 BScd.)
1108 911 1144 916 —
1176 893 1214 935 it]
1245 896 1276 925 et
1307 893 1344 926 T.
1373 911 1409 917 —
1441 894 1473 926 9.
1497 894 1597 926 uvido

235 943 345 976 Codd.
377 945 449 975 tres
483 943 667 974 Torrentii.
702 960 738 965 —
772 943 824 974 40.
850 943 1006 983 carpathi
1038 943 1076 975 Τ.
1113 961 1149 967 -
1183 943 1236 975 42.
1261 942 1397 975 destinet
1423 943 1467 983 T,
1504 945 1594 976 Pott.

234 995 410 1034 quattuor.
430 993 624 1030 incertum,
652 993 770 1023 utrum
786 992 937 1032 destinet,
963 1001 1008 1024 an
1023 992 1158 1031 detinet,
1185 993 1282 1025 certe
1298 1001 1370 1024 non
1391 993 1533 1032 distinet,
1558 992 1593 1025 d.

186 1092 349 1134 fidissima
367 1092 543 1123 Teucrum!
570 1109 607 1114 —
624 1091 722 1132 veris]
739 1091 887 1123 Tlieocr.

192 1141 249 1181 43,
287 1140 347 1173 45;
386 1136 455 1186 ἔαρ
485 1140 522 1173 θ’
547 1136 706 1186 ὁρόωσα
729 1140 887 1179 Νυχεία.

194 1208 229 1212 -
261 1190 403 1230 Affutsit]
436 1191 468 1222 in
501 1198 606 1231 prosa
639 1198 690 1222 or.
719 1190 886 1222 «arrisit».

190 1239 259 1270 Sed
283 1241 434 1281 occupat
465 1239 713 1280 metaphoram
737 1239 781 1271 de
806 1238 889 1271 solis

190 1288 296 1320 radiis
327 1297 361 1320 v,
387 1289 419 1320 8.
460 1287 562 1320 Silius
592 1289 630 1327 7,
655 1287 738 1320 466:
775 1288 892 1320 nitenti

189 1337 322 1378 Affulsit
342 1338 435 1369 voltu
457 1338 569 1369 ridens
589 1338 705 1369 Venus.
747 1338 889 1370 Charito

191 1387 253 1420 Ed.
281 1388 372 1428 Lips.
399 1397 434 1429 p.
468 1388 528 1419 70:
564 1383 679 1434 'e'apog
715 1384 890 1429 ὑπολάμ-

190 1443 354 1478 ψαντος.
406 1436 501 1469 Multi
535 1446 727 1479 perperam
765 1437 892 1470 distin-

191 1488 318 1527 guunt:
356 1486 504 1527 Affiulsit,
535 1487 660 1526 populo
695 1487 829 1527 qratior
865 1486 892 1517 it

190 1536 269 1567 dies.
298 1555 333 1558 —
360 1536 396 1577 it]
434 1536 664 1577 «procedit»,
700 1537 739 1568 ut
761 1536 824 1568 Od.
850 1537 888 1575 Ξ,

194 1585 251 1625 44,
277 1586 316 1617 5:
343 1589 502 1624 quotquot
517 1589 595 1617 eunt
609 1586 686 1617 dies.
708 1604 745 1609 —
762 1585 889 1625 melius]

194 1633 433 1675 «splendidius
447 1643 488 1666 ac
499 1635 646 1675 gratius,
662 1635 762 1676 quasi
780 1634 892 1666 omni-

192 1683 259 1715 bus
294 1683 537 1716 sollicitudinis
572 1693 614 1715 ac
639 1686 755 1716 metus
786 1683 891 1716 nubi—

191 1732 259 1764 bus
283 1733 353 1764 iam
378 1732 590 1774 dissipatis.»

235 1781 267 1813 9.
296 1782 348 1813 40.
381 1782 502 1823 invido]
529 1783 609 1823 «qui
634 1782 736 1814 matri
759 1783 891 1814 amanti

192 1831 346 1863 reditum
362 1830 420 1863 filii
436 1831 586 1870 invidet;
613 1832 786 1864 adversus
808 1840 890 1864 cum

801 1881 893 1911 Lan-

191 1929 337 1970 guidum
368 1930 403 1961 h.
429 1928 451 1961 l.
478 1929 568 1962 foret
597 1939 680 1962 cum
711 1929 767 1962 illo
791 1938 893 1962 com-

191 1979 355 2020 paratum
378 1978 556 2011 ἐπίθετον
572 1979 689 2018 uvido,
718 1981 755 2011 ut
769 1980 892 2011 contra

192 2029 324 2069 optime
356 2029 434 2060 Noti
457 2030 621 2061 naturam
643 2029 755 2070 pingit
777 2028 888 2070 Epod.

193 2077 253 2116 40,
287 2077 347 2109 ⁴9:
383 2078 495 2109 Ionius
520 2079 586 2109 udo
609 2087 685 2110 cum
707 2078 894 2119 remugiens

190 2126 282 2158 sinus
310 2127 397 2158 Noto
426 2128 581 2159 carinam
607 2128 748 2167 ruperit.
795 2127 890 2168 Virg.

192 2177 253 2208 Ge.
273 2176 284 2207 4
301 2201 308 2215 ,
335 2175 418 2208 448;
442 2177 592 2217 Iuppiter
613 2177 733 2208 wvidus
755 2177 889 2208 austris.

195 2244 230 2247 —
258 2225 442 2267 Carpathii]
465 2226 544 2258 Vid.
563 2226 626 2258 Od.
654 2227 688 2265 4,
715 2226 775 2266 35,
801 2226 833 2258 8.

236 2274 287 2306 44.
316 2275 368 2307 42.
395 2275 670 2317 spatio—annuo]
688 2276 778 2308 intra
795 2276 893 2316 quod

192 2324 411 2356 mercatores
434 2333 478 2356 ex
502 2324 597 2356 Italia
620 2325 656 2356 in
681 2325 800 2357 Asiam
828 2334 893 2357 na-

190 2373 310 2413 vigare
334 2374 440 2414 atque
466 2374 581 2406 redire
611 2372 784 2406 solebant.
822 2375 893 2406 Ce-

192 2423 309 2454 terum
326 2423 429 2463 iunge
447 2426 656 2455 cunctantem
675 2426 770 2455 trans
784 2432 891 2463 mare,

193 2480 281 2510 non,
317 2473 357 2503 ut
387 2471 442 2504 alii
467 2471 606 2504 volunt:
643 2473 774 2504 distinet
797 2476 893 2505 trans

193 2528 297 2552 mare.

237 2569 288 2601 43.
325 2569 422 2611 Votis]
450 2570 523 2602 Liv.
550 2571 584 2602 in
607 2571 755 2612 praefat.
782 2573 890 2603 extr..

193 2626 267 2650 cum
289 2618 380 2651 bonis
402 2619 564 2652 ominibus
584 2621 730 2660 votisque
753 2629 794 2651 ac
812 2629 894 2660 pre-

940 1090 1136 1123 cationibus.
1177 1091 1218 1124 Ut
1245 1091 1331 1123 votis
1359 1099 1481 1123 vocare
1513 1090 1573 1123 hic
1605 1091 1642 1122 et

939 1140 1034 1180 virg.
1061 1141 1122 1172 Ge.
1149 1140 1185 1179 4,
1222 1139 1292 1179 42.,
1327 1140 1380 1172 sic
1403 1140 1511 1172 etiam
1545 1140 1639 1172 divos

940 1189 975 1220 in
1003 1192 1082 1220 vota
1109 1197 1232 1221 vocare
1259 1189 1346 1221 Aen.
1371 1190 1411 1228 ὅ,
1442 1188 1540 1229 234.,
1576 1198 1639 1230 per

938 1241 1017 1270 vota
1038 1247 1160 1270 vocare
1191 1236 1292 1270 Silius
1315 1239 1355 1278 2,
1390 1239 1465 1270 445.
1494 1257 1531 1262 -
1556 1240 1639 1272 omi-

939 1287 1108 1327 nibusque]
1134 1287 1272 1319 «omina
1296 1287 1481 1329 captans»,
1506 1288 1546 1320 ut
1567 1288 1641 1321 De-

939 1335 983 1368 lia
1013 1335 1137 1368 Tibulli
1162 1337 1199 1374 4,
1224 1336 1263 1376 3,
1295 1337 1352 1369 44;
1389 1337 1439 1369 illi
1466 1337 1602 1369 Rettulit
1623 1345 1641 1369 e

939 1386 1048 1417 triviis
1069 1386 1184 1417 omina
1204 1388 1297 1418 certa
1314 1394 1412 1426 puer.
1457 1385 1543 1418 Plin.
1577 1387 1640 1419 Pa-

940 1443 1019 1476 neg.
1056 1435 1120 1467 92:
1159 1435 1248 1467 inter
1282 1436 1428 1468 secunda
1463 1436 1578 1468 omina
1612 1438 1644 1468 et

938 1487 1018 1516 vota
1039 1484 1214 1516 certantia.

985 1533 1037 1566 44.
1065 1534 1174 1566 Curvo
1187 1551 1204 1557 -
1222 1544 1239 1558 -=
1252 1533 1365 1576 litore]
1392 1534 1433 1566 ut
1447 1533 1558 1576 Epod.
1578 1534 1639 1575 40,

940 1583 993 1615 2⁴.
1015 1579 1214 1615 ’Entfflezov
1228 1584 1455 1625 perpetuum.
1481 1585 1555 1616 lam
1569 1585 1641 1617 Ac·-

941 1633 1016 1665 cius
1038 1632 1151 1664 Bothii
1166 1641 1200 1674 p.
1219 1632 1302 1664 235:
1326 1633 1398 1665 Hac
1412 1633 1470 1665 ubi
1484 1642 1587 1666 curvo
1601 1634 1644 1666 ii-

940 1685 1011 1713 tore
1032 1682 1162 1713 latratu
1188 1682 1283 1713 Unda
1304 1682 1363 1714 sub
1381 1682 1481 1714 undis
1495 1682 1644 1715 labunda

940 1731 1036 1763 sonit.
1055 1719 1149 1772 Virg.
1163 1732 1250 1763 Aen.
1265 1731 1285 1763 3
1295 1756 1303 1771 ,
1321 1731 1402 1764 223:
1427 1731 1524 1764 litore
1538 1741 1642 1765 curvo

939 1781 1220 1820 Exstruimusque
1241 1784 1340 1813 toros.
1377 1783 1463 1814 Aen.
1481 1783 1519 1822 5,
1545 1782 1634 1814 765:

937 1838 1112 1870 procurva
1126 1847 1146 1853 -
1159 1847 1180 1853 —
1194 1830 1306 1862 litora.
1355 1830 1456 1863 ovid.
1482 1831 1564 1864 Met.
1583 1831 1637 1872 44,

942 1880 1029 1912 352:
1066 1880 1112 1912 ad
1133 1880 1237 1912 litora
1257 1889 1393 1913 curva..
1421 1881 1542 1913 Iuven.
1580 1879 1639 1919 44,

943 1928 1006 1961 86:
1043 1938 1146 1960 curvo
1173 1929 1286 1961 Litore
1315 1929 1460 1962 Caietae.
1507 1930 1638 1962 Lucan.

942 1978 980 2017 8,
1007 1978 1090 2009 477:
1126 1978 1281 2018 Scythiae
1313 1981 1509 2010 curvantem
1541 1979 1643 2010 litora

937 2030 1090 2066 pontum.
1119 2046 1156 2050 -—
1199 2028 1358 2068 dimovet]
1390 2027 1536 2069 Oppian.
1570 2028 1642 2060 Ha-

941 2075 1037 2108 lieut.
1063 2075 1101 2116 4,
1133 2076 1216 2108 335:
1257 2073 1324 2117 Ὡς
1351 2074 1383 2108 δ’
1419 2071 1485 2108 ὅτε
1525 2073 1642 2119 τηλύ-

942 2134 1052 2168 γετον
1078 2123 1210 2182 μήτηρ
1239 2123 1358 2169 γόνον
1383 2121 1411 2169 ἢ
1433 2126 1499 2159 καὶ
1529 2122 1642 2159 ἀκοί-

943 2184 1012 2217 την
1035 2171 1191 2215 Εὗνέτις
1213 2170 1437 2218 ἀλλοδαπὴν
1451 2173 1642 2218 τηλέχθο-

942 2234 991 2256 να
1020 2227 1134 2267 γαῖαν
1166 2222 1275 2257 ἰόντα
1301 2221 1511 2269 Ἀχνυμένη
1537 2223 1644 2257 στέλ-

942 2273 1051 2331 λῃσι,
1090 2271 1183 2315 νόος
1216 2273 1258 2307 δέ
1291 2275 1334 2307 οἱ
1364 2271 1475 2307 evdon
1507 2271 1638 2315 ἀλύει,

936 2310 1056 2366 Ὅσση
1091 2324 1132 2356 οἱ
1161 2321 1338 2367 μεσσηγὺ
1372 2321 1468 2365 ἁλὸς
1503 2321 1641 2365 χύσις,

944 2367 1049 2405 ὅσσα
1071 2383 1111 2405 τε
1133 2372 1258 2406 κύκλα
1278 2371 1440 2416 Μηνῶν·
1476 2369 1526 2405 cix
1597 2370 1645 2404 ά-

943 2432 1044 2455 τοισι
1067 2421 1098 2454 δ’
1123 2422 1413 2465 ἐπεμβαίνουσα
1437 2421 1644 2465 θαλασσης

943 2469 1100 2514 Κύμασι
1121 2470 1388 2518 δακρυόεσσαν
1410 2471 1472 2505 ἐπὶ
1513 2468 1643 2514 στόμα

943 2518 1063 2567 γῆρυν
1087 2520 1188 2564 ἵησι,
1213 2519 1393 2554 Eneca-ew
1415 2520 1639 2564 λισσομένη,

943 2571 1010 2603 καί
1045 2581 1114 2613 μιν
1151 2568 1266 2612 πόδες
1299 2567 1372 2603 οῦκ
1404 2567 1457 2628 ἔτ’
1491 2566 1642 2604 ὀπίσσω

939 2616 1108 2664 ’Ῑεμένην
1141 2620 1370 2667 φορέουσιν,
1405 2629 1486 2659 εχει
1519 2617 1549 2651 δ’
1576 2619 1643 2653 ἐπὶ
