1722 2904
255 115 336 156 404
771 117 941 149 HORATn
965 116 1190 151 CARMINUM

270 214 307 274 33
424 221 489 263 Me
522 234 634 263 nunc
665 220 847 264 Thressa
877 220 1008 264 Chlo‘e
1039 221 1173 284 regit,

480 301 638 345 Dulces
669 301 795 345 docta
825 301 978 345 modos
1009 309 1052 345 et
1080 302 1270 345 citharae
1288 302 1466 354 sciens,
1645 303 1698 347 40

419 383 501 425 Pro
537 396 623 440 qua
653 396 737 444 non
767 389 955 426 metuam
985 383 1122 433 mori,

479 464 522 507 Si
554 449 730 532 parcent
759 464 925 507 animae
956 464 1039 506 sata
1070 463 1301 521 superstiti.

273 579 307 626 ζ
421 570 486 612 Me
517 576 649 613 torret
678 569 769 613 sace
801 577 948 612 mutua

476 650 648 693 Thurini
681 650 821 694 Cala'i's
850 650 963 693 filius
994 651 1175 709 Ornyti,

418 734 500 775 Pro
531 746 618 789 quo
648 732 714 775 bis
747 732 885 789 patiar
913 732 1045 783 mori,

1643 735 1696 778 ’15

476 813 519 856 Si
549 820 726 870 parcent
754 827 891 870 puero
921 813 1005 856 fata
1037 814 1270 871 superstiti.

336 940 366 971 9.
406 939 564 971 Thraessa
586 939 630 978 B,
666 939 783 971 Cressa
812 950 860 981 μ,
897 939 960 972 Ed.
987 940 1150 973 Locheri.
1190 956 1226 963 -
1262 940 1349 982 riyet
1374 951 1431 984 γι,
1466 950 1520 983 pr.
1544 940 1584 982 β.
1612 960 1650 966 -

293 990 344 1021 40.
370 989 485 1021 Dulcis
506 989 542 1021 T.
572 1007 607 1011 —
634 988 687 1021 44.
713 989 843 1021 Ornithi
865 990 936 1022 LCt
959 998 1042 1022 cum
1063 988 1164 1022 Aldo.
1192 990 1246 1032 (Ut
1267 999 1349 1031 nos,
1375 990 1526 1032 BbS'rc.)

245 1110 351 1133 mana
372 1109 437 1143 pro
453 1110 514 1140 ea,
540 1109 632 1142 quae
656 1101 799 1143 proprie
814 1101 945 1133 Albana

247 1152 338 1189 erat;
377 1151 428 1182 sic
452 1151 559 1182 etiam
582 1150 703 1182 Ovidio
727 1151 818 1184 Fast.
844 1151 883 1191 3,
910 1151 941 1183 9.

247 1202 302 1233 est
323 1201 476 1232 Romana
505 1201 680 1240 sacerdos,
719 1200 782 1232 ubi
815 1200 943 1233 frustra

247 1251 411 1283 Heinsius
430 1251 593 1290 Troiana,
618 1250 789 1283 Krebsius
811 1251 942 1292 regina.

289 1300 321 1332 9.
361 1300 413 1332 40.
457 1299 607 1341 Thressa]
643 1299 730 1332 Alii:
769 1302 824 1333 Me
856 1309 945 1332 nunc

246 1350 362 1382 Cressa
385 1349 498 1389 Chloe',
535 1349 724 1382 durissimo
748 1359 836 1383 sono
859 1359 945 1391 pro—

243 1400 325 1441 pter
347 1398 410 1430 litt.
429 1408 462 1439 c,
490 1408 523 1439 c,
551 1400 600 1431 ch.
623 1416 658 1422 —-
684 1399 808 1441 modos]
831 1398 941 1442 μέλη.

247 1467 284 1471 -
309 1449 458 1481 citharae
479 1449 593 1490 sciens]
623 1449 686 1481 Od.
718 1450 756 1487 4,
786 1450 846 1489 45,
876 1449 941 1482 24:

243 1499 350 1530 sciens
370 1499 518 1540 Pugnae.
565 1497 733 1531 Alexand.
767 1498 878 1531 Aetol.
909 1499 944 1531 in

243 1547 341 1581 Anal.
366 1549 423 1580 Br.
450 1549 475 1580 Ι.
501 1557 581 1590 pag.
608 1547 689 1581 4⁴9:
725 1544 814 1580 Ἀλλ’
845 1543 868 1580 ὅ
902 1558 945 1592 γε

245 1595 485 1640 πευθόμενος
500 1596 629 1641 πάγχη
652 1598 850 1644 Γραικοῐσι
874 1608 944 1641 με-

243 1646 380 1680 agnem
409 1645 601 1690 Τιμόθεον
616 1673 624 1689 ,
649 1645 813 1695 κιθάρης
835 1646 944 1692 ἴδμο-

243 1708 292 1729 να
313 1698 382 1730 καὶ
404 1696 563 1741 μελέων.

287 1747 433 1781 42-44.
467 1748 623 1790 animae]
663 1748 775 1781 «vitae
805 1748 943 1791 puellae

241 1799 505 1839 amatissimae,
541 1807 631 1839 quae
656 1799 760 1838 mihi,
793 1807 942 1841 precor,

241 1850 425 1891 superstes
442 1850 520 1882 sit.»
543 1866 579 1872 —
603 1848 678 1890 face
691 1849 826 1890 mutua]
853 1851 944 1891 «Ego

242 1907 364 1931 amore
381 1899 416 1931 in
433 1898 553 1931 Calain
568 1898 715 1931 incensa
731 1898 826 1931 feror
849 1899 945 1931 eius-

242 1957 312 1989 que
329 1950 492 1981 mutuum
508 1957 672 1981 amorem
689 1949 886 1990 experior.»
905 1966 941 1971 —

244 1998 418 2040 Thuriwm,
445 1999 616 2041 oppidum
632 1998 830 2038 Lucaniae,
861 1997 944 2030 olim

243 2047 388 2089 Sybaris
401 2074 408 2088 ,
434 2048 631 2081 incolarum
646 2047 792 2081 mollitie
807 2048 941 2080 notum.

244 2097 403 2138 (Differre
426 2107 446 2130 a
462 2098 591 2131 Thurio
614 2098 791 2131 coloniam
814 2098 945 2130 Roma-

243 2156 327 2179 nam
351 2148 513 2189 Copiam,
542 2149 578 2181 in
601 2157 726 2190 agrum
750 2147 945 2180 Thurinum

244 2197 456 2238 deductam,
482 2198 767 2231 demonstratum
791 2197 853 2230 ivit
867 2196 945 2230 Mil-

243 2246 360 2287 lingen
393 2248 429 2279 in
470 2248 734 2289 Numismalique
768 2249 810 2280 de
843 2244 957 2279 ἴσως]

243 2297 337 2328 Ιιαλὶε
358 2306 393 2338 p.
419 2297 510 2339 228.)
558 2299 720 2331 Thurinus
753 2297 946 2340 opponitur

248 2346 401 2378 Thressae
430 2346 476 2378 illi
498 2356 532 2379 v.
559 2348 590 2380 9.
631 2365 666 2371 —
704 2348 835 2390 Calais]
872 2347 946 2379 De-

245 2395 328 2436 legit
361 2396 503 2428 nomina
536 2398 676 2438 poetica
710 2399 746 2430 et
788 2405 942 2431 sonora:

246 2444 376 2484 Calais,
430 2446 479 2477 uti
524 2446 769 2488 appellabatur
806 2448 944 2480 Boreae

247 2493 356 2534 filius,
383 2496 419 2526 et
442 2495 587 2535 Ornytus
601 2496 760 2539 Apollon.
778 2497 888 2530 Rhod.
909 2496 942 2536 2,

248 2543 300 2575 65.
327 2544 419 2585 Virg.
446 2546 532 2577 Aen.
563 2547 623 2586 44,
653 2547 728 2579 677.
764 2546 939 2579 Plutarch.

246 2592 350 2625 Thes.
368 2593 399 2625 8.
427 2594 497 2634 («In
520 2595 703 2628 hominum
726 2597 762 2629 et
782 2595 943 2629 locorum

247 2641 540 2682 appellationibus
563 2646 661 2685 grato
684 2654 771 2678 sono
795 2646 831 2678 et
846 2654 944 2678 men-

246 2698 352 2723 surae
376 2692 539 2726 versibus
556 2686 845 2728 accommodatae
861 2694 941 2737 plu-

993 1102 1125 1134 rimum
1149 1101 1291 1135 dedisse
1315 1103 1539 1145 Propertium
1561 1106 1693 1147 patet.»

994 1150 1189 1193 Hertzberg
1211 1153 1370 1194 Propert.
1395 1154 1422 1185 1.
1440 1161 1476 1195 p.
1495 1154 1570 1187 463.
1596 1154 1696 1188 Idem

994 1209 1076 1234 cum
1106 1201 1317 1234 iamdudum
1345 1201 1531 1244 aliquoties
1561 1204 1696 1245 signifi-

994 1259 1134 1283 cassem
1156 1251 1192 1283 in
1215 1251 1307 1284 fictis
1323 1252 1456 1284 Horatii
1475 1253 1693 1295 nominibus,

993 1301 1149 1333 riserunt
1162 1310 1222 1334 me
1238 1302 1402 1335 homines
1418 1302 1574 1336 nonnulli
1588 1300 1713 1337 sch0-‘

993 1349 1124 1390 lastici‚
1149 1350 1294 1384 auribus
1318 1351 1508 1394 carentes.)

1038 1400 1079 1432 45
1095 1417 1114 1423 -
1130 1400 1182 1433 48.
1230 1400 1279 1432 bis
1294 1401 1416 1441 patiar
1435 1401 1543 1444 mori]
1571 1402 1691 1444 Eurip.

994 1449 1107 1481 Orest.
1127 1449 1236 1482 4446ῑ
1271 1449 1348 1483 Καὶ
1371 1447 1452 1493 μὴν
1477 1447 1556 1483 τόδ’
1579 1446 1694 1498 Ξέρξας

993 1497 1051 1539 δὶς
1088 1498 1221 1531 θανεῖν
1265 1496 1312 1533 οὗ
1350 1499 1532 1543 χάζομαι.
1592 1500 1691 1534 Plato

992 1548 1091 1591 Apol.
1117 1549 1170 1582 30.
1201 1550 1261 1582 C.:
1293 1545 1372 1583 οὐδ’
1394 1551 1431 1583 εἰ
1449 1549 1576 1593 μέλλω
1600 1549 1701 1596 πολ.-4

992 1597 1102 1640 λάκις
1133 1596 1325 1632 τεθνάναι.
1365 1618 1403 1624 -
1435 1600 1570 1642 pmcn]
1598 1601 1690 1633 Raro

992 1657 1060 1682 usu
1074 1657 1139 1691 pro
1150 1649 1307 1690 pristino,
1333 1658 1489 1691 quocum
1502 1658 1582 1683 voc.
1600 1649 1686 1683 illud

993 1699 1185 1740 cognatum
1211 1700 1277 1732 est.
1326 1701 1469 1732 «Nonne
1495 1700 1606 1733 satius
1631 1699 1690 1740 sit,

994 1750 1023 1782 si
1053 1749 1223 1791 pristinus
1255 1758 1356 1782 amor
1391 1749 1520 1782 redeat
1552 1757 1691 1791 nosque

994 1807 1088 1831 nunc
1111 1798 1259 1831 discidio
1282 1799 1458 1832 diiunctos
1481 1807 1575 1832 nova
1605 1806 1695 1831 con-

994 1848 1113 1880 cordia
1135 1847 1233 1880 velut
1254 1848 1458 1881 firmissimo
1481 1849 1563 1890 iugo
1585 1856 1713 1893 copus

992 1897 1092 1930 let‘b»
1109 1915 1145 1920 —
1169 1897 1347 1940 Diductos]
1370 1898 1539 1931 Deductus
1551 1898 1692 1931 etiamsi

992 1947 1102 1980 habet
1129 1947 1249 1980 Codex
1273 1947 1457 1989 antiquiss.
1485 1948 1531 1989 B,
1571 1948 1693 1981 tamen

993 1998 1067 2029 tam
1092 2005 1302 2039 perversam
1327 1996 1518 2030 lectionem
1535 1996 1692 2039 probare

992 2055 1064 2078 non
1095 2045 1253 2079 debebat
1281 2045 1433 2080 Hauthal
1463 2046 1511 2079 ad
1539 2047 1638 2080 Pers.
1661 2046 1688 2079 1.

991 2104 1070 2137 pag.
1090 2095 1163 2128 490.
1196 2113 1232 2120 —-
1269 2095 1514 2139 tuac-aem]
1543 2095 1596 2129 Cf.
1624 2094 1688 2129 Od.

994 2146 1030 2185 4,
1056 2144 1117 2185 33,
1143 2146 1204 2178 44ε
1228 2146 1312 2188 {uqa
1333 2147 1452 2178 aenea.

1037 2195 1090 2228 49.
1126 2195 1305 2238 ementitur]
1339 2196 1478 2229 «oneris
1505 2195 1617 2229 instar
1643 2194 1710 2234 de,

993 2245 1113 2277 mente
1135 2253 1218 2278 mea
1239 2244 1397 2287 pellitur,
1430 2245 1522 2278 adeo
1551 2246 1592 2278 ut
1613 2245 1690 2278 eius

991 2303 1138 2337 prorsus
1167 2294 1389 2328 obliviscar.»
1433 2296 1554 2337 Imago
1579 2295 1690 2338 petita

992 2344 1133 2377 videtur
1166 2344 1211 2377 ab
1246 2353 1339 2387 equo
1367 2346 1551 2378 vectorem
1580 2353 1692 2378 excu-

994 2394 1114 2435 tiente,
1140 2393 1346 2435 deiiciente,
1371 2403 1439 2428 nec
1462 2394 1508 2428 de
1530 2395 1612 2436 iugo
1626 2402 1691 2426 ac-
1721 2415 1722 2418 =

994 2444 1214 2487 cipiendum:
1261 2445 1321 2486 qui
1362 2444 1460 2477 enim
1499 2452 1572 2477 uno
1607 2444 1690 2484 iugo

994 2495 1102 2528 iuncti
1138 2495 1221 2527 sunt
1256 2494 1365 2534 tauri,
1413 2492 1564 2527 alterum
1600 2492 1691 2526 alter

996 2546 1162 2578 excutere
1186 2543 1320 2585 nequit.
1359 2542 1468 2576 Aliter
1482 2542 1691 2585 interpreta-

994 2596 1052 2627 tur
1072 2592 1250 2626 Bentleius
1272 2592 1318 2626 ad
1339 2592 1404 2625 Od.
1421 2591 1456 2632 3,
1482 2592 1542 2632 45,
1566 2591 1605 2624 9:
1632 2591 1688 2624 «Si

996 2642 1103 2676 Chloe
1127 2651 1147 2675 e
1171 2642 1278 2675 domo
1302 2642 1455 2681 eiicitur;
1485 2641 1525 2673 ut
1545 2640 1685 2674 Terent.

993 2693 1082 2726 Eun.
1100 2693 1138 2733 2,
1156 2692 1191 2733 3,
1217 2692 1277 2724 67:
1301 2692 1406 2725 Homo
1421 2690 1689 2733 quatieturcorto
