1722 2904
651 112 653 114 Ι
699 69 870 101 HORATII
894 69 1119 102 CARMINUM

362 172 495 216 Iudex
525 172 752 216 honestum
782 171 983 230 praetulit
1011 171 1100 214 utili
1123 205 1130 221 ,

360 253 522 297 Reiecit
551 252 636 296 alto
667 253 782 296 dona
811 253 1057 296 nocentium

421 333 568 384 Voltu‚
602 348 680 391 per
710 334 929 377 obstantes
960 339 1155 376 catervas

475 414 685 472 Explicuit
715 428 793 457 sua
823 414 958 457 victor
988 427 1118 456 arma.

361 522 453 563 Non
483 520 777 577 possidentem
807 518 939 562 multa
967 519 1191 565 vocaveris

1586 520 1640 561 45

366 604 495 645 Recte
527 601 728 644 beatum:
762 600 921 643 rectius
952 607 1135 657 occupat

418 683 581 725 Nomen
611 681 754 731 beati,
787 680 862 738 qui
892 679 1075 724 deorum

475 761 724 805 Muneribus
756 761 974 818 sapienter
1003 762 1063 804 uti

279 920 333 953 4⁴.
357 920 431 952 utili
455 922 486 951 et
509 918 594 950 Cod.
621 919 775 951 Pottierii
803 918 1056 958 duodecimus,
1093 917 1220 958 Aldus,
1256 919 1327 951 LCt
1350 919 1385 951 et
1407 918 1596 952 Bentleius.

237 971 289 1011 (Ut
321 978 406 1009 nos,
441 968 582 1007 BbScd,
617 967 763 1000 Bentleii
798 976 944 1007 omnes,
981 969 1071 1000 Pott.
1097 967 1232 1009 ceteri.)
1259 986 1296 990 —
1322 967 1375 1001 43.
1406 977 1469 1008 per
1490 968 1598 1007 bScd,

235 1019 381 1052 Bentleii
411 1021 447 1051 et
474 1018 629 1051 Pottierii
659 1026 801 1050 omnes:
837 1021 869 1050 et
885 1026 950 1058 per
971 1015 1097 1058 Aldus,
1134 1018 1248 1050 LCtM.

192 1155 319 1188 Similis
344 1156 399 1188 est
422 1155 596 1188 sententia
620 1154 684 1187 Od.
703 1154 740 1194 3,
763 1155 783 1187 2
800 1180 807 1194 ,
826 1155 890 1186 49:

190 1206 258 1237 Nec
280 1206 380 1237 sumit
402 1208 463 1237 aut
479 1205 577 1245 ponit
598 1213 726 1236 secures
747 1204 893 1236 Arbitrio

186 1255 366 1296 popularis
400 1264 518 1286 aurae.
583 1255 702 1286 «Vero
748 1254 891 1286 nomine

192 1304 338 1344 consul,
370 1306 405 1336 et
433 1304 628 1346 perpetuus
653 1303 817 1344 quidem,
854 1305 893 1336 tu

192 1363 249 1393 es,
287 1354 442 1395 fungeris
477 1354 645 1394 dignitate
679 1362 766 1385 vere
805 1361 894 1385 con-

191 1403 321 1444 sulari,
360 1404 644 1445 quotiescunque
679 1402 835 1435 iudicem
857 1404 892 1435 te

191 1453 347 1495 praebes
384 1453 539 1495 probum
577 1454 684 1494 atque
731 1453 894 1484 incorru-

191 1505 329 1545 ptum.»

237 1553 290 1586 44.
315 1552 439 1594 Iudex]
464 1553 498 1584 h.
526 1551 548 1584 l.
574 1553 740 1594 proprie:
774 1560 893 1584 «unus

192 1603 237 1635 de
268 1602 445 1635 iudicibus
476 1601 650 1635 selectis»
689 1602 769 1642 (Sat.
797 1602 833 1641 4,
858 1601 892 1641 4,

195 1652 298 1692 423.);
325 1661 396 1684 non
410 1660 518 1684 vero:
546 1652 626 1693 «qui
644 1652 835 1684 honestum
851 1660 893 1683 ac

191 1700 379 1743 probabile
404 1701 473 1733 fert
487 1700 656 1733 iudicium
673 1701 717 1733 de
735 1700 894 1742 quolibet

191 1751 287 1784 bono
310 1750 367 1783 vel
384 1750 477 1783 malo
495 1752 641 1783 externo
653 1776 661 1791 ,
688 1749 732 1783 de
750 1750 891 1789 divitiis,

191 1800 237 1833 de
251 1801 462 1842 paupertate
480 1802 571 1832 cet.»
588 1819 624 1823 —
644 1801 712 1832 alto
724 1818 773 1824 --
791 1800 893 1841 Voltu]

193 1859 284 1882 «non
318 1849 363 1881 ad
400 1850 592 1891 pecuniam
630 1849 790 1893 oblatam
829 1849 895 1882 de—

191 1899 302 1939 flexo,
328 1899 394 1931 sed
418 1900 518 1932 cuius
542 1898 723 1931 liberrima
739 1899 897 1940 indigna-

191 1949 239 1980 tio
274 1950 397 1990 aperte
432 1950 609 1981 monstret
642 1950 678 1980 te
714 1958 758 1981 ex
786 1949 894 1980 animi

192 1999 367 2030 sententia
390 1999 546 2031 sontium
563 1998 655 2030 dona
673 1999 892 2040 aspernari.»

195 2065 228 2071 —
259 2047 370 2080 Codd.
397 2048 470 2079 noti
487 2073 494 2087 ‚
543 2048 650 2080 etiam
674 2048 766 2087 mei,
803 2047 893 2079 miro

193 2105 371 2129 consensu
394 2097 571 2139 praebent
592 2094 783 2129 ἀσύνδετα
805 2097 893 2136 utili,

191 2147 311 2178 Reiecit
344 2155 409 2188 pro
437 2147 513 2178 utili
546 2150 577 2178 et
598 2147 740 2186 Reiecit,
780 2147 892 2186 Voltu,

187 2205 271 2236 per,
296 2205 362 2238 pro
389 2197 484 2228 Voltu
506 2199 536 2228 et
553 2205 629 2237 per.
676 2197 719 2228 Et
742 2205 761 2228 a
779 2195 891 2228 Codd.

192 2246 359 2279 standum
392 2245 566 2285 arbitror3
607 2246 733 2285 quoties
766 2246 812 2278 ad
835 2254 895 2278 se-

192 2295 351 2327 cundum
374 2296 588 2336 tertiumque
612 2294 819 2327 membrum
840 2304 897 2327 re-

192 2339 390 2386 petendum
413 2346 485 2384 est,
510 2345 549 2376 ut
571 2345 600 2376 si
622 2338 686 2376 Οᾶ.
712 2344 749 2383 3,
774 2343 834 2384 24,
852 2344 894 2377 40

193 2402 318 2434 seqq,
343 2394 390 2425 sic
414 2393 476 2426 Od.
503 2393 542 2433 4,
568 2394 605 2433 8,
631 2393 685 2425 34.
726 2392 894 2426 Consulto

193 2443 335 2475 duriore
369 2444 438 2475 hoc
461 2443 569 2475 modo
603 2444 699 2475 auxit
721 2443 895 2475 severita—

193 2493 267 2524 tem
290 2494 488 2525 sententiae
512 2493 662 2526 Stoicae.

236 2541 290 2574 43.
327 2541 381 2575 44.
418 2542 590 2583 catervas]
622 2543 712 2582 Eos,
739 2542 799 2583 qui
821 2542 895 2574 vir—

194 2591 258 2622 tuti
286 2592 391 2632 atque
421 2592 609 2632 integritati
641 2591 766 2624 iudicis
790 2591 893 2623 donis

195 2639 401 2673 insidiantur
417 2640 566 2682 eiusque
594 2640 805 2684 cupiditates
831 2649 894 2672 ex-

944 1155 1051 1186 citare
1087 1155 1281 1195 conantur,
1319 1154 1482 1195 adeoque
1516 1163 1644 1197 pravas

944 1204 1153 1246 cupiditates
1170 1205 1264 1246 ipsas
1275 1229 1283 1244 ,
1301 1203 1395 1236 nulla
1411 1204 1530 1236 addita
1542 1210 1646 1236 'com-

943 1254 1133 1295 parationis
1167 1253 1362 1295 particula,
1399 1253 1536 1286 confert
1559 1262 1642 1286 cum

943 1303 1100 1336 hostium
1124 1304 1294 1343 catervis,
1319 1312 1386 1345 per
1408 1312 1498 1344 quas
1521 1303 1647 1335 destri-

944 1354 1001 1385 cto
1025 1352 1140 1394 gladio
1163 1353 1356 1395 aperienda
1385 1353 1431 1386 sit
1452 1353 1531 1392 via3
1568 1353 1644 1386 sine

942 1403 1117 1443 imagine:
1157 1403 1322 1444 «quoties
1352 1403 1517 1435 removet
1549 1411 1571 1434 a
1605 1410 1644 1435 se

944 1453 1174 1494 corruptores
1197 1460 1338 1484 summa
1361 1452 1397 1484 in
1421 1460 1484 1484 eos
1499 1452 1646 1484 austeri-

943 1502 1015 1533 tate
1050 1509 1136 1533 usus
1160 1501 1367 1542 fortiterque
1391 1509 1475 1533 suas
1498 1509 1642 1542 quoque

943 1551 1094 1583 domans
1119 1550 1364 1592 cupiditates.»
1398 1550 1553 1583 Virtutes
1571 1554 1645 1582 ‘au-

944 1602 1017 1633 tem
1039 1601 1223 1633 victoriam
1247 1599 1293 1632 de
1316 1600 1408 1632 vitiis
1431 1600 1538 1640 atque
1562 1607 1645 1631 cor-

944 1651 1105 1692 ruptione
1130 1650 1286 1682 ferentes
1309 1649 1416 1681 armis
1447 1650 1639 1690 comparat.

947 1717 984 1723 —
1008 1699 1199 1741 Eoeplicuit]
1235 1699 1271 1731 in
1293 1707 1400 1740 prosa
1431 1707 1484 1730 or.
1512 1706 1645 1740 «expe-

945 1749 1064 1781 divit.»

989 1822 1128 1855 46-50.
1155 1822 1316 1864 occupat]
1342 1821 1430 1855 «sibi
1453 1821 1642 1854 vindicat.»

947 1891 983 1896 —
1002 1873 1140 1904 deorum
1153 1871 1357 1913 Muneribus]
1383 1873 1499 1904 «sorte
1516 1871 1645 1904 divini-

944 1923 1001 1954 tus
1018 1922 1117 1961 data,
1146 1922 1254 1954 etiam
1275 1922 1393 1954 minus
1419 1920 1643 1954 commoda.»

947 1973 1047 2003 Hom.
1078 1972 1209 2012 Hymn.
1238 1971 1274 2003 in
1301 1971 1381 2003 Cer.
1412 1970 1498 2003 ⁴47:
1523 1970 1643 2010 Μαῖα,

944 2018 1045 2053 θεῶν
1088 2019 1161 2062 μὲν
1195 2016 1299 2065 δῶρα
1332 2019 1399 2051 καὶ
1432 2015 1646 2062 ἀχνύμενοί

945 2079 1014 2116 περ
1036 2065 1186 2116 ἀνάγκῃ
1210 2067 1401 2111 Τέτλαμειι
1431 2064 1643 2115 ἅνθρωποι·

943 2116 995 2163 δή
1026 2117 1100 2166 γὰρ
1134 2116 1231 2151 πολὺ
1266 2119 1445 2165 φέρτεροί
1480 2120 1567 2151 εἰσι.
1605 2137 1643 2142 -

943 2169 1282 2210 Ρεῑαεᾳαο--ιὶηιθῆ
1317 2169 1406 2210 Epp.
1433 2169 1472 2209 ⁴,
1500 2169 1553 2208 ⁴7,
1582 2168 1642 2200 30:

943 2220 1050 2253 Mileti
1083 2221 1211 2251 textam
1243 2227 1327 2251 cane
1353 2219 1453 2259 peius
1481 2221 1513 2250 et
1541 2218 1646 2259 anyui

948 2269 1068 2302 Vitabit
1095 2269 1312 2308 chlamydem.
1359 2268 1421 2300 Est
1443 2276 1463 2299 e
1492 2275 1646 2300 consue—

945 2318 1066 2351 tudine
1090 2317 1264 2359 populari.
1313 2317 1385 2349 Cic.
1411 2316 1457 2348 ad
1480 2317 1576 2348 Fam.
1602 2316 1642 2355 7,

944 2369 988 2400 2:
1026 2367 1163 2399 oderam
1192 2366 1296 2398 multo
1316 2366 1415 2406 peius
1434 2366 1520 2398 hunc
1543 2373 1646 2406 quam

944 2418 1060 2457 illum,
1086 2416 1351 2458 respondetque
1383 2414 1545 2457 populari
1578 2422 1645 2447 no-

945 2468 1039 2500 stro:
1066 2469 1169 2507 dryer
1189 2466 1352 2507 titrchten.

988 2541 1043 2573 54.
1080 2541 1133 2573 52.
1177 2540 1398 2572 «Stoicorum
1420 2537 1478 2571 ille
1502 2538 1644 2580 sapiens

943 2590 1122 2633 perfectus
1147 2590 1258 2631 (cuius
1285 2589 1444 2630 speciem
1467 2588 1550 2620 inde
1571 2596 1591 2619 a
1606 2597 1640 2620 v.

943 2640 997 2672 34.
1034 2638 1140 2672 Lollio
1175 2637 1340 2679 exhibet)
1383 2637 1639 2680 turpitudinem
