<?xml version="1.0" encoding="UTF-8"?>
<!DOCTYPE html PUBLIC "-//W3C//DTD XHTML 1.0 Transitional//EN"
    "http://www.w3.org/TR/xhtml1/DTD/xhtml1-transitional.dtd">
<html xmlns="http://www.w3.org/1999/xhtml" xml:lang="en" lang="en">
 <head>
  <title>
</title>
<meta http-equiv="Content-Type" content="text/html;charset=utf-8" />
  <meta name='ocr-system' content='tesseract 3.04.00' />
  <meta name='ocr-capabilities' content='ocr_page ocr_carea ocr_par ocr_line ocrx_word'/>
</head>
<body>
  <div class='ocr_page' id='page_1' title='image "./qhoratiusflaccus12horauoft_0754.png"; bbox 0 0 1722 2904; ppageno 0'>
   <div class='ocr_carea' id='block_1_1' title="bbox 184 79 266 121">
    <p class='ocr_par' dir='ltr' id='par_1_1' title="bbox 184 79 266 121">
     <span class='ocr_line' id='line_1_1' title="bbox 184 79 266 121; baseline 0.024 -2"><span class='ocrx_word' id='word_1_1' title='bbox 184 79 266 121; x_wconf 82' lang='lat'>706</span> 
     </span>
    </p>
   </div>
   <div class='ocr_carea' id='block_1_2' title="bbox 723 80 1089 113">
    <p class='ocr_par' dir='ltr' id='par_1_2' title="bbox 723 80 1089 113">
     <span class='ocr_line' id='line_1_2' title="bbox 723 80 1089 113; baseline 0 -1"><span class='ocrx_word' id='word_1_2' title='bbox 723 80 894 112; x_wconf 83' lang='lat' dir='ltr'>HORATII</span> <span class='ocrx_word' id='word_1_3' title='bbox 917 80 1089 113; x_wconf 86' lang='lat' dir='ltr'>EPODON</span> 
     </span>
    </p>
   </div>
   <div class='ocr_carea' id='block_1_3' title="bbox 350 183 1332 241">
    <p class='ocr_par' dir='ltr' id='par_1_3' title="bbox 350 183 1332 241">
     <span class='ocr_line' id='line_1_3' title="bbox 350 183 1332 241; baseline 0.001 -14"><span class='ocrx_word' id='word_1_4' title='bbox 350 186 380 227; x_wconf 92' lang='lat' dir='ltr'>F</span> <span class='ocrx_word' id='word_1_5' title='bbox 383 183 598 227; x_wconf 86' lang='lat' dir='ltr'>ervidiore</span> <span class='ocrx_word' id='word_1_6' title='bbox 631 198 752 227; x_wconf 89' lang='lat' dir='ltr'>mero</span> <span class='ocrx_word' id='word_1_7' title='bbox 786 198 944 228; x_wconf 89' lang='lat' dir='ltr'>arcana</span> <span class='ocrx_word' id='word_1_8' title='bbox 972 191 1193 241; x_wconf 89' lang='lat' dir='ltr'>promorat</span> <span class='ocrx_word' id='word_1_9' title='bbox 1223 184 1332 229; x_wconf 91' lang='lat' dir='ltr'>loco.</span> 
     </span>
    </p>
   </div>
   <div class='ocr_carea' id='block_1_4' title="bbox 296 265 1632 322">
    <p class='ocr_par' dir='ltr' id='par_1_4' title="bbox 296 265 1632 322">
     <span class='ocr_line' id='line_1_4' title="bbox 296 265 1632 322; baseline 0.001 -14"><span class='ocrx_word' id='word_1_10' title='bbox 296 265 461 318; x_wconf 86' lang='lat' dir='ltr'>Quodsi</span> <span class='ocrx_word' id='word_1_11' title='bbox 492 266 601 309; x_wconf 88' lang='lat' dir='ltr'>meis</span> <span class='ocrx_word' id='word_1_12' title='bbox 633 266 848 309; x_wconf 80' lang='lat' dir='ltr'>inaestuet</span> <span class='ocrx_word' id='word_1_13' title='bbox 876 265 1146 322; x_wconf 81' lang='lat' dir='ltr'>praecordiis</span> <span class='ocrx_word' id='word_1_14' title='bbox 1432 303 1433 306; x_wconf 68' lang='grc'><strong>,</strong></span> <span class='ocrx_word' id='word_1_15' title='bbox 1579 266 1632 309; x_wconf 83' lang='grc'>45</span> 
     </span>
    </p>
   </div>
   <div class='ocr_carea' id='block_1_5' title="bbox 280 346 1423 404">
    <p class='ocr_par' dir='ltr' id='par_1_5' title="bbox 280 346 1423 404">
     <span class='ocr_line' id='line_1_5' title="bbox 280 346 1423 404; baseline 0.002 -15"><span class='ocrx_word' id='word_1_16' title='bbox 280 397 287 403; x_wconf 30' lang='lat'><strong>⁴</strong></span> <span class='ocrx_word' id='word_1_17' title='bbox 350 346 505 391; x_wconf 88' lang='lat' dir='ltr'>Libera</span> <span class='ocrx_word' id='word_1_18' title='bbox 534 346 652 398; x_wconf 92' lang='lat' dir='ltr'>bilis,</span> <span class='ocrx_word' id='word_1_19' title='bbox 685 353 732 390; x_wconf 85' lang='lat' dir='ltr'>ut</span> <span class='ocrx_word' id='word_1_20' title='bbox 761 346 869 390; x_wconf 88' lang='lat' dir='ltr'>haec</span> <span class='ocrx_word' id='word_1_21' title='bbox 899 347 1062 404; x_wconf 81' lang='lat' dir='ltr'>ingrata</span> <span class='ocrx_word' id='word_1_22' title='bbox 1093 347 1230 391; x_wconf 90' lang='lat' dir='ltr'>ventis</span> <span class='ocrx_word' id='word_1_23' title='bbox 1260 347 1423 391; x_wconf 85' lang='lat' dir='ltr'>dividat</span> 
     </span>
    </p>
   </div>
   <div class='ocr_carea' id='block_1_6' title="bbox 294 427 1198 479">
    <p class='ocr_par' dir='ltr' id='par_1_6' title="bbox 294 427 1198 479">
     <span class='ocr_line' id='line_1_6' title="bbox 294 427 1198 479; baseline 0.001 -8"><span class='ocrx_word' id='word_1_24' title='bbox 294 430 497 472; x_wconf 84' lang='lat' dir='ltr'>Fomenta</span> <span class='ocrx_word' id='word_1_25' title='bbox 527 428 680 471; x_wconf 91' lang='lat' dir='ltr'>volnus</span> <span class='ocrx_word' id='word_1_26' title='bbox 710 427 767 470; x_wconf 87' lang='lat' dir='ltr'>nil</span> <span class='ocrx_word' id='word_1_27' title='bbox 797 427 958 472; x_wconf 91' lang='lat' dir='ltr'>malum</span> <span class='ocrx_word' id='word_1_28' title='bbox 988 427 1198 479; x_wconf 84' lang='lat' dir='ltr'>levantia,</span> 
     </span>
    </p>
   </div>
   <div class='ocr_carea' id='block_1_7' title="bbox 349 509 1444 568">
    <p class='ocr_par' dir='ltr' id='par_1_7' title="bbox 349 509 1444 568">
     <span class='ocr_line' id='line_1_7' title="bbox 349 509 1444 568; baseline 0 -16"><span class='ocrx_word' id='word_1_29' title='bbox 349 511 528 554; x_wconf 87' lang='lat' dir='ltr'>Desinet</span> <span class='ocrx_word' id='word_1_30' title='bbox 557 509 792 567; x_wconf 86' lang='lat' dir='ltr'>imparibus</span> <span class='ocrx_word' id='word_1_31' title='bbox 823 516 990 553; x_wconf 87' lang='lat' dir='ltr'>certare</span> <span class='ocrx_word' id='word_1_32' title='bbox 1020 516 1259 554; x_wconf 88' lang='lat' dir='ltr'>summotus</span> <span class='ocrx_word' id='word_1_33' title='bbox 1288 509 1444 568; x_wconf 91' lang='lat' dir='ltr'>pudor.</span> 
     </span>
    </p>
   </div>
   <div class='ocr_carea' id='block_1_8' title="bbox 295 590 1298 648">
    <p class='ocr_par' dir='ltr' id='par_1_8' title="bbox 295 590 1298 648">
     <span class='ocr_line' id='line_1_8' title="bbox 295 590 1298 648; baseline 0 -13"><span class='ocrx_word' id='word_1_34' title='bbox 295 591 374 635; x_wconf 90' lang='lat' dir='ltr'>Ubi</span> <span class='ocrx_word' id='word_1_35' title='bbox 404 591 513 634; x_wconf 88' lang='lat' dir='ltr'>haec</span> <span class='ocrx_word' id='word_1_36' title='bbox 542 605 723 634; x_wconf 91' lang='lat' dir='ltr'>severus</span> <span class='ocrx_word' id='word_1_37' title='bbox 753 597 794 634; x_wconf 88' lang='lat' dir='ltr'>te</span> <span class='ocrx_word' id='word_1_38' title='bbox 825 590 966 648; x_wconf 88' lang='lat' dir='ltr'>palam</span> <span class='ocrx_word' id='word_1_39' title='bbox 997 590 1298 642; x_wconf 87' lang='lat' dir='ltr'>laudaveram,</span> 
     </span>
    </p>
   </div>
   <div class='ocr_carea' id='block_1_9' title="bbox 269 733 791 768">
    <p class='ocr_par' dir='ltr' id='par_1_9' title="bbox 269 733 791 768">
     <span class='ocr_line' id='line_1_9' title="bbox 269 733 791 768; baseline -0.004 0"><span class='ocrx_word' id='word_1_40' title='bbox 269 735 320 768; x_wconf 74' lang='grc'>44.</span> <span class='ocrx_word' id='word_1_41' title='bbox 349 735 545 767; x_wconf 79' lang='lat' dir='ltr'>Fervidiora</span> <span class='ocrx_word' id='word_1_42' title='bbox 566 733 727 767; x_wconf 83' lang='lat' dir='ltr'>Aldinae.</span> <span class='ocrx_word' id='word_1_43' title='bbox 755 753 791 758; x_wconf 87' lang='lat'>—</span> 
     </span>
    </p>
   </div>
   <div class='ocr_carea' id='block_1_10' title="bbox 829 734 1582 769">
    <p class='ocr_par' dir='ltr' id='par_1_10' title="bbox 829 734 1582 769">
     <span class='ocr_line' id='line_1_10' title="bbox 829 734 1582 769; baseline 0.003 -2"><span class='ocrx_word' id='word_1_44' title='bbox 829 736 882 767; x_wconf 82' lang='grc'>45.</span> <span class='ocrx_word' id='word_1_45' title='bbox 907 736 1075 768; x_wconf 78' lang='lat' dir='ltr'>inaestuat</span> <span class='ocrx_word' id='word_1_46' title='bbox 1097 734 1156 768; x_wconf 87' lang='lat' dir='ltr'>bc.</span> <span class='ocrx_word' id='word_1_47' title='bbox 1185 754 1221 759; x_wconf 91' lang='lat'>—-</span> <span class='ocrx_word' id='word_1_48' title='bbox 1253 736 1307 768; x_wconf 87' lang='grc'>46.</span> <span class='ocrx_word' id='word_1_49' title='bbox 1330 739 1447 768; x_wconf 73' lang='lat' dir='ltr'>ventus</span> <span class='ocrx_word' id='word_1_50' title='bbox 1469 736 1582 769; x_wconf 90' lang='lat' dir='ltr'>Codd.</span> 
     </span>
    </p>
   </div>
   <div class='ocr_carea' id='block_1_11' title="bbox 222 784 1589 876">
    <p class='ocr_par' dir='ltr' id='par_1_11' title="bbox 222 784 1589 876">
     <span class='ocr_line' id='line_1_11' title="bbox 224 784 1589 827; baseline 0.001 -10"><span class='ocrx_word' id='word_1_51' title='bbox 224 785 330 827; x_wconf 88' lang='lat' dir='ltr'>aliq.,</span> <span class='ocrx_word' id='word_1_52' title='bbox 359 786 465 817; x_wconf 79' lang='lat' dir='ltr'>Venus</span> <span class='ocrx_word' id='word_1_53' title='bbox 487 786 576 816; x_wconf 90' lang='lat' dir='ltr'>Pott.</span> <span class='ocrx_word' id='word_1_54' title='bbox 603 785 639 824; x_wconf 81' lang='grc'>4,</span> <span class='ocrx_word' id='word_1_55' title='bbox 666 784 703 824; x_wconf 91' lang='grc'>3,</span> <span class='ocrx_word' id='word_1_56' title='bbox 728 784 783 816; x_wconf 90' lang='grc'>22.</span> <span class='ocrx_word' id='word_1_57' title='bbox 811 785 865 826; x_wconf 87' lang='lat' dir='ltr'>(Ut</span> <span class='ocrx_word' id='word_1_58' title='bbox 887 793 977 825; x_wconf 90' lang='lat' dir='ltr'>nos,</span> <span class='ocrx_word' id='word_1_59' title='bbox 1003 785 1140 826; x_wconf 81' lang='lat' dir='ltr'>nostri.)</span> <span class='ocrx_word' id='word_1_60' title='bbox 1161 804 1196 809; x_wconf 92' lang='lat'><em>-</em></span> <span class='ocrx_word' id='word_1_61' title='bbox 1224 786 1277 818; x_wconf 81' lang='lat'>⁴7.</span> <span class='ocrx_word' id='word_1_62' title='bbox 1302 786 1484 819; x_wconf 73' lang='lat' dir='ltr'>allevantia</span> <span class='ocrx_word' id='word_1_63' title='bbox 1506 794 1589 819; x_wconf 87' lang='lat' dir='ltr'>cum</span> 
     </span>
     <span class='ocr_line' id='line_1_12' title="bbox 222 834 1007 876; baseline -0.001 -8"><span class='ocrx_word' id='word_1_64' title='bbox 222 835 332 868; x_wconf 93' lang='lat' dir='ltr'>Codd.</span> <span class='ocrx_word' id='word_1_65' title='bbox 359 834 438 876; x_wconf 89' lang='lat' dir='ltr'>aliq.</span> <span class='ocrx_word' id='word_1_66' title='bbox 466 834 669 867; x_wconf 83' lang='lat' dir='ltr'>Glareanus.</span> <span class='ocrx_word' id='word_1_67' title='bbox 701 851 735 857; x_wconf 96' lang='lat'>—</span> <span class='ocrx_word' id='word_1_68' title='bbox 763 834 939 875; x_wconf 79' lang='lat' dir='ltr'>inparibus</span> <span class='ocrx_word' id='word_1_69' title='bbox 962 836 1007 867; x_wconf 93' lang='lat' dir='ltr'>T.</span> 
     </span>
    </p>
   </div>
   <div class='ocr_carea' id='block_1_12' title="bbox 179 970 1633 1013">
    <p class='ocr_par' dir='ltr' id='par_1_12' title="bbox 179 970 1633 1013">
     <span class='ocr_line' id='line_1_13' title="bbox 179 970 1633 1013; baseline 0.001 -8"><span class='ocrx_word' id='word_1_70' title='bbox 179 973 294 1005; x_wconf 89' lang='lat' dir='ltr'>omnis</span> <span class='ocrx_word' id='word_1_71' title='bbox 316 971 533 1004; x_wconf 85' lang='lat' dir='ltr'>verecundia</span> <span class='ocrx_word' id='word_1_72' title='bbox 561 970 747 1004; x_wconf 88' lang='lat' dir='ltr'>elabitur.»</span> <span class='ocrx_word' id='word_1_73' title='bbox 784 971 879 1004; x_wconf 89' lang='lat' dir='ltr'>Con·</span> <span class='ocrx_word' id='word_1_74' title='bbox 934 971 1039 1003; x_wconf 81' lang='lat' dir='ltr'>Verba</span> <span class='ocrx_word' id='word_1_75' title='bbox 1059 971 1173 1013; x_wconf 67' lang='lat' dir='ltr'>fertmt</span> <span class='ocrx_word' id='word_1_76' title='bbox 1197 973 1267 1004; x_wconf 87' lang='lat' dir='ltr'>cet.</span> <span class='ocrx_word' id='word_1_77' title='bbox 1307 972 1390 1005; x_wconf 85' lang='lat' dir='ltr'>Her.</span> <span class='ocrx_word' id='word_1_78' title='bbox 1409 972 1471 1013; x_wconf 77' lang='grc'>45,</span> <span class='ocrx_word' id='word_1_79' title='bbox 1495 972 1578 1006; x_wconf 77' lang='lat'><strong>208:</strong></span> <span class='ocrx_word' id='word_1_80' title='bbox 1603 976 1633 1006; x_wconf 78' lang='lat' dir='ltr'>et</span> 
     </span>
    </p>
   </div>
   <div class='ocr_carea' id='block_1_13' title="bbox 177 1021 879 1203">
    <p class='ocr_par' dir='ltr' id='par_1_13' title="bbox 177 1021 879 1203">
     <span class='ocr_line' id='line_1_14' title="bbox 179 1021 876 1061; baseline -0.003 -7"><span class='ocrx_word' id='word_1_81' title='bbox 179 1023 326 1055; x_wconf 90' lang='lat' dir='ltr'>trarium</span> <span class='ocrx_word' id='word_1_82' title='bbox 343 1031 407 1054; x_wconf 93' lang='lat' dir='ltr'>suo</span> <span class='ocrx_word' id='word_1_83' title='bbox 431 1021 510 1054; x_wconf 88' lang='lat' dir='ltr'>loco</span> <span class='ocrx_word' id='word_1_84' title='bbox 527 1023 581 1054; x_wconf 88' lang='lat' dir='ltr'>est</span> <span class='ocrx_word' id='word_1_85' title='bbox 603 1021 667 1054; x_wconf 94' lang='lat' dir='ltr'>Od.</span> <span class='ocrx_word' id='word_1_86' title='bbox 689 1021 726 1061; x_wconf 82' lang='grc'>4,</span> <span class='ocrx_word' id='word_1_87' title='bbox 751 1021 812 1061; x_wconf 83' lang='grc'>27,</span> <span class='ocrx_word' id='word_1_88' title='bbox 838 1021 876 1053; x_wconf 88' lang='lat'>3:</span> 
     </span>
     <span class='ocr_line' id='line_1_15' title="bbox 177 1071 878 1112; baseline -0.003 -8"><span class='ocrx_word' id='word_1_89' title='bbox 177 1073 464 1112; x_wconf 76' lang='lat' dir='ltr'>verecundamque</span> <span class='ocrx_word' id='word_1_90' title='bbox 495 1072 673 1103; x_wconf 80' lang='lat' dir='ltr'>Bacchwm.</span> <span class='ocrx_word' id='word_1_91' title='bbox 711 1088 746 1094; x_wconf 90' lang='lat'>—</span> <span class='ocrx_word' id='word_1_92' title='bbox 785 1071 878 1112; x_wconf 84' lang='lat' dir='ltr'>loco]</span> 
     </span>
     <span class='ocr_line' id='line_1_16' title="bbox 179 1120 879 1160; baseline -0.003 -6"><span class='ocrx_word' id='word_1_93' title='bbox 179 1130 242 1154; x_wconf 85' lang='lat' dir='ltr'>«ex</span> <span class='ocrx_word' id='word_1_94' title='bbox 267 1122 389 1154; x_wconf 87' lang='lat' dir='ltr'>intimo</span> <span class='ocrx_word' id='word_1_95' title='bbox 409 1122 527 1153; x_wconf 91' lang='lat' dir='ltr'>animo</span> <span class='ocrx_word' id='word_1_96' title='bbox 540 1147 547 1160; x_wconf 88' lang='lat'>,</span> <span class='ocrx_word' id='word_1_97' title='bbox 572 1120 634 1153; x_wconf 92' lang='lat' dir='ltr'>ubi</span> <span class='ocrx_word' id='word_1_98' title='bbox 657 1121 730 1153; x_wconf 91' lang='lat' dir='ltr'>mei</span> <span class='ocrx_word' id='word_1_99' title='bbox 747 1121 879 1153; x_wconf 88' lang='lat' dir='ltr'>amoris</span> 
     </span>
     <span class='ocr_line' id='line_1_17' title="bbox 179 1170 631 1203; baseline -0.007 0"><span class='ocrx_word' id='word_1_100' title='bbox 179 1179 308 1203; x_wconf 89' lang='lat' dir='ltr'>arcana</span> <span class='ocrx_word' id='word_1_101' title='bbox 331 1170 472 1203; x_wconf 85' lang='lat' dir='ltr'>condita</span> <span class='ocrx_word' id='word_1_102' title='bbox 496 1171 631 1203; x_wconf 87' lang='lat' dir='ltr'>erant.»</span> 
     </span>
    </p>
   </div>
   <div class='ocr_carea' id='block_1_14' title="bbox 929 1021 1634 1213">
    <p class='ocr_par' dir='ltr' id='par_1_14' title="bbox 929 1021 1634 1213">
     <span class='ocr_line' id='line_1_18' title="bbox 930 1021 1630 1064; baseline 0.003 -12"><span class='ocrx_word' id='word_1_103' title='bbox 930 1021 1070 1061; x_wconf 75' lang='lat' dir='ltr'>Zephyri</span> <span class='ocrx_word' id='word_1_104' title='bbox 1105 1021 1207 1054; x_wconf 86' lang='lat' dir='ltr'>verba</span> <span class='ocrx_word' id='word_1_105' title='bbox 1249 1021 1379 1054; x_wconf 78' lang='lat' dir='ltr'>caduca</span> <span class='ocrx_word' id='word_1_106' title='bbox 1413 1021 1557 1064; x_wconf 75' lang='lat' dir='ltr'>serum?</span> <span class='ocrx_word' id='word_1_107' title='bbox 1594 1041 1630 1046; x_wconf 91' lang='lat'>—</span> 
     </span>
     <span class='ocr_line' id='line_1_19' title="bbox 930 1070 1631 1113; baseline 0.006 -12"><span class='ocrx_word' id='word_1_108' title='bbox 930 1070 1107 1112; x_wconf 81' lang='lat' dir='ltr'>Fomenta]</span> <span class='ocrx_word' id='word_1_109' title='bbox 1137 1071 1283 1113; x_wconf 85' lang='lat' dir='ltr'>Proprie</span> <span class='ocrx_word' id='word_1_110' title='bbox 1318 1071 1387 1104; x_wconf 90' lang='lat' dir='ltr'>hoc</span> <span class='ocrx_word' id='word_1_111' title='bbox 1410 1070 1631 1105; x_wconf 83' lang='lat' dir='ltr'>medicorum</span> 
     </span>
     <span class='ocr_line' id='line_1_20' title="bbox 930 1115 1632 1164; baseline 0.003 -13"><span class='ocrx_word' id='word_1_112' title='bbox 930 1118 1106 1151; x_wconf 89' lang='lat' dir='ltr'>vocabulo</span> <span class='ocrx_word' id='word_1_113' title='bbox 1162 1119 1176 1161; x_wconf 92' lang='lat'><em>(</em></span> <span class='ocrx_word' id='word_1_114' title='bbox 1188 1119 1362 1160; x_wconf 74' lang='lat' dir='ltr'>Verband,</span> <span class='ocrx_word' id='word_1_115' title='bbox 1423 1115 1632 1164; x_wconf 70' lang='lat' dir='ltr'>Umschldqe)</span> 
     </span>
     <span class='ocr_line' id='line_1_21' title="bbox 929 1169 1634 1213; baseline 0.004 -13"><span class='ocrx_word' id='word_1_116' title='bbox 929 1177 1017 1201; x_wconf 89' lang='lat' dir='ltr'>usus</span> <span class='ocrx_word' id='word_1_117' title='bbox 1053 1170 1107 1201; x_wconf 86' lang='lat' dir='ltr'>est</span> <span class='ocrx_word' id='word_1_118' title='bbox 1140 1169 1228 1211; x_wconf 90' lang='lat' dir='ltr'>Epp.</span> <span class='ocrx_word' id='word_1_119' title='bbox 1261 1171 1300 1210; x_wconf 87' lang='grc'>4,</span> <span class='ocrx_word' id='word_1_120' title='bbox 1325 1170 1364 1210; x_wconf 85' lang='grc'>2,</span> <span class='ocrx_word' id='word_1_121' title='bbox 1389 1171 1447 1203; x_wconf 78' lang='lat'>52:</span> <span class='ocrx_word' id='word_1_122' title='bbox 1485 1171 1634 1213; x_wconf 76' lang='lat' dir='ltr'>[omenta</span> 
     </span>
    </p>
   </div>
   <div class='ocr_carea' id='block_1_15' title="bbox 223 1218 1630 1263">
    <p class='ocr_par' dir='ltr' id='par_1_15' title="bbox 223 1218 1630 1263">
     <span class='ocr_line' id='line_1_22' title="bbox 223 1218 1630 1263; baseline 0.001 -10"><span class='ocrx_word' id='word_1_123' title='bbox 223 1221 359 1253; x_wconf 83' lang='grc'>45-48.</span> <span class='ocrx_word' id='word_1_124' title='bbox 396 1221 570 1261; x_wconf 78' lang='lat' dir='ltr'>inaestuet]</span> <span class='ocrx_word' id='word_1_125' title='bbox 606 1219 878 1260; x_wconf 85' lang='lat' dir='ltr'>«incandescat,</span> <span class='ocrx_word' id='word_1_126' title='bbox 925 1219 1135 1259; x_wconf 71' lang='lat' dir='ltr'>podayram,</span> <span class='ocrx_word' id='word_1_127' title='bbox 1160 1218 1308 1260; x_wconf 83' lang='lat' dir='ltr'>figurate</span> <span class='ocrx_word' id='word_1_128' title='bbox 1331 1228 1456 1253; x_wconf 87' lang='lat' dir='ltr'>rursus</span> <span class='ocrx_word' id='word_1_129' title='bbox 1478 1219 1567 1263; x_wconf 89' lang='lat' dir='ltr'>Epp.</span> <span class='ocrx_word' id='word_1_130' title='bbox 1594 1221 1630 1261; x_wconf 86' lang='grc'>4,</span> 
     </span>
    </p>
   </div>
   <div class='ocr_carea' id='block_1_16' title="bbox 174 1270 883 2697">
    <p class='ocr_par' dir='ltr' id='par_1_16' title="bbox 174 1270 883 2697">
     <span class='ocr_line' id='line_1_23' title="bbox 178 1270 882 1302; baseline 0 -1"><span class='ocrx_word' id='word_1_131' title='bbox 178 1272 357 1302; x_wconf 89' lang='lat' dir='ltr'>commota</span> <span class='ocrx_word' id='word_1_132' title='bbox 385 1270 523 1302; x_wconf 84' lang='lat' dir='ltr'>fuerit.»</span> <span class='ocrx_word' id='word_1_133' title='bbox 549 1271 671 1302; x_wconf 66' lang='lat' dir='ltr'>Senon.</span> <span class='ocrx_word' id='word_1_134' title='bbox 701 1288 737 1292; x_wconf 93' lang='lat'>—</span> <span class='ocrx_word' id='word_1_135' title='bbox 761 1270 882 1302; x_wconf 81' lang='lat' dir='ltr'>Libera</span> 
     </span>
     <span class='ocr_line' id='line_1_24' title="bbox 178 1319 882 1361; baseline 0 -10"><span class='ocrx_word' id='word_1_136' title='bbox 178 1319 261 1361; x_wconf 75' lang='lat' dir='ltr'>bilis]</span> <span class='ocrx_word' id='word_1_137' title='bbox 290 1320 400 1361; x_wconf 91' lang='lat' dir='ltr'>Epod.</span> <span class='ocrx_word' id='word_1_138' title='bbox 426 1319 465 1360; x_wconf 83' lang='lat'>4,</span> <span class='ocrx_word' id='word_1_139' title='bbox 492 1319 550 1351; x_wconf 72' lang='lat'>⁴0:</span> <span class='ocrx_word' id='word_1_140' title='bbox 581 1319 768 1351; x_wconf 78' lang='lat' dir='ltr'>Liberrima</span> <span class='ocrx_word' id='word_1_141' title='bbox 790 1320 882 1351; x_wconf 74' lang='lat' dir='ltr'>indi-</span> 
     </span>
     <span class='ocr_line' id='line_1_25' title="bbox 176 1368 880 1411; baseline 0.001 -10"><span class='ocrx_word' id='word_1_142' title='bbox 176 1370 302 1411; x_wconf 76' lang='lat' dir='ltr'>9natio.</span> <span class='ocrx_word' id='word_1_143' title='bbox 326 1386 362 1392; x_wconf 89' lang='lat'><em>-</em></span> <span class='ocrx_word' id='word_1_144' title='bbox 383 1370 479 1401; x_wconf 76' lang='lat' dir='ltr'>«Hoc</span> <span class='ocrx_word' id='word_1_145' title='bbox 503 1368 566 1402; x_wconf 90' lang='lat' dir='ltr'>tibi</span> <span class='ocrx_word' id='word_1_146' title='bbox 584 1370 667 1400; x_wconf 89' lang='lat' dir='ltr'>tunc</span> <span class='ocrx_word' id='word_1_147' title='bbox 682 1369 801 1401; x_wconf 82' lang='lat' dir='ltr'>dicere</span> <span class='ocrx_word' id='word_1_148' title='bbox 819 1377 880 1402; x_wconf 89' lang='lat' dir='ltr'>so-</span> 
     </span>
     <span class='ocr_line' id='line_1_26' title="bbox 176 1417 881 1459; baseline 0 -9"><span class='ocrx_word' id='word_1_149' title='bbox 176 1418 316 1451; x_wconf 86' lang='lat' dir='ltr'>lebam:</span> <span class='ocrx_word' id='word_1_150' title='bbox 356 1419 488 1458; x_wconf 86' lang='lat' dir='ltr'>Quodsi</span> <span class='ocrx_word' id='word_1_151' title='bbox 512 1417 701 1459; x_wconf 88' lang='lat' dir='ltr'>aliquando</span> <span class='ocrx_word' id='word_1_152' title='bbox 732 1419 805 1450; x_wconf 86' lang='lat' dir='ltr'>tam</span> <span class='ocrx_word' id='word_1_153' title='bbox 837 1417 881 1450; x_wconf 92' lang='lat' dir='ltr'>li-</span> 
     </span>
     <span class='ocr_line' id='line_1_27' title="bbox 176 1468 880 1509; baseline -0.001 -8"><span class='ocrx_word' id='word_1_154' title='bbox 176 1468 264 1501; x_wconf 89' lang='lat' dir='ltr'>bera</span> <span class='ocrx_word' id='word_1_155' title='bbox 295 1468 532 1509; x_wconf 84' lang='lat' dir='ltr'>indignatione</span> <span class='ocrx_word' id='word_1_156' title='bbox 562 1470 670 1509; x_wconf 89' lang='lat' dir='ltr'>atque</span> <span class='ocrx_word' id='word_1_157' title='bbox 698 1468 880 1500; x_wconf 87' lang='lat' dir='ltr'>iracundia</span> 
     </span>
     <span class='ocr_line' id='line_1_28' title="bbox 177 1518 879 1559; baseline 0 -9"><span class='ocrx_word' id='word_1_158' title='bbox 177 1526 346 1550; x_wconf 78' lang='lat' dir='ltr'>exarsere</span> <span class='ocrx_word' id='word_1_159' title='bbox 360 1544 367 1558; x_wconf 93' lang='lat'>,</span> <span class='ocrx_word' id='word_1_160' title='bbox 394 1519 432 1550; x_wconf 86' lang='lat' dir='ltr'>ut</span> <span class='ocrx_word' id='word_1_161' title='bbox 448 1518 627 1550; x_wconf 78' lang='lat' dir='ltr'>exsecrari</span> <span class='ocrx_word' id='word_1_162' title='bbox 651 1518 726 1559; x_wconf 91' lang='lat' dir='ltr'>ipse</span> <span class='ocrx_word' id='word_1_163' title='bbox 742 1518 879 1559; x_wconf 90' lang='lat' dir='ltr'>possim</span> 
     </span>
     <span class='ocr_line' id='line_1_29' title="bbox 176 1566 879 1608; baseline 0.001 -10"><span class='ocrx_word' id='word_1_164' title='bbox 176 1576 286 1600; x_wconf 83' lang='lat' dir='ltr'>vanas</span> <span class='ocrx_word' id='word_1_165' title='bbox 323 1576 407 1608; x_wconf 85' lang='lat' dir='ltr'>spes</span> <span class='ocrx_word' id='word_1_166' title='bbox 446 1568 482 1599; x_wconf 90' lang='lat' dir='ltr'>et</span> <span class='ocrx_word' id='word_1_167' title='bbox 524 1566 707 1608; x_wconf 88' lang='lat' dir='ltr'>querelas,</span> <span class='ocrx_word' id='word_1_168' title='bbox 748 1566 879 1608; x_wconf 89' lang='lat' dir='ltr'>quibus</span> 
     </span>
     <span class='ocr_line' id='line_1_30' title="bbox 176 1615 880 1657; baseline 0.001 -9"><span class='ocrx_word' id='word_1_169' title='bbox 176 1615 285 1648; x_wconf 84' lang='lat' dir='ltr'>veluti</span> <span class='ocrx_word' id='word_1_170' title='bbox 320 1616 485 1648; x_wconf 83' lang='lat' dir='ltr'>fomentis</span> <span class='ocrx_word' id='word_1_171' title='bbox 521 1617 618 1657; x_wconf 84' lang='lat' dir='ltr'>gravi</span> <span class='ocrx_word' id='word_1_172' title='bbox 658 1616 790 1649; x_wconf 90' lang='lat' dir='ltr'>amoris</span> <span class='ocrx_word' id='word_1_173' title='bbox 825 1617 880 1649; x_wconf 92' lang='lat' dir='ltr'>in-</span> 
     </span>
     <span class='ocr_line' id='line_1_31' title="bbox 177 1665 880 1698; baseline 0 0"><span class='ocrx_word' id='word_1_174' title='bbox 177 1666 287 1698; x_wconf 80' lang='lat' dir='ltr'>felicis</span> <span class='ocrx_word' id='word_1_175' title='bbox 318 1665 455 1698; x_wconf 87' lang='lat' dir='ltr'>volneri</span> <span class='ocrx_word' id='word_1_176' title='bbox 484 1665 623 1698; x_wconf 87' lang='lat' dir='ltr'>mederi</span> <span class='ocrx_word' id='word_1_177' title='bbox 654 1665 783 1698; x_wconf 87' lang='lat' dir='ltr'>frustra</span> <span class='ocrx_word' id='word_1_178' title='bbox 814 1666 880 1698; x_wconf 89' lang='lat' dir='ltr'>ad-</span> 
     </span>
     <span class='ocr_line' id='line_1_32' title="bbox 176 1716 882 1757; baseline 0 -9"><span class='ocrx_word' id='word_1_179' title='bbox 176 1717 247 1748; x_wconf 90' lang='lat' dir='ltr'>huc</span> <span class='ocrx_word' id='word_1_180' title='bbox 271 1718 420 1748; x_wconf 85' lang='lat' dir='ltr'>conatus</span> <span class='ocrx_word' id='word_1_181' title='bbox 448 1724 546 1755; x_wconf 89' lang='lat' dir='ltr'>sum,</span> <span class='ocrx_word' id='word_1_182' title='bbox 573 1716 692 1757; x_wconf 88' lang='lat' dir='ltr'>itaque</span> <span class='ocrx_word' id='word_1_183' title='bbox 717 1725 799 1756; x_wconf 88' lang='lat' dir='ltr'>eas,</span> <span class='ocrx_word' id='word_1_184' title='bbox 825 1718 882 1748; x_wconf 87' lang='lat' dir='ltr'>ut-</span> 
     </span>
     <span class='ocr_line' id='line_1_33' title="bbox 176 1765 880 1808; baseline 0 -10"><span class='ocrx_word' id='word_1_185' title='bbox 176 1768 259 1808; x_wconf 88' lang='lat' dir='ltr'>pote</span> <span class='ocrx_word' id='word_1_186' title='bbox 283 1765 367 1797; x_wconf 89' lang='lat' dir='ltr'>nihil</span> <span class='ocrx_word' id='word_1_187' title='bbox 395 1774 453 1797; x_wconf 92' lang='lat' dir='ltr'>me</span> <span class='ocrx_word' id='word_1_188' title='bbox 483 1766 664 1804; x_wconf 82' lang='lat' dir='ltr'>iuvantes,</span> <span class='ocrx_word' id='word_1_189' title='bbox 696 1766 732 1798; x_wconf 90' lang='lat' dir='ltr'>in</span> <span class='ocrx_word' id='word_1_190' title='bbox 754 1767 880 1798; x_wconf 84' lang='lat' dir='ltr'>ventos</span> 
     </span>
     <span class='ocr_line' id='line_1_34' title="bbox 177 1816 881 1857; baseline 0 -9"><span class='ocrx_word' id='word_1_191' title='bbox 177 1816 399 1857; x_wconf 82' lang='lat' dir='ltr'>dispergam,</span> <span class='ocrx_word' id='word_1_192' title='bbox 438 1816 498 1856; x_wconf 89' lang='lat' dir='ltr'>qui</span> <span class='ocrx_word' id='word_1_193' title='bbox 534 1824 595 1848; x_wconf 80' lang='lat' dir='ltr'>eas</span> <span class='ocrx_word' id='word_1_194' title='bbox 628 1824 752 1847; x_wconf 90' lang='lat' dir='ltr'>secum</span> <span class='ocrx_word' id='word_1_195' title='bbox 779 1816 881 1848; x_wconf 81' lang='lat' dir='ltr'>aufe-</span> 
     </span>
     <span class='ocr_line' id='line_1_35' title="bbox 175 1864 882 1906; baseline 0 -9"><span class='ocrx_word' id='word_1_196' title='bbox 175 1867 274 1905; x_wconf 87' lang='lat' dir='ltr'>rant,</span> <span class='ocrx_word' id='word_1_197' title='bbox 299 1866 350 1898; x_wconf 87' lang='lat' dir='ltr'>sic</span> <span class='ocrx_word' id='word_1_198' title='bbox 373 1865 536 1897; x_wconf 88' lang='lat' dir='ltr'>Inachiae</span> <span class='ocrx_word' id='word_1_199' title='bbox 555 1864 762 1906; x_wconf 88' lang='lat' dir='ltr'>superbiam</span> <span class='ocrx_word' id='word_1_200' title='bbox 779 1865 882 1897; x_wconf 87' lang='lat' dir='ltr'>dete-</span> 
     </span>
     <span class='ocr_line' id='line_1_36' title="bbox 178 1914 881 1948; baseline -0.001 0"><span class='ocrx_word' id='word_1_201' title='bbox 178 1916 291 1948; x_wconf 84' lang='lat' dir='ltr'>status</span> <span class='ocrx_word' id='word_1_202' title='bbox 334 1923 413 1948; x_wconf 89' lang='lat' dir='ltr'>eam</span> <span class='ocrx_word' id='word_1_203' title='bbox 457 1923 578 1947; x_wconf 91' lang='lat' dir='ltr'>amare</span> <span class='ocrx_word' id='word_1_204' title='bbox 621 1914 767 1947; x_wconf 82' lang='lat' dir='ltr'>tandem</span> <span class='ocrx_word' id='word_1_205' title='bbox 815 1914 881 1947; x_wconf 90' lang='lat' dir='ltr'>de-</span> 
     </span>
     <span class='ocr_line' id='line_1_37' title="bbox 176 1963 880 2006; baseline -0.003 -9"><span class='ocrx_word' id='word_1_206' title='bbox 176 1965 325 1997; x_wconf 81' lang='lat' dir='ltr'>sinam.»</span> <span class='ocrx_word' id='word_1_207' title='bbox 343 1982 379 1987; x_wconf 97' lang='lat'>—</span> <span class='ocrx_word' id='word_1_208' title='bbox 405 1963 554 2006; x_wconf 65' lang='lat' dir='ltr'>ingrata]</span> <span class='ocrx_word' id='word_1_209' title='bbox 581 1972 771 2005; x_wconf 76' lang='lat' dir='ltr'>«quorum,</span> <span class='ocrx_word' id='word_1_210' title='bbox 798 1964 880 2006; x_wconf 87' lang='lat' dir='ltr'>quia</span> 
     </span>
     <span class='ocr_line' id='line_1_38' title="bbox 176 2013 880 2053; baseline -0.001 -7"><span class='ocrx_word' id='word_1_211' title='bbox 176 2014 305 2046; x_wconf 86' lang='lat' dir='ltr'>frustra</span> <span class='ocrx_word' id='word_1_212' title='bbox 329 2013 473 2046; x_wconf 89' lang='lat' dir='ltr'>admota</span> <span class='ocrx_word' id='word_1_213' title='bbox 501 2015 599 2053; x_wconf 90' lang='lat' dir='ltr'>sunt,</span> <span class='ocrx_word' id='word_1_214' title='bbox 625 2022 684 2045; x_wconf 92' lang='lat' dir='ltr'>me</span> <span class='ocrx_word' id='word_1_215' title='bbox 712 2013 782 2045; x_wconf 92' lang='lat' dir='ltr'>iam</span> <span class='ocrx_word' id='word_1_216' title='bbox 802 2014 880 2046; x_wconf 86' lang='lat' dir='ltr'>tae—</span> 
     </span>
     <span class='ocr_line' id='line_1_39' title="bbox 177 2061 880 2104; baseline -0.001 -9"><span class='ocrx_word' id='word_1_217' title='bbox 177 2063 238 2095; x_wconf 87' lang='lat' dir='ltr'>det</span> <span class='ocrx_word' id='word_1_218' title='bbox 271 2063 474 2104; x_wconf 78' lang='lat' dir='ltr'>pigetque.»</span> <span class='ocrx_word' id='word_1_219' title='bbox 526 2064 602 2095; x_wconf 93' lang='lat' dir='ltr'>Non</span> <span class='ocrx_word' id='word_1_220' title='bbox 637 2063 727 2095; x_wconf 87' lang='lat' dir='ltr'>tam:</span> <span class='ocrx_word' id='word_1_221' title='bbox 768 2061 880 2095; x_wconf 88' lang='lat' dir='ltr'>«nihil</span> 
     </span>
     <span class='ocr_line' id='line_1_40' title="bbox 176 2111 878 2154; baseline 0 -10"><span class='ocrx_word' id='word_1_222' title='bbox 176 2113 308 2154; x_wconf 82' lang='lat' dir='ltr'>gratiae</span> <span class='ocrx_word' id='word_1_223' title='bbox 337 2112 432 2154; x_wconf 87' lang='lat' dir='ltr'>apud</span> <span class='ocrx_word' id='word_1_224' title='bbox 463 2112 644 2145; x_wconf 84' lang='lat' dir='ltr'>Inachiam</span> <span class='ocrx_word' id='word_1_225' title='bbox 676 2111 878 2151; x_wconf 88' lang='lat' dir='ltr'>habentia»,</span> 
     </span>
     <span class='ocr_line' id='line_1_41' title="bbox 175 2161 878 2203; baseline -0.001 -9"><span class='ocrx_word' id='word_1_226' title='bbox 175 2163 215 2194; x_wconf 94' lang='lat' dir='ltr'>ut</span> <span class='ocrx_word' id='word_1_227' title='bbox 240 2161 313 2194; x_wconf 87' lang='lat' dir='ltr'>volt</span> <span class='ocrx_word' id='word_1_228' title='bbox 343 2161 480 2201; x_wconf 85' lang='lat' dir='ltr'>Schol.,</span> <span class='ocrx_word' id='word_1_229' title='bbox 517 2169 642 2203; x_wconf 84' lang='lat' dir='ltr'>quam:</span> <span class='ocrx_word' id='word_1_230' title='bbox 684 2161 789 2194; x_wconf 88' lang='lat' dir='ltr'>«nihil</span> <span class='ocrx_word' id='word_1_231' title='bbox 820 2170 878 2194; x_wconf 90' lang='lat' dir='ltr'>me</span> 
     </span>
     <span class='ocr_line' id='line_1_42' title="bbox 177 2211 877 2253; baseline -0.001 -9"><span class='ocrx_word' id='word_1_232' title='bbox 177 2212 350 2251; x_wconf 83' lang='lat' dir='ltr'>iuvantia,</span> <span class='ocrx_word' id='word_1_233' title='bbox 405 2211 538 2250; x_wconf 86' lang='lat' dir='ltr'>inania,</span> <span class='ocrx_word' id='word_1_234' title='bbox 590 2219 877 2253; x_wconf 87' lang='lat' dir='ltr'>supervacanea,</span> 
     </span>
     <span class='ocr_line' id='line_1_43' title="bbox 175 2256 880 2307; baseline -0.001 -15"><span class='ocrx_word' id='word_1_235' title='bbox 175 2256 404 2307; x_wconf 78' lang='grc' dir='ltr'><em>ἀχάριστα.»</em></span> <span class='ocrx_word' id='word_1_236' title='bbox 457 2259 590 2293; x_wconf 86' lang='lat' dir='ltr'>Callim.</span> <span class='ocrx_word' id='word_1_237' title='bbox 629 2261 708 2293; x_wconf 92' lang='lat' dir='ltr'>Cer.</span> <span class='ocrx_word' id='word_1_238' title='bbox 735 2260 794 2292; x_wconf 90' lang='lat'>90:</span> <span class='ocrx_word' id='word_1_239' title='bbox 832 2256 880 2292; x_wconf 86' lang='grc' dir='ltr'>τὰ</span> 
     </span>
     <span class='ocr_line' id='line_1_44' title="bbox 175 2305 880 2353; baseline -0.003 -9"><span class='ocrx_word' id='word_1_240' title='bbox 175 2310 206 2343; x_wconf 81' lang='grc' dir='ltr'>δ’</span> <span class='ocrx_word' id='word_1_241' title='bbox 237 2311 276 2352; x_wconf 81' lang='grc' dir='ltr'>ἐς</span> <span class='ocrx_word' id='word_1_242' title='bbox 309 2308 436 2351; x_wconf 79' lang='grc' dir='ltr'>βυθὸν</span> <span class='ocrx_word' id='word_1_243' title='bbox 468 2305 534 2342; x_wconf 83' lang='grc' dir='ltr'>οἷα</span> <span class='ocrx_word' id='word_1_244' title='bbox 558 2307 764 2353; x_wconf 78' lang='grc' dir='ltr'><em>θαλάσσης</em></span> <span class='ocrx_word' id='word_1_245' title='bbox 783 2305 880 2342; x_wconf 78' lang='grc' dir='ltr'><em>Ἀλε-</em></span> 
     </span>
     <span class='ocr_line' id='line_1_45' title="bbox 174 2356 876 2407; baseline -0.001 -15"><span class='ocrx_word' id='word_1_246' title='bbox 174 2358 307 2404; x_wconf 85' lang='grc' dir='ltr'><strong><em>μάτως</em></strong></span> <span class='ocrx_word' id='word_1_247' title='bbox 322 2357 516 2407; x_wconf 81' lang='grc' dir='ltr'><em>ἀχάριστα</em></span> <span class='ocrx_word' id='word_1_248' title='bbox 531 2356 743 2406; x_wconf 76' lang='grc' dir='ltr'><strong><em>κατέῤῥεεν.</em></strong></span> <span class='ocrx_word' id='word_1_249' title='bbox 766 2359 876 2393; x_wconf 86' lang='lat' dir='ltr'>Plaut.</span> 
     </span>
     <span class='ocr_line' id='line_1_46' title="bbox 178 2410 881 2452; baseline -0.004 -8"><span class='ocrx_word' id='word_1_250' title='bbox 178 2412 274 2444; x_wconf 83' lang='lat' dir='ltr'>Asin.</span> <span class='ocrx_word' id='word_1_251' title='bbox 295 2412 307 2443; x_wconf 93' lang='grc'>4</span> <span class='ocrx_word' id='word_1_252' title='bbox 325 2437 332 2452; x_wconf 94' lang='grc'><strong>,</strong></span> <span class='ocrx_word' id='word_1_253' title='bbox 350 2412 389 2450; x_wconf 90' lang='grc'>2,</span> <span class='ocrx_word' id='word_1_254' title='bbox 410 2411 470 2443; x_wconf 84' lang='grc'>40;</span> <span class='ocrx_word' id='word_1_255' title='bbox 494 2411 639 2452; x_wconf 66' lang='lat' dir='ltr'>Ingrata</span> <span class='ocrx_word' id='word_1_256' title='bbox 661 2413 761 2450; x_wconf 79' lang='lat' dir='ltr'>atque</span> <span class='ocrx_word' id='word_1_257' title='bbox 779 2410 881 2441; x_wconf 82' lang='lat' dir='ltr'>irrita</span> 
     </span>
     <span class='ocr_line' id='line_1_47' title="bbox 177 2459 880 2502; baseline -0.003 -9"><span class='ocrx_word' id='word_1_258' title='bbox 177 2469 244 2493; x_wconf 87' lang='lat' dir='ltr'>esse</span> <span class='ocrx_word' id='word_1_259' title='bbox 269 2461 384 2493; x_wconf 76' lang='lat' dir='ltr'>omnia</span> <span class='ocrx_word' id='word_1_260' title='bbox 410 2460 568 2502; x_wconf 63' lang='lat' dir='ltr'>intelligo.</span> <span class='ocrx_word' id='word_1_261' title='bbox 598 2478 634 2482; x_wconf 91' lang='lat'><strong>—</strong></span> <span class='ocrx_word' id='word_1_262' title='bbox 662 2460 767 2492; x_wconf 81' lang='lat' dir='ltr'>ventis</span> <span class='ocrx_word' id='word_1_263' title='bbox 793 2459 880 2491; x_wconf 79' lang='lat' dir='ltr'>divi-</span> 
     </span>
     <span class='ocr_line' id='line_1_48' title="bbox 176 2508 882 2552; baseline -0.003 -10"><span class='ocrx_word' id='word_1_264' title='bbox 176 2510 245 2552; x_wconf 83' lang='lat' dir='ltr'>dat]</span> <span class='ocrx_word' id='word_1_265' title='bbox 271 2511 326 2543; x_wconf 85' lang='lat' dir='ltr'>«in</span> <span class='ocrx_word' id='word_1_266' title='bbox 343 2518 447 2542; x_wconf 90' lang='lat' dir='ltr'>auras</span> <span class='ocrx_word' id='word_1_267' title='bbox 464 2509 655 2551; x_wconf 86' lang='lat' dir='ltr'>dispergat,</span> <span class='ocrx_word' id='word_1_268' title='bbox 681 2508 778 2541; x_wconf 90' lang='lat' dir='ltr'>nihili</span> <span class='ocrx_word' id='word_1_269' title='bbox 793 2517 882 2551; x_wconf 88' lang='lat' dir='ltr'>pen-</span> 
     </span>
     <span class='ocr_line' id='line_1_49' title="bbox 176 2558 878 2599; baseline -0.001 -8"><span class='ocrx_word' id='word_1_270' title='bbox 176 2560 270 2592; x_wconf 79' lang='lat' dir='ltr'>dat.»</span> <span class='ocrx_word' id='word_1_271' title='bbox 322 2560 434 2592; x_wconf 70' lang='lat' dir='ltr'>Coun.</span> <span class='ocrx_word' id='word_1_272' title='bbox 468 2560 527 2592; x_wconf 78' lang='lat' dir='ltr'>CR.</span> <span class='ocrx_word' id='word_1_273' title='bbox 565 2558 627 2591; x_wconf 92' lang='lat' dir='ltr'>Od.</span> <span class='ocrx_word' id='word_1_274' title='bbox 668 2559 705 2599; x_wconf 93' lang='grc'>4,</span> <span class='ocrx_word' id='word_1_275' title='bbox 741 2558 801 2597; x_wconf 86' lang='grc'>26,</span> <span class='ocrx_word' id='word_1_276' title='bbox 839 2559 878 2590; x_wconf 83' lang='grc'>4;</span> 
     </span>
     <span class='ocr_line' id='line_1_50' title="bbox 175 2607 878 2641; baseline -0.003 0"><span class='ocrx_word' id='word_1_277' title='bbox 175 2609 346 2641; x_wconf 79' lang='lat' dir='ltr'>tristitiam</span> <span class='ocrx_word' id='word_1_278' title='bbox 356 2627 375 2632; x_wconf 96' lang='lat'>-</span> <span class='ocrx_word' id='word_1_279' title='bbox 394 2609 539 2641; x_wconf 84' lang='lat' dir='ltr'>Tradam</span> <span class='ocrx_word' id='word_1_280' title='bbox 554 2626 573 2632; x_wconf 94' lang='lat'><em>-</em></span> <span class='ocrx_word' id='word_1_281' title='bbox 590 2609 730 2640; x_wconf 81' lang='lat' dir='ltr'>Portare</span> <span class='ocrx_word' id='word_1_282' title='bbox 763 2607 878 2640; x_wconf 79' lang='lat' dir='ltr'>ventis.</span> 
     </span>
     <span class='ocr_line' id='line_1_51' title="bbox 176 2657 883 2697; baseline -0.001 -8"><span class='ocrx_word' id='word_1_283' title='bbox 176 2658 273 2690; x_wconf 87' lang='lat' dir='ltr'>Ovid.</span> <span class='ocrx_word' id='word_1_284' title='bbox 301 2659 382 2691; x_wconf 85' lang='lat' dir='ltr'>Met.</span> <span class='ocrx_word' id='word_1_285' title='bbox 400 2658 420 2691; x_wconf 91' lang='lat'>8</span> <span class='ocrx_word' id='word_1_286' title='bbox 436 2683 444 2697; x_wconf 90' lang='lat'>,</span> <span class='ocrx_word' id='word_1_287' title='bbox 464 2657 526 2691; x_wconf 77' lang='grc'>434</span> <span class='ocrx_word' id='word_1_288' title='bbox 544 2668 549 2688; x_wconf 90' lang='grc'>;</span> <span class='ocrx_word' id='word_1_289' title='bbox 586 2667 632 2690; x_wconf 78' lang='lat' dir='ltr'>an</span> <span class='ocrx_word' id='word_1_290' title='bbox 653 2658 771 2690; x_wconf 79' lang='lat' dir='ltr'>inania</span> <span class='ocrx_word' id='word_1_291' title='bbox 793 2657 883 2690; x_wconf 78' lang='lat' dir='ltr'>venti</span> 
     </span>
    </p>
   </div>
   <div class='ocr_carea' id='block_1_17' title="bbox 928 1267 1634 2698">
    <p class='ocr_par' dir='ltr' id='par_1_17' title="bbox 928 1267 1634 2698">
     <span class='ocr_line' id='line_1_52' title="bbox 930 1267 1632 1310; baseline 0.006 -11"><span class='ocrx_word' id='word_1_292' title='bbox 930 1267 969 1307; x_wconf 85' lang='lat'>3,</span> <span class='ocrx_word' id='word_1_293' title='bbox 988 1268 1048 1299; x_wconf 76' lang='lat'>26:</span> <span class='ocrx_word' id='word_1_294' title='bbox 1085 1277 1248 1300; x_wconf 78' lang='lat' dir='ltr'>curarum</span> <span class='ocrx_word' id='word_1_295' title='bbox 1261 1269 1425 1310; x_wconf 81' lang='lat' dir='ltr'>fomenta,</span> <span class='ocrx_word' id='word_1_296' title='bbox 1452 1270 1632 1303; x_wconf 75' lang='lat' dir='ltr'>«remedia</span> 
     </span>
     <span class='ocr_line' id='line_1_53' title="bbox 931 1316 1634 1362; baseline 0.004 -13"><span class='ocrx_word' id='word_1_297' title='bbox 931 1318 966 1349; x_wconf 88' lang='lat' dir='ltr'>et</span> <span class='ocrx_word' id='word_1_298' title='bbox 1003 1316 1166 1350; x_wconf 76' lang='lat' dir='ltr'>solatia.»</span> <span class='ocrx_word' id='word_1_299' title='bbox 1220 1318 1394 1360; x_wconf 82' lang='lat' dir='ltr'>Doering:</span> <span class='ocrx_word' id='word_1_300' title='bbox 1448 1319 1549 1352; x_wconf 76' lang='lat' dir='ltr'>«haec</span> <span class='ocrx_word' id='word_1_301' title='bbox 1577 1321 1634 1362; x_wconf 79' lang='lat' dir='ltr'>so-</span> 
     </span>
     <span class='ocr_line' id='line_1_54' title="bbox 929 1366 1633 1410; baseline 0.007 -12"><span class='ocrx_word' id='word_1_302' title='bbox 929 1370 1057 1406; x_wconf 80' lang='lat' dir='ltr'>menta,</span> <span class='ocrx_word' id='word_1_303' title='bbox 1094 1366 1246 1408; x_wconf 85' lang='lat' dir='ltr'>intellige</span> <span class='ocrx_word' id='word_1_304' title='bbox 1274 1376 1395 1409; x_wconf 89' lang='lat' dir='ltr'>spem,</span> <span class='ocrx_word' id='word_1_305' title='bbox 1430 1377 1523 1410; x_wconf 86' lang='lat' dir='ltr'>quae</span> <span class='ocrx_word' id='word_1_306' title='bbox 1555 1370 1633 1404; x_wconf 84' lang='lat' dir='ltr'>eius</span> 
     </span>
     <span class='ocr_line' id='line_1_55' title="bbox 930 1416 1634 1452; baseline 0.007 -5"><span class='ocrx_word' id='word_1_307' title='bbox 930 1417 965 1448; x_wconf 94' lang='lat' dir='ltr'>in</span> <span class='ocrx_word' id='word_1_308' title='bbox 988 1416 1169 1448; x_wconf 87' lang='lat' dir='ltr'>Inachiam</span> <span class='ocrx_word' id='word_1_309' title='bbox 1192 1425 1354 1450; x_wconf 88' lang='lat' dir='ltr'>amorem</span> <span class='ocrx_word' id='word_1_310' title='bbox 1377 1417 1494 1451; x_wconf 89' lang='lat' dir='ltr'>adhuc</span> <span class='ocrx_word' id='word_1_311' title='bbox 1511 1420 1634 1452; x_wconf 72' lang='lat' dir='ltr'>nutri-</span> 
     </span>
     <span class='ocr_line' id='line_1_56' title="bbox 930 1467 1634 1509; baseline 0.007 -12"><span class='ocrx_word' id='word_1_312' title='bbox 930 1467 1050 1504; x_wconf 85' lang='lat' dir='ltr'>verat;</span> <span class='ocrx_word' id='word_1_313' title='bbox 1087 1467 1295 1508; x_wconf 81' lang='lat' dir='ltr'>speraverat</span> <span class='ocrx_word' id='word_1_314' title='bbox 1328 1468 1424 1500; x_wconf 85' lang='lat' dir='ltr'>enim</span> <span class='ocrx_word' id='word_1_315' title='bbox 1458 1467 1535 1501; x_wconf 80' lang='lat' dir='ltr'>sore</span> <span class='ocrx_word' id='word_1_316' title='bbox 1549 1494 1558 1509; x_wconf 92' lang='lat'>,</span> <span class='ocrx_word' id='word_1_317' title='bbox 1593 1471 1634 1503; x_wconf 81' lang='lat' dir='ltr'>ut</span> 
     </span>
     <span class='ocr_line' id='line_1_57' title="bbox 929 1515 1633 1560; baseline 0.007 -13"><span class='ocrx_word' id='word_1_318' title='bbox 929 1515 1070 1547; x_wconf 87' lang='lat' dir='ltr'>Inachia</span> <span class='ocrx_word' id='word_1_319' title='bbox 1106 1515 1299 1549; x_wconf 89' lang='lat' dir='ltr'>candidum</span> <span class='ocrx_word' id='word_1_320' title='bbox 1333 1518 1633 1560; x_wconf 67' lang='lat' dir='ltr'>pauperis-jnge-</span> 
     </span>
     <span class='ocr_line' id='line_1_58' title="bbox 929 1565 1633 1609; baseline 0.007 -13"><span class='ocrx_word' id='word_1_321' title='bbox 929 1565 1028 1597; x_wconf 91' lang='lat' dir='ltr'>nium</span> <span class='ocrx_word' id='word_1_322' title='bbox 1055 1565 1220 1598; x_wconf 88' lang='lat' dir='ltr'>ditiorum</span> <span class='ocrx_word' id='word_1_323' title='bbox 1243 1566 1455 1600; x_wconf 86' lang='lat' dir='ltr'>muneribus</span> <span class='ocrx_word' id='word_1_324' title='bbox 1470 1567 1633 1609; x_wconf 79' lang='lat' dir='ltr'>praefer-</span> 
     </span>
     <span class='ocr_line' id='line_1_59' title="bbox 930 1615 1634 1657; baseline 0.007 -11"><span class='ocrx_word' id='word_1_325' title='bbox 930 1616 1020 1646; x_wconf 88' lang='lat' dir='ltr'>ret.»</span> <span class='ocrx_word' id='word_1_326' title='bbox 1071 1616 1189 1656; x_wconf 82' lang='lat' dir='ltr'>Longe</span> <span class='ocrx_word' id='word_1_327' title='bbox 1222 1615 1386 1657; x_wconf 84' lang='lat' dir='ltr'>pinguius</span> <span class='ocrx_word' id='word_1_328' title='bbox 1419 1616 1508 1650; x_wconf 66' lang='lat' dir='ltr'>HR:</span> <span class='ocrx_word' id='word_1_329' title='bbox 1546 1618 1634 1651; x_wconf 79' lang='lat' dir='ltr'>«Fo—</span> 
     </span>
     <span class='ocr_line' id='line_1_60' title="bbox 928 1665 1628 1708; baseline 0.004 -10"><span class='ocrx_word' id='word_1_330' title='bbox 928 1668 1041 1698; x_wconf 78' lang='lat' dir='ltr'>menta</span> <span class='ocrx_word' id='word_1_331' title='bbox 1057 1666 1140 1698; x_wconf 86' lang='lat' dir='ltr'>sunt</span> <span class='ocrx_word' id='word_1_332' title='bbox 1157 1666 1233 1706; x_wconf 89' lang='lat' dir='ltr'>ipsa</span> <span class='ocrx_word' id='word_1_333' title='bbox 1250 1666 1424 1706; x_wconf 85' lang='lat' dir='ltr'>convivia,</span> <span class='ocrx_word' id='word_1_334' title='bbox 1450 1665 1628 1708; x_wconf 79' lang='lat' dir='ltr'>solatium,</span> 
     </span>
     <span class='ocr_line' id='line_1_61' title="bbox 931 1714 1631 1759; baseline 0.006 -12"><span class='ocrx_word' id='word_1_335' title='bbox 931 1715 1027 1757; x_wconf 92' lang='lat' dir='ltr'>quod</span> <span class='ocrx_word' id='word_1_336' title='bbox 1057 1724 1100 1747; x_wconf 84' lang='lat' dir='ltr'>ex</span> <span class='ocrx_word' id='word_1_337' title='bbox 1131 1715 1301 1748; x_wconf 84' lang='lat' dir='ltr'>conviviis</span> <span class='ocrx_word' id='word_1_338' title='bbox 1334 1714 1500 1757; x_wconf 79' lang='lat' dir='ltr'>petebat,</span> <span class='ocrx_word' id='word_1_339' title='bbox 1538 1725 1631 1759; x_wconf 75' lang='lat' dir='ltr'>quae</span> 
     </span>
     <span class='ocr_line' id='line_1_62' title="bbox 931 1764 1633 1807; baseline 0.006 -10"><span class='ocrx_word' id='word_1_340' title='bbox 931 1765 977 1797; x_wconf 91' lang='lat' dir='ltr'>ad</span> <span class='ocrx_word' id='word_1_341' title='bbox 1015 1764 1177 1798; x_wconf 86' lang='lat' dir='ltr'>amorem</span> <span class='ocrx_word' id='word_1_342' title='bbox 1220 1764 1428 1807; x_wconf 85' lang='lat' dir='ltr'>pellendum</span> <span class='ocrx_word' id='word_1_343' title='bbox 1469 1766 1633 1800; x_wconf 75' lang='lat' dir='ltr'>celebra-</span> 
     </span>
     <span class='ocr_line' id='line_1_63' title="bbox 930 1815 1632 1859; baseline 0.003 -12"><span class='ocrx_word' id='word_1_344' title='bbox 930 1815 1025 1847; x_wconf 79' lang='lat' dir='ltr'>bat.»</span> <span class='ocrx_word' id='word_1_345' title='bbox 1067 1815 1203 1847; x_wconf 88' lang='lat' dir='ltr'>Verum</span> <span class='ocrx_word' id='word_1_346' title='bbox 1234 1815 1416 1857; x_wconf 89' lang='lat' dir='ltr'>quomodo</span> <span class='ocrx_word' id='word_1_347' title='bbox 1447 1818 1632 1859; x_wconf 81' lang='lat' dir='ltr'>compota-</span> 
     </span>
     <span class='ocr_line' id='line_1_64' title="bbox 930 1863 1632 1907; baseline 0.006 -11"><span class='ocrx_word' id='word_1_348' title='bbox 930 1865 1046 1897; x_wconf 88' lang='lat' dir='ltr'>tiones</span> <span class='ocrx_word' id='word_1_349' title='bbox 1067 1865 1173 1897; x_wconf 73' lang='lat' dir='ltr'>ventis</span> <span class='ocrx_word' id='word_1_350' title='bbox 1194 1863 1323 1898; x_wconf 75' lang='lat' dir='ltr'>dividat</span> <span class='ocrx_word' id='word_1_351' title='bbox 1342 1865 1496 1907; x_wconf 71' lang='lat' dir='ltr'>aliquis?</span> <span class='ocrx_word' id='word_1_352' title='bbox 1517 1867 1632 1900; x_wconf 88' lang='lat' dir='ltr'>Immo</span> 
     </span>
     <span class='ocr_line' id='line_1_65' title="bbox 930 1913 1632 1949; baseline 0.004 -3"><span class='ocrx_word' id='word_1_353' title='bbox 930 1915 1013 1947; x_wconf 87' lang='lat' dir='ltr'>sunt</span> <span class='ocrx_word' id='word_1_354' title='bbox 1055 1913 1326 1948; x_wconf 87' lang='lat' dir='ltr'>lamentationes</span> <span class='ocrx_word' id='word_1_355' title='bbox 1372 1914 1418 1948; x_wconf 89' lang='lat' dir='ltr'>de</span> <span class='ocrx_word' id='word_1_356' title='bbox 1466 1915 1632 1949; x_wconf 80' lang='lat' dir='ltr'>Inachiae</span> 
     </span>
     <span class='ocr_line' id='line_1_66' title="bbox 930 1962 1632 2005; baseline 0.006 -10"><span class='ocrx_word' id='word_1_357' title='bbox 930 1962 1156 2003; x_wconf 81' lang='lat' dir='ltr'>crudelitate,</span> <span class='ocrx_word' id='word_1_358' title='bbox 1183 1963 1314 2005; x_wconf 91' lang='lat' dir='ltr'>quibus</span> <span class='ocrx_word' id='word_1_359' title='bbox 1344 1964 1416 1996; x_wconf 88' lang='lat' dir='ltr'>iam</span> <span class='ocrx_word' id='word_1_360' title='bbox 1448 1965 1632 2001; x_wconf 74' lang='lat' dir='ltr'>renuntia-</span> 
     </span>
     <span class='ocr_line' id='line_1_67' title="bbox 929 2012 1633 2055; baseline 0.006 -11"><span class='ocrx_word' id='word_1_361' title='bbox 929 2013 1050 2044; x_wconf 83' lang='lat' dir='ltr'>turum</span> <span class='ocrx_word' id='word_1_362' title='bbox 1073 2021 1112 2044; x_wconf 90' lang='lat' dir='ltr'>se</span> <span class='ocrx_word' id='word_1_363' title='bbox 1137 2012 1324 2054; x_wconf 83' lang='lat' dir='ltr'>profitetur</span> <span class='ocrx_word' id='word_1_364' title='bbox 1344 2014 1462 2055; x_wconf 72' lang='lat' dir='ltr'>poeta.</span> <span class='ocrx_word' id='word_1_365' title='bbox 1489 2030 1528 2038; x_wconf 91' lang='lat'>—-</span> <span class='ocrx_word' id='word_1_366' title='bbox 1560 2015 1633 2048; x_wconf 80' lang='lat' dir='ltr'>Do-</span> 
     </span>
     <span class='ocr_line' id='line_1_68' title="bbox 929 2061 1633 2104; baseline 0.01 -12"><span class='ocrx_word' id='word_1_367' title='bbox 929 2061 1013 2094; x_wconf 75' lang='lat' dir='ltr'>sinet</span> <span class='ocrx_word' id='word_1_368' title='bbox 1029 2061 1111 2102; x_wconf 91' lang='lat' dir='ltr'>cet.]</span> <span class='ocrx_word' id='word_1_369' title='bbox 1137 2063 1267 2103; x_wconf 74' lang='lat' dir='ltr'>«Iam»,</span> <span class='ocrx_word' id='word_1_370' title='bbox 1292 2062 1422 2104; x_wconf 87' lang='lat' dir='ltr'>inquit,</span> <span class='ocrx_word' id='word_1_371' title='bbox 1449 2062 1633 2099; x_wconf 71' lang='lat' dir='ltr'>adesinam</span> 
     </span>
     <span class='ocr_line' id='line_1_69' title="bbox 930 2111 1632 2154; baseline 0.004 -11"><span class='ocrx_word' id='word_1_372' title='bbox 930 2112 1068 2144; x_wconf 88' lang='lat' dir='ltr'>certare</span> <span class='ocrx_word' id='word_1_373' title='bbox 1102 2119 1185 2144; x_wconf 90' lang='lat' dir='ltr'>cum</span> <span class='ocrx_word' id='word_1_374' title='bbox 1225 2111 1412 2153; x_wconf 83' lang='lat' dir='ltr'>rivalibus,</span> <span class='ocrx_word' id='word_1_375' title='bbox 1452 2113 1513 2154; x_wconf 90' lang='lat' dir='ltr'>qui</span> <span class='ocrx_word' id='word_1_376' title='bbox 1544 2113 1632 2146; x_wconf 84' lang='lat' dir='ltr'>mihi</span> 
     </span>
     <span class='ocr_line' id='line_1_70' title="bbox 930 2161 1633 2203; baseline 0.006 -10"><span class='ocrx_word' id='word_1_377' title='bbox 930 2161 1069 2202; x_wconf 86' lang='lat' dir='ltr'>ingenio</span> <span class='ocrx_word' id='word_1_378' title='bbox 1093 2162 1190 2193; x_wconf 86' lang='lat' dir='ltr'>certe</span> <span class='ocrx_word' id='word_1_379' title='bbox 1216 2161 1265 2202; x_wconf 87' lang='lat' dir='ltr'>(v.</span> <span class='ocrx_word' id='word_1_380' title='bbox 1291 2161 1364 2203; x_wconf 83' lang='grc'>42.)</span> <span class='ocrx_word' id='word_1_381' title='bbox 1387 2161 1552 2203; x_wconf 76' lang='lat' dir='ltr'>impares,</span> <span class='ocrx_word' id='word_1_382' title='bbox 1574 2163 1633 2197; x_wconf 84' lang='lat' dir='ltr'>in-</span> 
     </span>
     <span class='ocr_line' id='line_1_71' title="bbox 930 2199 1632 2254; baseline 0.004 -12"><span class='ocrx_word' id='word_1_383' title='bbox 930 2210 1077 2243; x_wconf 86' lang='lat' dir='ltr'>feriores</span> <span class='ocrx_word' id='word_1_384' title='bbox 1110 2219 1220 2251; x_wconf 85' lang='lat' dir='ltr'>quam</span> <span class='ocrx_word' id='word_1_385' title='bbox 1242 2199 1308 2252; x_wconf 61' lang='lat' dir='ltr'>ego</span> <span class='ocrx_word' id='word_1_386' title='bbox 1324 2212 1408 2244; x_wconf 84' lang='lat' dir='ltr'>sunt</span> <span class='ocrx_word' id='word_1_387' title='bbox 1430 2212 1483 2254; x_wconf 75' lang='lat' dir='ltr'>(ut</span> <span class='ocrx_word' id='word_1_388' title='bbox 1503 2211 1632 2246; x_wconf 83' lang='lat' dir='ltr'>dicitur</span> 
     </span>
     <span class='ocr_line' id='line_1_72' title="bbox 929 2260 1633 2305; baseline 0.004 -13"><span class='ocrx_word' id='word_1_389' title='bbox 929 2269 1048 2302; x_wconf 66' lang='lat' dir='ltr'>genere</span> <span class='ocrx_word' id='word_1_390' title='bbox 1062 2261 1188 2301; x_wconf 78' lang='lat' dir='ltr'>impar,</span> <span class='ocrx_word' id='word_1_391' title='bbox 1212 2261 1302 2293; x_wconf 79' lang='lat' dir='ltr'>nicht</span> <span class='ocrx_word' id='word_1_392' title='bbox 1323 2260 1530 2303; x_wconf 64' lang='lat' dir='ltr'>obenbartiy,</span> <span class='ocrx_word' id='word_1_393' title='bbox 1556 2261 1633 2305; x_wconf 83' lang='lat' dir='ltr'>qui-</span> 
     </span>
     <span class='ocr_line' id='line_1_73' title="bbox 930 2307 1632 2356; baseline 0.004 -14"><span class='ocrx_word' id='word_1_394' title='bbox 930 2310 998 2342; x_wconf 92' lang='lat' dir='ltr'>bus</span> <span class='ocrx_word' id='word_1_395' title='bbox 1021 2310 1161 2351; x_wconf 85' lang='lat' dir='ltr'>ingenio</span> <span class='ocrx_word' id='word_1_396' title='bbox 1197 2311 1234 2342; x_wconf 90' lang='lat' dir='ltr'>et</span> <span class='ocrx_word' id='word_1_397' title='bbox 1263 2307 1398 2356; x_wconf 78' lang='grc' dir='ltr'><em>χάρισι</em></span> <span class='ocrx_word' id='word_1_398' title='bbox 1435 2309 1539 2352; x_wconf 85' lang='lat' dir='ltr'>longe</span> <span class='ocrx_word' id='word_1_399' title='bbox 1568 2319 1632 2345; x_wconf 81' lang='lat' dir='ltr'>su·</span> 
     </span>
     <span class='ocr_line' id='line_1_74' title="bbox 930 2359 1632 2402; baseline 0.004 -11"><span class='ocrx_word' id='word_1_400' title='bbox 930 2360 1049 2402; x_wconf 87' lang='lat' dir='ltr'>perior</span> <span class='ocrx_word' id='word_1_401' title='bbox 1064 2359 1169 2400; x_wconf 91' lang='lat' dir='ltr'>sum),</span> <span class='ocrx_word' id='word_1_402' title='bbox 1193 2360 1308 2401; x_wconf 87' lang='lat' dir='ltr'>iisque</span> <span class='ocrx_word' id='word_1_403' title='bbox 1322 2359 1514 2400; x_wconf 85' lang='lat' dir='ltr'>Inachiam,</span> <span class='ocrx_word' id='word_1_404' title='bbox 1538 2368 1632 2402; x_wconf 83' lang='lat' dir='ltr'>quae</span> 
     </span>
     <span class='ocr_line' id='line_1_75' title="bbox 930 2407 1630 2450; baseline -0.003 -9"><span class='ocrx_word' id='word_1_405' title='bbox 930 2417 989 2441; x_wconf 90' lang='lat' dir='ltr'>me</span> <span class='ocrx_word' id='word_1_406' title='bbox 1001 2410 1191 2450; x_wconf 85' lang='lat' dir='ltr'>aspernata</span> <span class='ocrx_word' id='word_1_407' title='bbox 1207 2410 1274 2449; x_wconf 87' lang='lat' dir='ltr'>est,</span> <span class='ocrx_word' id='word_1_408' title='bbox 1291 2407 1384 2441; x_wconf 89' lang='lat' dir='ltr'>ultro</span> <span class='ocrx_word' id='word_1_409' title='bbox 1396 2409 1630 2443; x_wconf 79' lang='lat' dir='ltr'>concedam.»</span> 
     </span>
     <span class='ocr_line' id='line_1_76' title="bbox 931 2457 1632 2501; baseline 0 -9"><span class='ocrx_word' id='word_1_410' title='bbox 931 2459 1067 2492; x_wconf 82' lang='lat' dir='ltr'>Certare</span> <span class='ocrx_word' id='word_1_411' title='bbox 1089 2458 1191 2490; x_wconf 81' lang='lat' dir='ltr'>alicui</span> <span class='ocrx_word' id='word_1_412' title='bbox 1216 2457 1310 2491; x_wconf 90' lang='lat' dir='ltr'>haud</span> <span class='ocrx_word' id='word_1_413' title='bbox 1331 2466 1413 2490; x_wconf 90' lang='lat' dir='ltr'>raro</span> <span class='ocrx_word' id='word_1_414' title='bbox 1434 2458 1532 2500; x_wconf 86' lang='lat' dir='ltr'>apud</span> <span class='ocrx_word' id='word_1_415' title='bbox 1545 2461 1632 2501; x_wconf 65' lang='lat' dir='ltr'>poe-</span> 
     </span>
     <span class='ocr_line' id='line_1_77' title="bbox 931 2507 1632 2548; baseline 0 -8"><span class='ocrx_word' id='word_1_416' title='bbox 931 2510 985 2540; x_wconf 88' lang='lat' dir='ltr'>tas</span> <span class='ocrx_word' id='word_1_417' title='bbox 1008 2507 1197 2540; x_wconf 87' lang='lat' dir='ltr'>invenitur.</span> <span class='ocrx_word' id='word_1_418' title='bbox 1237 2508 1308 2540; x_wconf 85' lang='lat' dir='ltr'>Sat.</span> <span class='ocrx_word' id='word_1_419' title='bbox 1334 2507 1374 2548; x_wconf 87' lang='grc'>2,</span> <span class='ocrx_word' id='word_1_420' title='bbox 1399 2507 1440 2548; x_wconf 79' lang='lat'>5,</span> <span class='ocrx_word' id='word_1_421' title='bbox 1465 2507 1524 2540; x_wconf 73' lang='lat'>49:</span> <span class='ocrx_word' id='word_1_422' title='bbox 1555 2516 1632 2544; x_wconf 77' lang='lat' dir='ltr'>cer—</span> 
     </span>
     <span class='ocr_line' id='line_1_78' title="bbox 932 2556 1626 2599; baseline 0 -10"><span class='ocrx_word' id='word_1_423' title='bbox 932 2561 1006 2589; x_wconf 84' lang='lat' dir='ltr'>tans</span> <span class='ocrx_word' id='word_1_424' title='bbox 1016 2575 1032 2581; x_wconf 94' lang='lat'>-</span> <span class='ocrx_word' id='word_1_425' title='bbox 1041 2557 1242 2589; x_wconf 75' lang='lat' dir='ltr'>melioribus.</span> <span class='ocrx_word' id='word_1_426' title='bbox 1260 2556 1340 2590; x_wconf 88' lang='lat' dir='ltr'>Vid.</span> <span class='ocrx_word' id='word_1_427' title='bbox 1350 2556 1396 2589; x_wconf 87' lang='lat' dir='ltr'>ad</span> <span class='ocrx_word' id='word_1_428' title='bbox 1408 2557 1519 2599; x_wconf 89' lang='lat' dir='ltr'>Epod.</span> <span class='ocrx_word' id='word_1_429' title='bbox 1530 2557 1564 2598; x_wconf 85' lang='grc'>2,</span> <span class='ocrx_word' id='word_1_430' title='bbox 1572 2557 1626 2590; x_wconf 80' lang='grc'>20.</span> 
     </span>
     <span class='ocr_line' id='line_1_79' title="bbox 933 2606 1631 2649; baseline -0.001 -9"><span class='ocrx_word' id='word_1_431' title='bbox 933 2606 1154 2640; x_wconf 88' lang='lat' dir='ltr'>Reiiciendae</span> <span class='ocrx_word' id='word_1_432' title='bbox 1188 2607 1309 2640; x_wconf 81' lang='lat' dir='ltr'>autem</span> <span class='ocrx_word' id='word_1_433' title='bbox 1341 2607 1483 2639; x_wconf 81' lang='lat' dir='ltr'>ceterae</span> <span class='ocrx_word' id='word_1_434' title='bbox 1521 2606 1631 2649; x_wconf 75' lang='lat' dir='ltr'>inter-</span> 
     </span>
     <span class='ocr_line' id='line_1_80' title="bbox 933 2654 1628 2698; baseline -0.001 -9"><span class='ocrx_word' id='word_1_435' title='bbox 933 2657 1164 2698; x_wconf 87' lang='lat' dir='ltr'>pretationes:</span> <span class='ocrx_word' id='word_1_436' title='bbox 1184 2656 1213 2697; x_wconf 88' lang='grc'>4)</span> <span class='ocrx_word' id='word_1_437' title='bbox 1230 2663 1332 2688; x_wconf 72' lang='lat' dir='ltr'>«cum</span> <span class='ocrx_word' id='word_1_438' title='bbox 1344 2654 1514 2690; x_wconf 75' lang='lat' dir='ltr'>rivafibus</span> <span class='ocrx_word' id='word_1_439' title='bbox 1524 2655 1628 2696; x_wconf 77' lang='lat' dir='ltr'>meis,</span> 
     </span>
    </p>
   </div>
   <div class='ocr_carea' id='block_1_18' title="bbox 1716 1499 1722 1623">
    <p class='ocr_par' dir='ltr' id='par_1_18' title="bbox 1716 1499 1722 1623">
     <span class='ocr_line' id='line_1_81' title="bbox 1716 1499 1722 1525; baseline 0 0"><span class='ocrx_word' id='word_1_440' title='bbox 1716 1499 1722 1525; x_wconf 76' lang='lat' dir='ltr'>i</span> 
     </span>
     <span class='ocr_line' id='line_1_82' title="bbox 1717 1530 1722 1546; baseline 0 0"><span class='ocrx_word' id='word_1_441' title='bbox 1717 1530 1722 1546; x_wconf 65' lang='lat' dir='ltr'>i</span> 
     </span>
     <span class='ocr_line' id='line_1_83' title="bbox 1719 1551 1722 1586; baseline 0 0"><span class='ocrx_word' id='word_1_442' title='bbox 1719 1551 1722 1586; x_wconf 82' lang='lat'>!</span> 
     </span>
     <span class='ocr_line' id='line_1_84' title="bbox 1718 1590 1722 1623; baseline 0 0"><span class='ocrx_word' id='word_1_443' title='bbox 1718 1590 1722 1623; x_wconf 83' lang='lat' dir='ltr'>i</span> 
     </span>
    </p>
   </div>
  </div>
 </body>
</html>
