1722 2904
648 400 952 471 QfflRATII
974 400 1184 463 FLAGGI

378 570 833 692 CARMEN
882 574 1009 690 SE
1024 570 1491 692 CULARE.

756 816 1100 823 -————-

611 972 1238 1012 PRoLEGoMENA.

284 1109 335 1141 De
366 1110 498 1150 origine
530 1109 695 1142 ludorum
722 1109 937 1143 secularium
961 1111 996 1142 et
1019 1109 1064 1142 de
1087 1109 1174 1149 ritu,
1214 1117 1286 1150 quo
1308 1109 1344 1142 in
1367 1109 1502 1151 Campo
1524 1109 1648 1143 Martio

199 1164 494 1205 celebrabantur,
533 1165 614 1198 vide
649 1165 747 1198 locos
786 1165 1084 1199 Commentatoris
1121 1165 1314 1206 Cruquiani
1345 1165 1381 1197 et
1409 1165 1538 1198 Zosimi
1566 1165 1648 1197 huic

197 1221 346 1252 carmini
369 1222 604 1262 praemissos,
631 1221 756 1254 collato
780 1222 954 1263 imprimis
979 1221 1173 1253 Censorino
1197 1220 1236 1253 C.
1263 1220 1316 1252 ⁴7.
1337 1238 1374 1243 -
1391 1221 1569 1261 Augustus
1585 1229 1648 1253 eos

196 1276 390 1308 celebravit
413 1286 444 1309 a.
470 1286 505 1309 u.
532 1286 562 1309 c.
589 1277 679 1317 737.‚
699 1285 781 1309 cum
796 1277 953 1318 primum
970 1276 1196 1316 decennium,
1221 1275 1256 1308 in
1273 1275 1369 1317 quod
1384 1276 1647 1317 prorogandum

196 1332 263 1365 sibi
293 1341 312 1364 a
343 1334 469 1365 senatu
492 1333 682 1375 imperium
706 1334 893 1365 curaverat
915 1341 947 1364 a.
973 1341 1008 1364 u.
1037 1341 1067 1364 c.
1094 1331 1170 1364 727.
1212 1331 1293 1372 (quo
1323 1339 1416 1364 anno
1448 1332 1556 1365 etiam
1578 1333 1649 1364 Au-

194 1389 317 1429 gustus
341 1387 536 1429 appellatus
560 1388 648 1429 est),
674 1389 923 1430 praeterisset;
950 1396 1020 1428 qua
1043 1387 1231 1420 occasione
1255 1386 1371 1419 oblata
1393 1388 1523 1429 partim
1545 1396 1649 1429 prae-

194 1442 330 1475 clarum
369 1443 541 1476 felicitatis
576 1444 714 1485 imperii
754 1444 902 1476 Romani
932 1452 971 1476 se
1002 1443 1161 1485 principe
1190 1444 1462 1475 monumentum
1492 1443 1646 1485 posteris

192 1509 395 1541 proponere
406 1526 413 1540 ,
440 1501 568 1542 partim
591 1502 757 1534 Romanis
774 1500 891 1542 legem
907 1510 1010 1534 suam
1027 1501 1071 1533 de
1088 1499 1294 1533 maritandis
1311 1500 1495 1533 ordinibus
1511 1500 1647 1533 sensim

193 1556 446 1588 commendare
472 1557 604 1588 statuit.
645 1557 737 1589 Finis
761 1557 865 1597 igitur
887 1557 991 1589 huius
1015 1556 1252 1589 caerimoniae
1276 1557 1428 1589 omnino·
1443 1557 1521 1589 erat
1542 1554 1630 1589 πολι

190 1609 411 1652 τικώτατος.
452 1612 645 1654 compacto
670 1614 790 1645 autem
814 1620 893 1644 rem
917 1621 999 1644 cum
1024 1611 1317 1651 Quindecimviris
1340 1612 1451 1644 sacris
1471 1611 1645 1644 faciundis

191 1667 239 1698 ita
264 1668 378 1708 egisse
401 1667 557 1705 videtur,
597 1669 636 1700 ut
657 1668 694 1700 hi
717 1677 781 1709 pro
806 1668 882 1700 eius
907 1667 1084 1700 voluntate
1109 1667 1196 1700 dicis
1221 1676 1327 1700 causa
1352 1667 1520 1700 consultis
1543 1666 1642 1700 libris

191 1721 367 1763 Sibyllinis
393 1724 427 1755 et
450 1724 655 1764 compositis
679 1723 827 1756 fortasse
851 1722 917 1756 illis
940 1723 1025 1765 ipsis
1048 1722 1213 1756 versibus
1237 1722 1432 1764 Sibyllinis,
1457 1731 1548 1764 quos
1571 1731 1645 1756 ser-
1706 1769 1712 1775 ι

190 1779 318 1810 varunt
353 1777 509 1819 Phlegon
541 1778 732 1811 Trallianus
762 1780 798 1811 et
824 1779 1002 1819 Zosimus,
1041 1779 1328 1820 pronuntiarent,
1367 1778 1510 1812 ultimos
1540 1777 1643 1811 ludos

191 1833 371 1866 seculares
396 1833 595 1867 celebratos
620 1843 701 1867 esse
726 1844 758 1867 a.
773 1844 808 1866 u.
824 1844 855 1867 c.
871 1835 961 1874 628.,
989 1843 1060 1875 quo
1083 1834 1232 1867 fortasse
1248 1833 1427 1876 piaculum
1442 1835 1478 1867 et
1491 1833 1643 1867 lustrum

190 1888 332 1930 aliquod
356 1888 527 1922 sollemne
551 1889 671 1932 populi
694 1890 842 1923 Romani
865 1889 997 1922 factum
1021 1890 1108 1930 erat,
1135 1898 1219 1922 cum
1241 1898 1280 1922 re
1301 1897 1388 1922 vera
1403 1889 1564 1931 proxime
1580 1898 1643 1922 su-

189 1946 351 1986 periores
376 1945 459 1977 editi
484 1947 605 1978 essent
627 1955 658 1978 a.
684 1955 720 1978 u.
747 1954 778 1978 c.
806 1946 880 1977 605.
907 1943 964 1977 vel
987 1945 1076 1984 608.¹
1117 1944 1351 1986 sequentihus
1377 1945 1418 1986 (a.
1443 1954 1480 1977 u.
1506 1954 1537 1977 c.
1563 1945 1639 1977 705.

188 2000 246 2032 vel
269 2000 357 2041 708.)
382 2009 448 2042 per
470 2000 648 2033 bellorum
671 2000 826 2033 civilium
841 1999 964 2033 turbas
980 2000 1207 2039 intermissis3
1235 1999 1398 2033 seculum
1413 2001 1534 2033 autem
1549 1999 1641 2032 finiri

190 2057 291 2089 annis
316 2057 406 2096 CX.,
448 2066 517 2098 qua
541 2058 576 2089 in
599 2066 638 2089 re
662 2057 847 2089 Etruscam
872 2056 1068 2088 doctrinam
1093 2056 1207 2088 secuti
1230 2063 1311 2088 esse
1334 2054 1518 2095 videntur,
1557 2063 1640 2088 cum

189 2112 410 2145 consuetudo
449 2111 555 2145 latina
583 2121 618 2144 v.
649 2112 795 2144 seeulwm
823 2120 890 2153 pro
921 2111 1081 2144 centenis
1112 2111 1212 2143 annis
1241 2112 1443 2152 usurparet.
1491 2111 1640 2144 Omnino

189 2169 309 2199 autem
347 2168 542 2200 tenendum
572 2166 675 2200 ludos
706 2166 888 2200 seculares
917 2166 962 2198 ab
994 2167 1151 2207 Augusto
1178 2166 1356 2199 institutos
1383 2166 1507 2208 potius-
1531 2175 1639 2208 quam

188 2224 400 2255 instauratos
433 2225 539 2264 atque
574 2232 594 2255 a
624 2222 856 2264 sequentihus
880 2221 1158 2263 imperatoribus
1183 2220 1383 2254 celebratos
1407 2222 1443 2253 et
1466 2220 1581 2254 forma
1604 2223 1640 2255 et

188 2278 258 2310 fine
282 2288 429 2320 prorsus
453 2279 562 2311 fuisse
587 2278 747 2311 diversos
771 2277 816 2310 ab
840 2278 900 2317 iis,
935 2278 995 2318 qui
1019 2277 1148 2310 eodem
1171 2277 1314 2310 nomine
1338 2278 1419 2309 ante
1442 2277 1640 2318 Augustum

187 2335 443 2366 memorantur.
486 2334 556 2366 Cfr.
583 2334 728 2366 Petrum
752 2332 925 2365 Taffinum
949 2332 994 2365 de
1017 2334 1258 2365 Romanorum
1273 2341 1365 2364 anno
1382 2331 1533 2364 seculari
1549 2331 1641 2364 eius-

188 2398 257 2430 que
290 2390 515 2431 potissimum
538 2398 604 2430 per
627 2388 730 2421 ludos
754 2387 937 2421 seculares
961 2387 1167 2420 celebritate
1192 2396 1389 2428 eorumque
1414 2386 1640 2428 chronologia

186 2445 221 2476 in
246 2445 382 2477 Graevii
406 2445 587 2477 Thesauro
610 2445 697 2476 VIll.
724 2453 802 2486 pag.
828 2443 904 2476 466.
931 2445 1038 2485 atque
1056 2444 1197 2476 ceteros
1214 2443 1406 2485 scriptores
1422 2452 1442 2475 a
1458 2443 1641 2477 Mitscher-

185 2500 290 2532 lichio
315 2502 350 2532 et
373 2500 562 2540 Doeringio
587 2500 908 2538 commemoratos,
941 2500 1027 2531 item
1050 2498 1167 2531 Ideler
1190 2499 1406 2540 Chronoloyie
1426 2499 1467 2531 11.
1493 2506 1572 2540 pag.
1597 2498 1640 2531 82

186 2565 286 2596 seqq.
303 2581 309 2596 ,
337 2557 493 2596 Hartung
508 2555 656 2596 Religion
680 2556 739 2587 der
760 2556 881 2588 Romer
897 2555 937 2587 11.
963 2563 1043 2596 pag.
1062 2554 1115 2586 92.
1134 2580 1141 2594 ,
1168 2555 1203 2586 et
1224 2562 1310 2596 prae
1334 2553 1500 2587 omnibus
1517 2554 1555 2586 C.
1575 2554 1630 2586 Fr.

186 2613 430 2644 Hermannum
459 2612 498 2642 de
528 2611 597 2656 loco
621 2610 781 2651 Apollinis
803 2611 838 2642 in
862 2611 1014 2643 car-mino
1037 2610 1170 2642 Horatii
1193 2609 1382 2650 saeculari,
1420 2609 1510 2641 Gott.
1539 2607 1636 2642 ⁴848.
