1722 2904
139 75 220 116 490

651 76 822 108 HORATII
846 75 1071 109 CARMINUM

366 180 503 222 Ducat
533 186 575 222 et
604 192 847 236 praegnans
878 179 997 222 canis
1028 185 1100 221 aut
1129 178 1183 221 ab
1214 192 1316 235 agro

363 261 477 303 Rava
508 259 745 303 decurrens
774 258 876 316 lupa
906 259 1146 308 Lanuvino,

530 342 720 397 Fetaque
749 339 911 397 volpes.

361 448 542 503 Rumpat
572 451 615 489 et
643 458 824 502 serpens
854 444 935 487 iter
964 444 1220 493 institutum,
1245 446 1247 448 ’
1559 446 1586 487 5

363 526 406 569 Si
437 540 517 583 per
546 525 769 583 obliquum
799 524 949 568 similis
979 524 1158 582 sagittae

180 653 211 685 2.
233 661 404 693 praegnas
425 653 464 684 B.
485 670 521 674 —
540 651 571 683 3.
589 651 753 683 Lanivino
776 651 831 682 FJ.
852 648 982 691 (Nullus
1006 658 1170 683 meorum
1194 650 1320 692 Codd.)
1339 670 1375 675 «-
1394 652 1426 684 5.
1443 652 1545 685 Rum-

176 705 239 742 pat
260 702 401 741 BbSTc,
433 700 580 734 Bentleii
604 700 715 734 Codd.
740 700 885 742 praeter
907 700 1160 739 Graevianum,
1193 700 1306 733 LCtF:
1342 700 1478 741 Rumpit
1499 708 1543 733 ex

179 750 206 790 β
231 752 329 792 (Pott.
356 752 393 790 Ξ,
420 752 458 790 5,
485 751 529 790 6.)
553 750 664 783 Bentl.
691 750 736 783 M.
765 750 815 790 (Ut
838 758 920 788 nos,
945 749 989 789 J.)

136 862 224 895 bere
253 862 369 895 solent
396 861 643 903 superstitiosi.
693 862 744 901 (Ut
771 869 838 893 ve-

136 921 217 945 rum
251 912 383 951 fatear,
420 912 456 943 in
489 911 606 943 Boerii
637 910 838 942 Dizionario

138 963 190 995 del
204 963 338 994 dialecto
358 962 552 994 Veneziamo.
581 961 722 993 Vmwzia
738 959 834 992 4829.

140 1021 173 1044 v.
203 1020 383 1052 parruzza
420 1020 491 1043 non
530 1011 732 1052 comparet,
771 1009 837 1041 sed

131 1061 328 1102 parussola,
354 1061 497 1092 Linnaei
514 1068 625 1100 parus
645 1059 775 1098 maior,
801 1058 837 1090 id

136 1113 209 1150 est,
246 1111 402 1152 Spieqel-
424 1109 482 1143 vel
514 1109 728 1151 Blaumeise.)
773 1107 837 1141 Alii

138 1159 314 1202 explicant
350 1160 556 1200 Grunspecht
590 1159 659 1200 (cui
683 1157 838 1200 explica-

134 1210 220 1241 tioni
236 1209 331 1241 favet
344 1218 378 1240 v.
399 1209 488 1250 ⁴5),
515 1207 572 1240 alii
587 1208 707 1240 Kibitz.
734 1206 837 1249 Apud

135 1258 243 1291 Plaut.
262 1259 357 1290 Asin.
383 1258 403 1289 2
417 1283 424 1295 ‚
451 1258 464 1290 4
481 1282 488 1297 ,
508 1258 561 1289 42.
588 1257 703 1289 fausta
719 1256 837 1288 omina

136 1308 398 1340 memorantur:
422 1308 519 1339 Picus
533 1310 563 1347 ej
582 1306 704 1338 cornix
726 1309 772 1338 est
795 1305 836 1337 ab

135 1358 250 1397 laeva,
276 1365 412 1396 corvus,
431 1365 545 1396 parra
572 1354 626 1395 (al.
649 1354 770 1397 porro)
794 1355 837 1387 ab

136 1408 287 1439 dextera.
307 1405 407 1438 Conf.
422 1405 589 1438 Prudent.
605 1405 686 1437 adv,
698 1405 833 1445 Symm.

135 1457 174 1495 2,
193 1457 270 1488 570.
299 1474 335 1479 -
363 1455 554 1496 recinentis]
590 1454 752 1487 «assidue
781 1455 837 1486 at-

136 1514 205 1546 que
231 1506 354 1545 arguta
370 1513 459 1536 voce
477 1504 671 1536 canentis.»
702 1504 836 1536 «Cantu

135 1554 286 1586 adversa
327 1553 524 1594 significare
535 1566 569 1594 u,
619 1554 658 1585 ut
696 1562 836 1585 nonne-

134 1612 194 1636 mo
209 1603 338 1643 voluit,
363 1612 429 1645 per
451 1612 491 1635 se
507 1612 540 1635 v.
565 1603 713 1636 recinere
728 1603 837 1644 signi-

135 1653 242 1685 ficare
276 1661 347 1685 non
376 1653 504 1694 potest.
542 1670 578 1675 —
622 1653 835 1694 praequam]

134 1703 172 1734 ln
199 1701 457 1743 antiquioribus
485 1701 617 1740 Codd.,
651 1702 746 1733 utin
770 1710 837 1733 no-

134 1752 208 1783 stro
236 1752 280 1790 B,
329 1752 384 1783 est
418 1750 492 1783 fere
531 1759 713 1792 praegnas.
780 1751 836 1783 Sic

134 1802 169 1834 in
208 1802 384 1834 Amiatino
419 1803 534 1834 Lucae
572 1802 611 1841 2,
648 1803 686 1834 5:
726 1811 837 1834 wore

130 1855 329 1893 praeynate.

177 1900 209 1932 3.
235 1900 267 1933 4.
301 1900 416 1942 Rava]
441 1900 552 1942 Epod.
573 1900 631 1940 46,
649 1900 710 1932 33:
734 1909 836 1933 ravos

134 1949 319 1981 —-leones.
369 1950 502 1981 «Ravus
535 1947 752 1995 (χαροπός)
787 1950 834 1982 ad

133 1998 255 2031 oculos
279 1999 353 2031 fere
377 1998 530 2031 refertur
553 2000 589 2031 et
611 1999 760 2032 mixtum
784 2000 835 2031 in-

133 2047 228 2079 dicat
262 2047 420 2080 colorem
455 2057 499 2079 ex
530 2048 630 2089 nigro
655 2049 690 2080 et
724 2047 830 2080 fulvo.

134 2097 269 2137 (Festus
295 2106 323 2129 s.
341 2106 376 2128 v.
405 2098 523 2129 Acron
544 2097 590 2129 ad
611 2097 646 2129 h.
672 2096 709 2138 l.)
734 2098 833 2129 Hanc

132 2147 291 2188 speciem
306 2145 559 2179 versicolorem
572 2145 757 2179 oculorum
773 2147 832 2179 iris

132 2196 167 2228 in
201 2195 319 2228 multis
348 2195 558 2228 animalibus
589 2196 636 2228 ita
658 2194 829 2237 praebet,

132 2246 171 2277 ut
193 2254 235 2277 ex
270 2245 368 2286 nigro
404 2244 524 2278 colore
559 2245 656 2277 iridis
692 2243 832 2285 igniculi

133 2294 278 2335 quidam
314 2295 389 2326 auri
441 2295 553 2327 instar
597 2293 828 2335 refulgeant.»

134 2344 253 2375 LUCAs.
283 2362 318 2366 —
351 2344 546 2385 decurrens]
584 2353 625 2376 ex
650 2343 737 2376 silva
766 2341 832 2375 ali-

133 2394 264 2433 quanto
305 2391 406 2425 altius
445 2393 510 2425 sita
550 2393 583 2425 in
627 2393 722 2425 viam
758 2393 832 2433 Ap-

132 2442 239 2483 piam.
302 2443 357 2474 Sic
397 2442 559 2475 Hermias
598 2442 643 2475 ad
677 2441 828 2474 Phaedr.

133 2500 211 2531 pag.
238 2491 291 2523 94.
317 2492 389 2523 Ast.
417 2491 509 2524 inter
539 2492 657 2524 omina
679 2491 828 2524 infausta

134 2541 294 2572 meminit
316 2538 436 2583 γαλῆς
458 2538 693 2586 δραμούσης.
725 2541 830 2582 (Inter

134 2589 280 2621 infausta
297 2589 432 2629 omina,
459 2599 551 2630 quae
569 2590 684 2622 Seiani
701 2599 829 2623 necem

133 2640 423 2678 praecesserunt,
450 2639 514 2671 Dio
531 2639 589 2678 58,
608 2641 639 2671 5.
658 2640 727 2672 hoc
744 2648 830 2680 quo-

887 869 957 901 que
991 862 1185 893 memorat:
1226 857 1430 907 προϊόντος
1465 857 1586 895 αὐτοῦ

887 908 930 941 ἐκ
966 906 1036 952 τῆς
1069 910 1196 951 οἰκίας
1227 907 1326 954 γαλῆ
1358 908 1422 943 διὰ
1455 911 1586 954 μέσων

887 955 1000 999 σφῶν
1033 956 1192 1005 διῇξεν.)
1230 979 1266 984 -
1302 961 1477 993 Lanuvino
1510 961 1586 994 sive

886 1009 1049 1041 Lam'vino
1085 1009 1248 1051 (utroque
1279 1010 1388 1043 modo
1419 1010 1587 1044 scribitur

887 1059 995 1091 etiam
1010 1060 1047 1091 in
1062 1059 1253 1101 Inscriptt.)
1270 1069 1290 1092 a
1306 1061 1462 1094 Lanuvio
1473 1086 1482 1101 ,
1499 1060 1587 1094 Latii

888 1108 1035 1150 oppido,
1067 1109 1163 1141 haud
1193 1108 1297 1151 longe
1329 1119 1351 1142 a
1373 1110 1430 1143 via
1459 1110 1583 1152 Appia.

890 1175 927 1180 —
951 1158 1112 1200 Fetaque]
1137 1167 1284 1191 «recens
1309 1159 1441 1201 (fetum)
1461 1161 1584 1199 enixa,

887 1206 1050 1248 adeoque
1075 1206 1198 1240 catulis
1221 1207 1276 1240 lac
1291 1208 1470 1250 praebens
1493 1208 1586 1251 (saw-

884 1255 997 1297 aend);
1016 1265 1084 1297 qua
1098 1257 1352 1298 significatione
1364 1258 1472 1291 etiam
1487 1259 1583 1299 Virg.

886 1304 957 1337 Ecl.
995 1306 1032 1345 4,
1072 1306 1127 1338 50.
1167 1306 1254 1347 fetas
1288 1306 1376 1339 dixit
1412 1308 1449 1339 et
1484 1307 1583 1341 ovid.

886 1354 976 1387 Fast.
1003 1355 1040 1394 5,
1072 1355 1154 1387 ⁴77:
1187 1355 1332 1388 latebras
1359 1356 1446 1397 fetae
1471 1360 1587 1389 catw-

885 1404 1033 1443 losque
1070 1404 1217 1438 leaenae.
1271 1404 1362 1438 Alibi
1402 1413 1488 1438 sane
1521 1409 1587 1444 ,est

887 1462 1152 1495 «praegnans»,
1177 1455 1217 1486 ut
1237 1454 1335 1496 Virg.
1359 1454 1432 1488 Ecl.
1457 1455 1495 1495 3,
1520 1455 1588 1488 82:v

885 1503 990 1536 Dulce
1003 1521 1019 1527 -
1032 1503 1138 1535 Lenta
1167 1503 1258 1536 salix
1288 1504 1354 1546 feto
1382 1505 1510 1545 pecori.
1545 1523 1582 1528 —

889 1552 1022 1593 Volpom
1055 1551 1155 1585 multi
1190 1553 1366 1595 explicant
1396 1554 1507 1587 «item
1537 1553 1584 1586 ab

885 1611 971 1643 agro
994 1602 1175 1634 Lanuvino
1198 1602 1450 1636 decurrentem
1460 1612 1490 1642 »ς
1518 1603 1584 1636 sed

887 1660 970 1684 cum
992 1652 1027 1683 in
1051 1652 1125 1683 tam
1147 1651 1272 1694 rapido
1295 1661 1405 1685 cursu
1427 1652 1584 1686 discerni

885 1702 944 1733 vix
966 1702 1095 1742 possit,
1121 1710 1167 1733 an
1187 1701 1258 1742 feta
1279 1702 1325 1735 sit
1347 1711 1478 1742 necne,
1503 1710 1585 1735 ma-

885 1750 946 1783 lim
970 1750 1140 1792 equidem
1163 1751 1406 1792 interpretari:
1434 1751 1484 1784 «si
1505 1750 1585 1784 vol—

883 1809 968 1842 pem
992 1808 1075 1832 cum
1098 1799 1221 1832 catulis
1244 1801 1504 1842 conspexerit.»

927 1850 959 1881 5.
985 1848 1141 1890 Rumpat]
1159 1849 1432 1892 «interrumpat,
1452 1848 1585 1882 incidat

883 1898 1000 1939 impiis
1023 1898 1091 1930 iter
1112 1898 1328 1937 institutum,
1353 1897 1446 1931 mala
1461 1898 1503 1931 iis
1518 1898 1585 1931 mi-

883 1947 1015 1979 nitetur
1053 1947 1159 1978 etiam
1193 1954 1344 1988 serpens
1377 1948 1582 1980 transversa

883 2005 927 2028 ex
948 1997 1051 2038 parte
1075 1994 1262 2028 celerrime
1291 1995 1450 2030 allabens
1477 2005 1583 2030 man-

883 2053 1020 2086 nosque
1036 2045 1334 2087 perterrefaciens
1344 2071 1352 2086 ,
1370 2045 1506 2079 scilicet
1519 2047 1580 2087 ita,

881 2095 921 2126 ut
952 2094 1035 2126 huic
1065 2094 1173 2126 omini
1203 2093 1346 2127 selerati
1373 2103 1445 2128 non
1467 2096 1581 2137 magis

881 2144 1031 2186 pareant
1054 2152 1162 2185 quam
1183 2143 1364 2185 prioribus
1383 2143 1449 2178 illis
1465 2153 1581 2186 aeque

881 2192 1042 2226 infaustis
1072 2193 1226 2234 ideoque
1255 2194 1452 2234 pereant5»
1487 2202 1580 2236 quae

881 2242 1028 2284 quidem
1058 2243 1233 2275 sententia
1264 2243 1453 2276 deducitur
1477 2252 1522 2276 ex
1541 2251 1578 2276 v,

881 2292 998 2331 ducat3
1022 2292 1211 2333 praeterea
1225 2293 1350 2334 partic.
1365 2295 1397 2325 ot
1411 2300 1581 2326 necessa·

881 2342 934 2373 rio
957 2349 1023 2374 nos
1039 2341 1180 2374 reducit
1201 2341 1247 2374 ad
1268 2342 1397 2382 impios.
1423 2342 1582 2384 Quapro-

880 2392 961 2433 pter
975 2390 1095 2423 locum
1111 2399 1182 2423 non
1197 2390 1308 2424 habet
1321 2391 1464 2432 rumpit,
1482 2391 1579 2433 quod

881 2450 925 2474 ex
938 2441 1025 2473 Cod.
1040 2441 1250 2481 Graeviano,
1268 2441 1325 2473 cui
1337 2441 1476 2474 accedit
1486 2449 1579 2473 unus

880 2492 967 2523 item
985 2490 1182 2531 Vanderb.,
1206 2489 1372 2532 praetulit
1385 2489 1576 2529 Bentleius3

881 2549 972 2582 quae
1003 2541 1088 2573 satis
1126 2539 1248 2581 frigida
1283 2541 1381 2572 esset
1416 2547 1578 2572 comme-

880 2590 1031 2622 moratio
1059 2588 1147 2622 alius
1178 2589 1305 2622 ominis
1327 2588 1485 2628 infausti,
1521 2589 1577 2620 cui
1601 2614 1607 2621 .

879 2640 999 2671 utrum
1024 2639 1101 2680 quis
1124 2639 1283 2680 paruerit
1305 2646 1418 2672 necne
1434 2646 1505 2671 non
1521 2637 1577 2670 di-
