1722 2904
31 2879 40 2886 ι
12 2586 40 2860 ’ἢκμένιιῒκςέῖῖῡτωεε
26 2565 30 2567 ,
30 2524 33 2529 Δ

51 2843 60 2847 .

633 90 771 123 unm.
817 90 948 122 CARM.
975 89 1016 122 lX
1023 113 1030 120 .

1474 86 1555 128 697

337 195 509 251 Puppes
539 193 835 236 sinistrorsum
864 193 987 236 citae.
1504 192 1560 233 20

281 275 328 317 lo
358 273 610 332 Triumphe,
642 280 686 316 tu
715 273 899 316 moraris
930 286 1087 316 aureos

196 381 252 414 20.
276 381 362 413 sitae
384 380 496 414 Codd.
522 380 593 413 duo
619 380 786 421 cruquii,
824 388 942 421 :quae
971 381 1091 412 tamen
1123 380 1341 421 scriptura»,
1378 380 1512 421 inquit,

155 439 247 463 -non
269 429 420 465 carebat
441 429 580 462 litura.»
604 429 707 471 (citae
728 428 848 469 bSed.)

112 524 188 556 eius
210 521 291 564 fuga
306 521 419 554 verba
442 521 558 553 facere
573 522 736 563 poetam,
761 520 807 554 de

111 580 182 614 qua
209 570 385 604 Plutarch.
409 571 489 603 Ant.
518 570 578 602 66:
614 568 808 611 αἰφνίδιον

112 620 156 653 αἱ
196 617 443 665 Κλεοπάτρας
486 615 676 661 ἑξήκοντα
719 617 809 662 νῆες

111 665 306 712 ὤφθησαν
338 666 540 715 αἰρόμεναι
578 666 673 715 πρὸς
708 665 808 701 ἀπό-

113 717 234 752 πλουν
265 715 314 751 τὰ
349 719 454 751 ἱστία
484 719 551 750 καὶ
583 715 646 751 διὰ
682 719 807 761 μέσου

112 765 328 813 φεύγουσαι
342 766 662 811 τῶνμαχομένων·
674 786 709 792 --
720 768 768 800 Οἱ
776 766 808 800 δ’

112 818 276 851 ἐναντίω
298 815 561 860 θαυμάζοντες
576 816 742 850 ἐθεῶντο
756 815 808 860 τῷ

113 865 300 910 πνεύματι
321 869 522 914 χρωμένας
544 864 707 913 ὁρῶντες
722 867 810 901 ἐπε-

112 915 262 958 χούσας
283 914 380 963 πρὸς
401 914 471 960 τὴν
494 915 806 960 Πελοπόννησον.

52 962 56 966 ’
113 966 185 999 Sed
198 967 229 1000 si
245 966 357 999 verba
376 975 443 1008 per
457 975 496 999 se
513 967 807 1008 spectaverimus‚

111 1015 183 1048 hoc
202 1013 405 1053 „ridebimus
431 1015 517 1047 dici:
544 1017 704 1057 «partem
720 1024 810 1057 quo-

113 1073 184 1106 que
205 1065 386 1097 sociorum
406 1065 545 1097 Antonii
568 1064 746 1097 navalium
761 1065 810 1097 si-

114 1113 189 1149 mili
210 1114 347 1156 pudore
367 1113 425 1146 vel
449 1114 556 1146 etiam
578 1114 725 1147 infelicis
741 1115 812 1147 exi-

117 1165 175 1197 tus
196 1165 296 1196 metu
309 1162 511 1205 perculsam
526 1164 650 1204 ignave
666 1163 810 1197 latuisse

113 1213 149 1244 in
174 1213 280 1254 portu
301 1211 419 1253 aliquo
440 1211 485 1244 ab
508 1213 608 1244 Actio
631 1214 810 1245 Orientem

112 1269 239 1294 versus
267 1261 382 1300 sitm»
416 1262 490 1294 sive
521 1270 629 1294 verus
657 1263 733 1295 eius
759 1263 811 1294 rei

115 1311 258 1344 nuntius
292 1311 441 1343 Romam
484 1313 698 1351 pervenerat
734 1312 810 1344 sive

114 1368 180 1392 suo
221 1359 298 1392 iure
338 1358 375 1391 id
407 1359 526 1399 finxit,
569 1361 608 1392 ut
642 1361 811 1402 equitatui

113 1407 245 1441 Gallico
266 1409 303 1440 in
325 1417 369 1441 eo
389 1408 535 1450 pudoris
558 1408 614 1441 vel
637 1410 743 1442 etiam
767 1410 812 1441 ti-

113 1458 223 1490 moris
254 1458 383 1490 affectu
407 1457 529 1491 classis
570 1467 713 1500 quoque
746 1459 813 1491 ho—

113 1505 201 1539 stilis
235 1515 320 1549 pars
361 1507 636 1552 consociaretur.
696 1507 810 1540 Nolim

115 1555 186 1588 huc
222 1555 357 1588 referre
386 1555 497 1588 verba
530 1555 705 1590 Plutarchi
738 1559 812 1589 An-

116 1606 188 1637 ton.
214 1604 276 1637 63:
312 1602 366 1637 Οὐ
393 1602 473 1647 μὴν
502 1600 585 1637 ἀλλ’
614 1604 810 1649 ἐξενίκησε

114 1652 342 1701 Κλεοπάτρα
367 1652 431 1687 διὰ
458 1654 534 1688 τῶν
555 1655 652 1688 νεῶν
674 1655 811 1702 κριθῆ-

114 1713 178 1736 ναι
199 1701 267 1736 τὸν
281 1702 451 1747 πόλεμον
467 1702 541 1748 ἤδη
564 1703 660 1751 πρὸς
681 1703 810 1748 φυγὴν

117 1748 252 1798 ὁρῶσα
272 1754 339 1786 καὶ
360 1754 540 1798 τιθεμένη
556 1752 604 1787 τὰ
624 1755 711 1787 καθ’
727 1755 813 1787 ἑαυ-

113 1799 198 1844 τήν,
211 1799 286 1843 οὐχ
301 1798 400 1836 ὅπου
412 1801 508 1850 πρὸς
518 1801 564 1836 τὸ
576 1802 687 1848 νικᾴν
702 1801 810 1837 ἔσται
834 1808 837 1832 Ι
862 1806 1051 1846 terrogatio
1060 1831 1068 1845 ‚

114 1849 323 1897 χρήσιμος,
357 1849 436 1884 ἀλλ’
458 1850 551 1885 ὅθεν
580 1848 710 1886 ἄπεισι
742 1850 811 1899 ῥᾷ-

114 1910 190 1933 στα
221 1899 298 1933 τῶν
332 1901 564 1947 πραγμάτων
593 1900 811 1945 ἀπολλυμέ-

114 1959 202 1982 νων.
226 1951 300 1983 Hoc
324 1953 437 1990 enim,
465 1961 547 1984 cum
571 1961 717 1985 carmen
741 1953 809 1985 hoc

115 2000 352 2041 compositum
376 2002 448 2040 est,
485 2003 616 2034 Romae
645 2002 727 2034 sciri
753 2003 811 2034 vix

61 2049 68 2053 '
114 2049 271 2090 poterat,
300 2050 331 2081 si
351 2049 408 2082 vel
431 2052 584 2083 maxime
606 2060 733 2083 verum
749 2051 812 2083 suit

114 2106 233 2139 neque
261 2107 306 2130 ex
334 2098 582 2145 πραγματικῷ
614 2099 670 2132 illo
699 2101 812 2133 histo-

115 2147 188 2179 riae
211 2147 421 2181 scribendae
444 2158 576 2190 genere
599 2150 715 2189 fluxit,
740 2158 811 2191 quo

115 2197 196 2237 post
234 2195 420 2237 Polybium
453 2207 560 2240 saepe
595 2198 697 2231 abusi
730 2200 812 2231 sunt

117 2246 252 2277 Graeci.
291 2248 415 2288 Neque
431 2256 516 2279 vero
534 2256 617 2280 cum
640 2249 813 2289 Interpre—

116 2293 209 2326 tibus
239 2294 310 2327 huc
343 2296 433 2327 trahi
466 2298 616 2337 possunt
638 2306 695 2328 vv.
721 2296 808 2329 Plut.

115 2344 194 2375 Ant.
212 2344 291 2376 eod.
309 2353 389 2385 cap.
405 2345 676 2386 praecedentia:
702 2343 755 2378 Τὸ
770 2345 811 2379 δὲ

857 520 980 555 lei-iter
992 523 1093 555 actae
1103 532 1112 561 ς
1123 534 1140 551 1·
1167 530 1298 563 puppes
1309 523 1412 566 ciere,
1430 523 1465 554 in
1480 530 1561 564 pro-

858 580 897 604 sa
913 579 966 603 or.
996 571 1113 613 (retro)
1139 571 1300 604 inhibere
1313 572 1439 611 remis,
1465 568 1560 618 πρύ-

856 630 958 662 μναν
982 616 1282 666 ἀνακρούεσθαι.
1322 621 1560 653 sinistrorsum

857 671 989 709 autem,
1000 671 1169 712 quoniam
1181 671 1225 709 ei,
1240 671 1300 712 qui
1313 679 1333 702 a
1345 670 1560 712 Septentrio-

860 728 905 751 ne
931 718 1168 752 contuebatur
1192 721 1348 760 Actium,
1378 720 1558 752 sinistram

858 776 984 800 versus
1017 777 1143 801 omnes
1177 769 1340 810 regiones
1369 768 1558 801 orientales

858 818 946 850 sitae
963 819 1082 858 erant,
1106 819 1262 860 primum
1276 817 1557 860 Peloponnesus,

859 867 934 899 tum
964 868 1046 900 Asia
1077 868 1209 906 minor,
1246 868 1323 910 ipsa
1351 870 1556 910 Aegyptus;

857 916 947 948 haec
971 916 1098 950 saltem
1122 918 1211 950 intra
1228 918 1409 950 Orientem
1433 919 1470 950 et
1484 919 1556 950 Me-

858 966 1003 1006 ridiem,
1027 967 1129 998 Sad-
1141 968 1208 999 Ost.
1235 966 1433 1009 Simplicius
1449 967 1556 1000 etiam

859 1017 1053 1049 Gronovius
1070 1017 1171 1050 Obss.
1189 1016 1221 1050 4.
1238 1026 1273 1059 p.
1291 1016 1368 1050 545.
1398 1017 1556 1050 Frotsch.

859 1063 1155 1107 (locus.diguus‚
1191 1067 1251 1107 qui
1280 1067 1374 1099 totus
1403 1065 1557 1107 legatur)

859 1113 950 1146 haec
972 1115 1135 1147 adnotat:
1164 1114 1337 1147 «Tabulae
1361 1116 1448 1148 situs
1473 1115 1555 1156 piu-

860 1164 1019 1204 gentium
1048 1165 1179 1197 docent
1207 1164 1253 1197 ab
1276 1165 1375 1197 Actio
1404 1165 1559 1206 petenti-

860 1212 929 1245 bus
951 1215 1153 1256 Aegyptum
1177 1214 1224 1246 ad
1246 1214 1385 1247 laevam
1401 1223 1482 1247 esse
1498 1223 1560 1247 na-

860 1262 1063 1303 vigandum.
1104 1264 1219 1296 Livius
1250 1263 1399 1297 illustret
1428 1264 1492 1303 28,
1520 1265 1554 1296 5.

862 1314 949 1345 extr.
967 1313 1002 1344 in
1024 1312 1100 1345 aliis
1115 1312 1203 1346 locis
1217 1313 1379 1346 similiter
1392 1313 1555 1354 loquens:

862 1362 983 1394 Oreum
998 1380 1035 1402 -,
1077 1372 1162 1402 quae
1185 1363 1228 1394 ab
1250 1363 1461 1395 Demetriaco
1482 1361 1559 1395 sinu

861 1411 1047 1444 Chalcidem
1060 1415 1091 1444 et
1106 1412 1272 1452 Euripum
1287 1413 1413 1452 petenti
1427 1413 1473 1444 ad
1491 1413 1561 1445 lao-

859 1470 938 1492 vam
967 1461 1082 1501 prima
1112 1461 1245 1493 urbium
1266 1461 1420 1493 Euboeae
1447 1462 1560 1502 posita

834 1495 838 1566 1
860 1514 939 1543 est.»
979 1510 1228 1551 (Sinistrorsum
1256 1519 1322 1551 pro
1343 1511 1494 1550 sinistre,
1523 1512 1559 1543 in

861 1560 1015 1599 deterius,
1040 1560 1143 1598 citae,
1167 1561 1207 1591 ut
1222 1559 1368 1600 quidam
1382 1561 1560 1602 interpre-

861 1610 954 1641 tatus
967 1610 1033 1647 est,
1048 1609 1293 1641 consuetudini
1306 1610 1447 1642 Latinae
1458 1618 1560 1651 pror-

861 1667 923 1690 sus
945 1659 1143 1699 repugnat.)
1166 1658 1255 1690 Vide
1277 1658 1488 1691 Excursum.

905 1708 959 1739 2⁴.
995 1708 1049 1739 22.
1088 1708 1124 1739 Io
1159 1707 1556 1749 Triumphe—-bovesffl

863 1756 932 1788 Cfr.
958 1756 1022 1788 Od.
1041 1755 1079 1796 4,
1104 1757 1144 1796 2,
1169 1756 1224 1789 49.
1264 1758 1324 1789 Est
1351 1758 1473 1790 autem
1502 1758 1559 1790 in-

1129 1815 1199 1838 non
1249 1806 1472 1846 exclamatio,
1522 1808 1560 1839 ut

861 1854 1021 1897 plerique
1050 1854 1288 1896 distinguunt:
1323 1857 1360 1888 Io
1385 1857 1559 1897 Triumphe

861 1922 881 1928 -
895 1922 915 1927 -
942 1904 1059 1935 boves!
1106 1903 1165 1936 vel
1209 1905 1311 1946 peius
1351 1906 1474 1937 etiam:
1521 1906 1558 1938 Ιο

864 1953 1038 1993 Triumphe
1062 1971 1082 1976 -
1102 1971 1122 1976 -
1142 1953 1260 1985 boves:
1297 1955 1334 1986 Io
1370 1955 1555 1995 Triumphe.

863 2014 879 2030 «ι
894 2003 1028 2034 Currus
1069 2002 1135 2043 ipsi
1178 2002 1410 2044 triumphales
1446 2005 1559 2045 parati

862 2053 961 2084 sunt:
1001 2060 1065 2083 cur
1094 2053 1132 2083 tu
1146 2077 1154 2091 ‚
1190 2052 1381 2093 Triumphe
1396 2078 1405 2092 ,
1440 2054 1493 2085 eis
1523 2054 1560 2086 in

862 2109 964 2133 mora
980 2102 1069 2133 es‘?›»
1094 2101 1175 2133 Sine
1192 2101 1363 2142 imagine:
1389 2102 1559 2141 «Quando

862 2150 1007 2182 tandem
1041 2151 1173 2183 Caesar
1202 2151 1479 2192 triumphabit‘h
1511 2152 1559 2192 (In

862 2208 1010 2231 nummo
1033 2201 1070 2231 L.
1090 2200 1185 2240 Papii
1209 2199 1302 2233 Celsi
1324 2200 1420 2242 apud
1441 2202 1558 2234 Riccio

861 2250 909 2281 Μ.
933 2250 970 2280 F.
996 2250 1034 2280 R.
1061 2257 1096 2290 p.
1123 2249 1198 2280 ⁴62.
1228 2249 1410 2291 Triumphi
1433 2252 1489 2283 est
1510 2250 1560 2283 ef-

863 2298 963 2338 figies
986 2297 1166 2336 iuvenilis,
1198 2297 1353 2330 laureata
1377 2308 1462 2331 cum
1483 2300 1559 2331 tro-

834 2365 838 2410 3
863 2355 965 2387 paeo.
995 2346 1166 2379 Scribitur
1189 2347 1425 2389 TRIVMPVS.)
1443 2366 1480 2371 —
1498 2357 1561 2380 au-

117 2390 298 2425 ναυτικόν
339 2394 381 2426 ἐν
418 2395 531 2426 παντὶ
567 2393 812 2441 δυσπραγοῦν
834 2412 838 2440 i
863 2395 954 2436 reos]
980 2408 995 2423 «
1008 2394 1182 2436 fulgentes
1212 2396 1321 2428 ebore
1353 2399 1390 2429 et
1421 2396 1559 2430 laminis

115 2442 181 2473 καὶ
203 2439 299 2488 πρὸς
320 2438 478 2475 ἅπασαν
503 2439 697 2489 ὑστερίζον
718 2443 812 2486 βοή-
834 2441 838 2499 i
863 2445 1013 2477 aureis.»
1039 2445 1126 2477 Flor.
1154 2446 1190 2485 l,
1215 2447 1255 2484 5,
1280 2446 1317 2478 6:
1346 2447 1447 2486 Inde,
1471 2448 1559 2486 quod

115 2490 226 2522 θειαν
257 2485 370 2532 αὖθις
406 2489 593 2535 ἠνάγκαζε
629 2491 681 2536 τῷ
716 2492 811 2537 πεζῷ
834 2503 838 2546 Ι
863 2503 966 2526 aureo
995 2503 1100 2526 curru
1127 2498 1286 2535 quattuor
1313 2496 1405 2536 equis
1436 2496 1559 2528 trium—

117 2540 319 2584 προσέχειν
342 2538 408 2573 τὸν
427 2537 631 2574 Ἀντώνιον.
653 2560 688 2565 -—
714 2543 810 2584 citae]
834 2549 837 2580 ὶ
859 2544 994 2583 phatur.
1035 2543 1195 2576 Philostr.
1219 2545 1286 2576 vit.
1312 2545 1417 2586 Soph.
1444 2545 1483 2583 l,
1512 2547 1555 2577 7:

118 2589 241 2629 partic.
260 2591 441 2629 «citataen,
467 2592 506 2622 ut
519 2591 651 2623 Lucan.
668 2591 707 2629 8,
724 2591 808 2624 455:
833 2581 837 2644 ξ
863 2593 1031 2625 Traianus
1052 2590 1205 2626 Dionem
1227 2590 1466 2636 ἀναθέμενος
1488 2590 1558 2628 αὖ·

118 2637 291 2678 prroque
303 2640 599 2672 citataslmmisere
612 2644 717 2679 rates;
734 2650 812 2673 «ee-
834 2660 837 2685 ,
863 2639 930 2674 τὸν
941 2660 960 2666 -
972 2660 989 2666 -
1004 2642 1043 2683 ἐς
1055 2639 1125 2685 τὴν
1140 2642 1288 2689 χρυσῆν
1303 2638 1470 2685 ἅμαξαν,
1496 2643 1556 2684 ἐφ’
