1722 2904
616 66 750 100 LIBER.
797 66 926 100 CARM.
952 66 1008 99 XI.

279 171 428 214 Iussus
456 169 578 214 abire
605 169 781 213 domum
810 168 980 214 ferebar
1009 169 1172 213 incerto
1202 169 1314 226 pede

1469 65 1550 106 707

1496 171 1551 211 '2⁰

223 252 287 296 Ad
316 266 402 296 non
431 251 593 296 amicos
621 251 707 295 heu
736 250 838 294 mihi
867 257 1014 308 postes
1043 257 1087 294 et
1115 250 1199 293 beu

279 332 442 376 Limina
472 331 603 382 dura,
636 330 795 389 quibus
822 330 992 374 lumbos
1021 338 1064 384 et
1094 330 1243 388 infregi
1273 330 1394 374 latus.

222 414 343 457 Nunc
371 412 591 470 gloriantis
620 411 855 470 quamlibet
884 410 1179 455 mulierculam

276 493 455 536 Vincere
485 491 660 536 mollitie
691 505 812 534 amor
840 492 1009 550 Lycisci
1039 505 1108 535 me
1138 498 1277 541 tenet,

224 573 344 619 Unde
375 572 582 631 expedire
612 586 698 616 non
728 572 965 615 amicorum
993 579 1153 630 queant

1499 574 1554 617 25

278 652 433 697 Libera
463 652 640 697 consilia
669 666 750 696 nec
780 652 1064 696 contumeliae
1094 666 1269 710 graveS,

204 809 260 844 24.
284 809 424 842 mouma
446 809 555 849 bS'l'c‚
582 809 707 842 LCtFJ.
736 810 786 849 (Ut
809 817 892 845 nos,
917 807 939 839 δ
953 833 961 847 ,
987 817 1041 850 pr.
1065 807 1110 848 β,
1134 808 1328 849 Bentleius‚
1354 811 1411 850 M.)

112 953 243 996 quibus
265 953 301 985 in
315 952 524 986 muneribus
538 951 728 993 largiendis
743 953 808 984 im-
856 952 955 992 fores.
994 952 1110 984 Iuram·
1142 953 1269 991 quoties
1298 953 1486 987 raditionem
1511 957 1558 988 ad

112 1011 177 1045 par
207 1011 291 1046 sum
321 1003 358 1034 et
389 1002 566 1034 inferior.»

113 1060 217 1085 «cum
227 1060 348 1084 amore
362 1051 457 1083 haud
468 1052 627 1084 mutuo.»
651 1052 722 1083 Iam
741 1051 808 1082 etsi

108 1109 211 1142 pares
232 1101 315 1133 sunt
338 1108 480 1132 «amore
503 1101 595 1132 inter
616 1108 655 1132 se
678 1100 806 1131 iuncti»

114 1149 239 1192 (Epod.
266 1150 326 1189 45,
363 1148 448 1190 w),
484 1149 571 1190 quid
600 1149 637 1180 h.
662 1147 684 1180 l.
713 1150 809 1181 esset

114 1201 272 1232 «certare
295 1207 378 1230 cum
399 1205 522 1230 amore
552 1197 647 1230 haud
679 1206 810 1230 conso-

113 1249 246 1288 ciatis»,
271 1256 378 1281 nemo
401 1247 487 1280 dixit
509 1257 577 1281 nec
600 1248 719 1280 dicere
742 1256 809 1289 po-

111 1298 190 1330 tuit.
214 1297 245 1339 3)
266 1298 308 1330 V.
324 1297 510 1338 imparibus
523 1297 644 1329 habito
666 1306 731 1339 pro
747 1296 810 1329 ab·

111 1347 171 1380 lat.
188 1348 351 1380 instrum.
369 1349 484 1380 neutr.
502 1346 611 1389 plur.:
645 1347 810 1388 «impari-

69 1403 81 1409 “
111 1397 181 1430 bus
203 1398 328 1436 armis,
357 1397 394 1429 id
417 1398 490 1436 est,
515 1396 724 1429 muneribus
747 1405 810 1428 ce-

112 1447 270 1489 terisque
298 1446 431 1486 modis,
468 1446 597 1487 quibus
626 1446 717 1478 vinci
748 1454 810 1477 so-

112 1496 186 1529 lent
208 1495 470 1529 mulierculae.»
490 1511 526 1517 —
549 1499 730 1527 &immotus
745 1504 811 1535 pu-

114 1546 194 1588 dor]
228 1544 380 1578 Achilles
413 1545 531 1577 Tatius
565 1553 644 1586 pag.
669 1545 724 1577 28.
753 1545 810 1576 Ia-

113 1594 220 1628 cobs:
245 1590 367 1640 Ἔρως
399 1595 464 1626 καὶ
495 1592 702 1634 Διόνυσος,
737 1591 808 1626 δύο

113 1643 236 1684 βίαιοι
255 1644 354 1683 θεοί,
377 1641 515 1686 ψυχὴν
534 1641 807 1684 κατασχόντες,

114 1694 364 1737 ἑκμαὶνουσιν
386 1694 440 1734 εἰς
462 1690 748 1732 ἀναισχυντίαν.

158 1744 274 1776 til-22.
297 1743 439 1784 wem-5]
458 1742 541 1776 «Ubi
557 1742 655 1782 talia,
682 1751 811 1784 quem-

114 1792 310 1826 admodum
339 1793 426 1825 mihi
442 1794 537 1825 certe
553 1792 718 1832 videbar,
735 1801 811 1824 me-

114 1843 190 1875 met
210 1842 288 1883 ipso
304 1843 507 1881 contentus,
533 1842 618 1874 satis
638 1841 811 1873 constanti

116 1892 152 1923 et
176 1889 376 1932 praefracto
391 1891 508 1922 animo
530 1891 763 1930 iactaveram,
789 1901 811 1923 a

114 1942 150 1972 te
172 1940 392 1979 admonitus,
415 1941 456 1971 ut
478 1948 521 1972 ex
537 1940 696 1972 convivio
711 1942 810 1972 recta

115 1989 263 2021 domum
286 1997 405 2021 meam
427 1988 583 2021 redirem
606 1997 673 2021 nec
696 1989 811 2022 defle-

55 2044 71 2058 ’-
115 2039 252 2071 cterem
274 2037 320 2069 ad
342 2038 476 2070 amicae
500 2038 660 2077 ianuam,
685 2047 810 2071 rursus

114 2089 235 2120 tamen
256 2087 315 2119 vix
337 2087 435 2119 mihiae
447 2087 610 2120 conscius
633 2096 674 2119 ac
696 2097 809 2129 prope

115 2136 245 2168 invitus
267 2135 313 2168 ad
346 2136 438 2168 hanc
467 2136 668 2168 trahebar.»
707 2154 742 2159 —
781 2140 811 2168 te

112 2185 244 2227 palam]
291 2185 389 2217 ovid.
425 2185 527 2217 Trist.
572 2186 610 2225 5,
647 2186 708 2224 40,
745 2186 807 2218 39;

116 2235 236 2275 Meque
251 2234 371 2274 palam
393 2234 433 2265 de
453 2243 506 2266 me
528 2237 598 2266 tuto
620 2235 714 2266 mala
735 2244 811 2267 sae-

112 2293 158 2325 po
177 2284 368 2323 temnuntur.
404 2284 477 2315 Liv.
503 2284 541 2323 6,
567 2284 626 2316 ⁴4:
651 2285 812 2317 inderem

116 2333 272 2365 creditori
307 2333 426 2373 palam
455 2333 580 2373 populo
623 2334 729 2365 solvit.
771 2352 808 2358 -

117 2383 242 2415 incerto
261 2382 357 2424 pede]
398 2383 580 2424 «primum
609 2384 810 2424 resistente,

118 2431 247 2464 deinde
263 2440 408 2474 semper
422 2432 557 2464 maiore
573 2441 656 2464 cum
670 2433 703 2464 vi
721 2431 814 2464 clan-

118 2479 239 2513 culum
275 2480 322 2512 ad
364 2481 542 2513 Inachiam
578 2490 636 2513 me
678 2481 814 2523 perdu-

120 2530 257 2562 cente.»
295 2528 418 2561 Tibull.
443 2530 482 2569 2.
517 2530 554 2570 6,
587 2531 647 2562 44;
685 2531 814 2572 Mamm

120 2580 254 2619 loquor,
291 2580 347 2611 sed
377 2579 553 2620 magnifice
575 2579 656 2611 mihi
687 2588 814 2621 magna

121 2628 228 2660 locuto
250 2629 436 2660 Eoecutiunt
449 2628 582 2660 clausae
594 2628 698 2668 fortia
712 2628 814 2660 verba

613 1002 734 1033 Senon.
773 1001 805 1042 2)
857 1001 974 1033 limina
996 1003 1188 1041 nunquam!
1226 1001 1309 1034 Cum
1330 1002 1409 1035 bene
1429 1004 1555 1045 iuravi,

852 1059 913 1090 pes
934 1053 1045 1082 tamen
1067 1051 1135 1091 ipso
1148 1051 1245 1083 redit.
1271 1052 1384 1085 Etiam
1401 1053 1435 1086 in
1447 1062 1556 1096 prosa

857 1108 910 1132 or.
937 1097 1008 1132 Cic.
1035 1099 1082 1131 ad
1103 1101 1171 1132 Att.
1190 1101 1248 1139 45,
1276 1101 1338 1133 ⁴6:
1367 1102 1484 1143 Itaque
1505 1113 1558 1136 me

856 1149 1004 1190 reserum
1021 1150 1121 1189 pedes
1141 1150 1179 1181 in
1203 1150 1433 1184 Tusculanum.
1466 1153 1556 1186 Male

857 1197 1012 1230 nonnulli
1049 1199 1325 1241 interpretantur
1359 1201 1404 1233 de
1439 1202 1558 1235 temu—

857 1247 942 1280 lenti
975 1249 1102 1289 poetae
1133 1249 1307 1282 titubante
1335 1251 1488 1284 incessu.
1517 1270 1554 1276 —

857 1306 924 1329 non
939 1298 1064 1329 amicos
1086 1298 1169 1340 cet.]
1198 1299 1376 1340 «iniquam
1402 1301 1555 1341 ianuam,

858 1347 959 1379 cuius
992 1345 1100 1379 limen
1140 1348 1339 1389 transgredi
1368 1350 1453 1381 mihi
1486 1359 1559 1383 non

858 1395 1166 1428 concedebatur.»
1227 1398 1290 1430 Od.
1327 1398 1364 1436 3,
1406 1399 1465 1438 40,
1512 1401 1557 1433 2:

858 1454 997 1485 asperas
1030 1446 1222 1478 Pon-ectum
1263 1451 1341 1479 ante
1375 1448 1475 1489 soree.
1518 1465 1554 1472 -

857 1495 979 1536 infre-qi
1007 1495 1106 1536 lanas]
1147 1495 1214 1528 uibi
1245 1498 1432 1537 porrectus
1465 1497 1556 1531 latus

859 1544 1081 1585 defatigavi.»

901 1594 1019 1626 23-28.
1043 1594 1229 1636 gloriantis]
1256 1596 1337 1636 «qui
1361 1605 1404 1628 eo
1427 1605 1557 1638 super—

859 1643 929 1683 bit,
966 1642 1063 1684 quod
1096 1643 1208 1675 forma
1237 1643 1385 1677 delicata
1412 1654 1558 1679 omnem

859 1690 1102 1724 mulierculam
1136 1693 1358 1726 antecedat.»
1386 1713 1423 1718 —
1447 1696 1559 1727 molli-

858 1742 913 1782 tie]
938 1742 1176 1783 «Recipimus‚
1202 1743 1242 1774 ut
1264 1744 1416 1775 evitetur
1435 1739 1557 1778 vastus

858 1790 915 1823 ille
938 1792 974 1823 et
995 1791 1195 1823 inconditus
1229 1800 1339 1824 sonus
1366 1793 1395 1824 A
1419 1794 1466 1831 A;
1506 1794 1558 1826 sic

859 1841 897 1872 et
919 1839 1000 1871 alibi
1023 1841 1056 1872 S.
1082 1841 1120 1879 2,
1145 1841 1183 1880 2,
1208 1841 1261 1873 87.
1301 1842 1472 1874 mollitiem
1502 1842 1558 1874 di—

858 1889 923 1929 xit,
949 1897 1020 1921 non
1042 1889 1250 1921 mollitiam.»
1274 1891 1396 1923 eri..
1418 1909 1455 1914 —
1477 1900 1558 1923 con-

858 1938 1021 1980 tumeliae]
1046 1938 1221 1970 sodalium
1244 1948 1370 1980 graves
1394 1939 1560 1981 obiurga-

858 1989 972 2020 tiones
996 1989 1032 2019 et
1059 1996 1181 2020 amara
1212 1989 1337 2021 irrisio.
1387 2002 1401 2017 «
1416 1991 1452 2021 N
1460 1990 1558 2022 ioht

858 2041 1058 2078 strenyer
1083 2038 1278 2079 Vorwurf
1294 2039 1388 2070 oder
1409 2040 1552 2071 Hohn.»

860 2087 962 2118 Voss.
1004 2095 1044 2118 «o
1063 2086 1146 2127 fier
1172 2087 1434 2127 rimprocci.»
1475 2090 1558 2120 Gar-

858 2134 958 2177 gallo.
982 2134 1071 2168 Male
1094 2135 1255 2177 plerique
1278 2137 1325 2169 ad
1347 2138 1484 2179 Lycisci
1500 2147 1558 2170 su-

858 2184 1020 2227 perbiam
1052 2185 1122 2217 hoc
1155 2186 1325 2219 referunt.
1362 2205 1398 2210 —
1435 2187 1554 2228 teretis]

859 2235 915 2266 Sic
947 2234 1022 2266 Itali
1054 2236 1210 2267 tornito
1242 2245 1424 2277 yarzone
1456 2237 1556 2278 (Gar—

859 2282 986 2324 gallo.),
1010 2284 1184 2316 schlank
1205 2287 1417 2326 yet-undet.
1446 2303 1482 2309 —-
1499 2295 1558 2318 re-

858 2333 1023 2375 nodantis]
1050 2333 1251 2375 «eleganter
1273 2336 1308 2367 in
1331 2335 1465 2367 nodum
1482 2334 1557 2367 col—

859 2381 996 2423 ligentis
1006 2407 1014 2422 ,
1038 2382 1216 2424 religantis
1226 2408 1233 2422 ‚
1258 2383 1395 2425 puellae
1411 2385 1555 2416 instar.»

861 2430 1030 2463 «Alebant
1079 2433 1174 2464 enim
1219 2441 1360 2464 comam
1409 2432 1557 2464 formosi

859 2481 961 2522 pueri
978 2482 1015 2512 et
1029 2479 1187 2520 delicati,
1205 2484 1244 2513 ut
1260 2482 1446 2523 compositi
1462 2490 1558 2513 ama-

860 2529 999 2562 toribus
1033 2531 1144 2571 magis
1178 2530 1393 2572 placerent.»
1433 2532 1554 2563 Scuoi..

862 2579 933 2612 Cfr.
958 2580 1132 2612 Senecam
1154 2581 1189 2612 in
1213 2581 1299 2621 Epp.
1326 2580 1405 2619 449,
1432 2580 1491 2611 45;
1530 2581 1557 2611 si

857 2630 1024 2668 pertinere
1039 2630 1084 2661 ad
1099 2633 1128 2661 te
1142 2630 1280 2667 iudicas,
1299 2638 1401 2667 quam
1418 2630 1558 2660 crinitus
