1722 2904
206 72 289 112 66ss

743 74 919 107 HORATII
945 75 1115 107 EPODON

435 176 646 220 Hibericis
678 183 854 233 peruste
886 177 1058 220 funibus
1088 177 1198 220 latus

487 258 536 299 Et
566 271 694 300 crura
725 257 834 300 dura
864 258 1088 315 compede.

432 339 549 382 Licet
579 338 795 396 superbus
826 338 1023 383 ambules
1053 340 1258 396 pecunia,
1632 341 1657 382 5

493 421 677 462 Fortuna
708 433 792 462 non
826 426 960 462 mutat
988 434 1138 477 genus.

433 500 638 550 Videsne,
674 502 850 544 Sacram
880 501 1083 544 metiente
1113 507 1155 544 te
1184 501 1299 545 viam

490 583 596 625 Cum
626 582 693 625 bis
724 582 851 624 trium
881 581 1080 624 ulnarum
1110 589 1231 639 toga,

294 685 324 716 6.
352 687 455 715 mutet
477 692 654 724 superscr.
682 686 718 714 at
741 682 775 713 d.
818 700 845 705 —
893 682 924 713 8.
951 682 999 713 bis
1021 683 1124 714 trium
1147 682 1192 714 de
1217 680 1310 715 coni.
1335 683 1467 716 Barthii
1490 683 1615 726 (Advv.

247 733 306 773 54,
332 733 399 773 26.)
435 731 638 771 Bentleius⁷
664 732 848 769 Meineke,
875 731 984 763 Iahn:
1021 732 1070 763 bis
1091 734 1142 764 ter
1164 732 1238 764 bSd
1249 741 1345 781 gum
1369 733 1483 766 Codd.
1508 734 1610 766 antea

256 784 360 822 notis,
387 783 504 820 LCtF3
530 791 656 814 verum
680 782 714 813 in
732 781 843 814 Codd.
863 782 888 813 B
914 784 949 813 et
972 790 991 813 c
1016 782 1070 814 est
1093 781 1164 814 sic:
1191 782 1240 814 bis
1261 786 1286 815 t.
1309 783 1482 817 ulnarum.

202 872 322 902 autem
350 871 486 910 sparto,
529 868 639 900 herba
665 870 903 909 tenacissima,
957 869 1088 901 Vitium
1120 869 1201 902 inde
1234 871 1351 903 ortum
1383 879 1464 904 esse
1492 870 1655 911 videtur,
1719 890 1722 914 2

202 918 482 951 conficiebantur
515 918 685 951 rudentes
714 927 756 950 ac
783 919 903 959 funes,

203 969 332 1011 quibus
371 970 421 1000 uti
451 970 617 1010 poterant
650 968 696 1000 ad
731 970 906 1011 castigan-

202 1019 267 1051 dos
291 1019 507 1058 classiarios,
549 1019 589 1050 ut
614 1017 746 1051 vitibus
778 1021 905 1051 centu-

201 1070 320 1101 riones
348 1068 548 1101 caedebant
581 1068 721 1101 milites.
759 1088 794 1092 —
837 1070 905 1101 Lo-

200 1119 352 1158 rarium,
390 1119 449 1160 qui
472 1118 555 1150 inibi
580 1120 651 1158 est,
690 1120 728 1150 ut
762 1118 904 1152 funibus

201 1176 366 1201 columns
402 1168 572 1201 verberet
610 1177 756 1201 servum
792 1170 905 1202 comi—

203 1227 306 1257 cum,
342 1217 456 1250 habes
489 1218 523 1250 in
553 1219 638 1250 Mus.
678 1218 819 1250 Borbon.
846 1218 901 1250 IV.

200 1269 236 1299 T.
263 1267 318 1300 ⁶24.
362 1287 398 1291 —
445 1268 595 1310 peruste]
637 1267 681 1300 de
723 1267 903 1300 doloribus

201 1316 344 1349 acribus
367 1316 610 1358 flagellationis
629 1319 662 1349 et
687 1317 903 1359 compedum

202 1366 366 1408 notisque
391 1366 504 1399 lividis
524 1366 605 1399 inde
622 1366 900 1399 remanentibus.

204 1416 290 1457 Epp.
318 1417 352 1455 4,
380 1417 439 1455 46,
464 1415 522 1448 47;
579 1417 659 1448 loris
680 1426 747 1449 non
773 1417 901 1456 ureris,

204 1466 271 1497 aio.
305 1465 429 1497 Catull.
454 1467 514 1505 25,
542 1467 576 1498 44
594 1476 600 1497 ;
637 1467 749 1499 inusta
765 1484 784 1489 —
801 1484 819 1489 -
834 1468 903 1508 fla-

200 1515 300 1555 gella.
348 1517 419 1547 Nos
446 1515 511 1547 alia
535 1517 743 1557 metaphora
767 1516 900 1557 gerbert,

200 1565 324 1596 Graeci
347 1563 480 1610 δέρειν.
503 1585 539 1588 -
558 1566 656 1607 dura]
674 1566 809 1598 Eodem
826 1565 904 1598 ἑπι-

199 1613 298 1658 osup
338 1616 446 1647 utitur
482 1615 639 1648 Tibullus
678 1617 715 1655 4,
757 1617 796 1655 7,
838 1615 900 1648 42:

201 1664 311 1696 Crura
338 1665 411 1696 licet
437 1666 525 1696 dura
547 1666 702 1705 compede
725 1665 826 1705 pulsa
846 1674 902 1697 so-

199 1717 286 1745 nent.
316 1733 352 1736 —
373 1715 458 1752 «Qui
483 1714 637 1746 habuisti
659 1724 762 1746 crura
779 1723 903 1746 excru—

200 1764 290 1795 ciata
325 1763 521 1805 compede»
550 1764 724 1797 adnotans
760 1765 898 1796 Comm.

198 1813 306 1854 Cruq.
337 1815 435 1846 reete
471 1813 630 1846 dissolvit
663 1823 825 1854 zeugma.
862 1832 898 1837 —

200 1863 268 1901 (De
303 1872 369 1895 usu
408 1864 548 1905 poetico
586 1873 684 1896 num.
715 1863 900 1904 singularis

196 1913 383 1952 compedis,
423 1914 633 1953 compedem,
674 1914 827 1953 compede
864 1921 897 1944 V.

197 1961 293 1992 Kone
318 1962 409 1994 Rom.
434 1962 559 2002 Epiker
581 1971 615 2003 p.
644 1961 732 2003 440.)

240 2011 312 2043 5-8.
332 2011 489 2053 ambules]
508 2011 552 2043 de
568 2012 711 2044 incessu
727 2011 897 2053 superbo,

198 2062 235 2091 ut
253 2061 314 2101 Ep.
333 2061 369 2099 8,
390 2060 442 2093 44.
463 2060 585 2093 Claud.
600 2062 633 2093 in
650 2061 745 2093 Eutr.
761 2061 774 2092 4
790 2086 797 2100 ,
815 2060 896 2092 306;

196 2113 302 2141 erecto
320 2114 454 2150 pectore
475 2111 565 2142 clives
589 2111 755 2142 Ambulat.
783 2109 895 2151 Epod.

203 2160 256 2198 l‘o',
276 2160 334 2191 ⁴8:
359 2169 432 2192 meo
444 2178 463 2183 -
475 2160 643 2200 Superbus
658 2160 780 2192 incedis
795 2160 896 2191 malo.

198 2209 338 2240 Lucian.
374 2209 509 2251 Catapl.
548 2210 609 2242 46:
646 2210 712 2241 καὶ
746 2206 899 2251 σεμνῶς

200 2256 420 2302 προβαίνων
454 2259 520 2291 καὶ
552 2256 690 2292 ἑαυτὸν
721 2256 899 2301 ἐξυπτιά-

195 2310 280 2348 ζων.
302 2326 338 2331 ——
356 2308 468 2350 yemis]
491 2309 525 2340 h.
544 2308 567 2341 1.
586 2309 713 2342 sordes
737 2308 895 2342 serviles.

199 2377 234 2380 —
261 2358 405 2390 Sacram
419 2376 438 2381 -
453 2376 472 2381 -
486 2359 590 2400 viam]
616 2368 708 2400 quae
729 2359 775 2391 ad
792 2359 898 2400 Capi-

196 2406 316 2439 tolium
342 2407 455 2447 ducit,
486 2409 683 2441 otiosorum
707 2408 811 2441 turba
835 2418 898 2442 ce-

195 2455 397 2489 leberrima.
426 2476 462 2481 —
481 2457 529 2489 bis
550 2457 664 2499 triwm]
690 2458 780 2491 Cum
796 2459 898 2491 inau-

195 2505 306 2538 ditum
337 2507 381 2539 sit
410 2507 445 2538 et
474 2507 721 2539 consuetudini
755 2508 897 2540 Latinae

195 2564 341 2596 prorsus
366 2557 582 2588 contrarium
613 2557 661 2599 bis
682 2560 732 2589 ter
762 2566 827 2598 pro
850 2558 898 2590 bis

196 2607 279 2643 tres,
307 2607 387 2646 post
411 2605 607 2639 Bentleium
626 2608 661 2638 et
683 2607 896 2640 Meinekium

195 2655 316 2694 recepi
331 2655 458 2687 Barihii
472 2656 712 2688 coniecturam
721 2656 768 2688 bis
781 2657 893 2689 trium.

960 918 1053 959 quod
1079 919 1286 952 scribebant
1300 920 1349 951 bis
1363 921 1435 960 III.;
1459 929 1525 963 per
1537 921 1658 953 notam

955 970 1052 1001 certe
1078 969 1252 1011 scriptum
1276 970 1332 1002 est
1360 970 1395 1002 in
1423 969 1535 1002 Codd.
1567 970 1658 1002 meis

953 1019 979 1050 B
1004 1019 1040 1050 et
1062 1027 1097 1050 e:
1135 1018 1194 1051 bis.
1218 1022 1242 1051 t.
1266 1027 1349 1051 cum
1373 1017 1512 1052 lineola.
1557 1019 1659 1052 Simi-

953 1065 1005 1100 les
1029 1076 1263 1102 numerorum
1286 1068 1555 1115 παραφράσεις
1568 1071 1658 1111 poe—

954 1118 1041 1150 ticas
1064 1118 1112 1150 bis
1132 1127 1210 1158 sex,
1243 1121 1293 1151 ter
1316 1119 1580 1163 quinquaqinta,
1605 1122 1657 1151 ter

953 1169 1052 1200 denos
1075 1170 1143 1200 cet.
1170 1167 1357 1209 diligenter
1375 1167 1516 1210 collegit
1529 1167 1658 1202 Dillen-
1713 1167 1717 1206 ἴ

952 1217 1086 1258 burger
1108 1226 1142 1259 p.
1170 1218 1245 1250 408.
1284 1218 1419 1251 Verum
1441 1227 1558 1260 nuper
1578 1218 1657 1259 qui-

952 1267 1052 1307 dam,
1087 1266 1145 1300 vel
1177 1269 1325 1309 propter
1355 1268 1571 1310 imperitiam
1595 1267 1655 1301 vel
1714 1275 1716 1278 ’

951 1326 1017 1359 per
1028 1318 1158 1354 iocum,
1184 1317 1231 1349 ita
1246 1316 1451 1359 explicavit:
1476 1317 1658 1350 «bisaiwa-

950 1376 1028 1399 rum
1044 1367 1217 1408 significat
1231 1366 1454 1400 latitudinem
1464 1393 1472 1407 ,
1493 1370 1545 1400 ter
1557 1368 1657 1400 ulna-

950 1426 1029 1449 rum
1061 1415 1353 1457 longitudinem.»
1397 1416 1500 1455 Quod
1530 1419 1655 1455 ‘autem

952 1466 1173 1508 Porphyrion
1202 1466 1248 1498 ad
1272 1466 1308 1498 h.
1333 1465 1376 1506 l.,
1402 1466 1519 1499 Schol.
1543 1468 1654 1500 Persii

950 1517 972 1548 5
982 1541 990 1555 ,
1005 1516 1072 1556 44„
1088 1516 1244 1549 Isidorus
1257 1516 1372 1557 Origg.
1388 1516 1443 1556 49,
1455 1516 1511 1557 24,
1528 1516 1561 1550 4.
1584 1526 1655 1550 uno

953 1575 1014 1598 ore
1040 1566 1183 1598 tradunt
1200 1573 1406 1598 mensuram
1421 1567 1524 1607 togae
1540 1567 1654 1600 iustae
1710 1583 1712 1586 -

952 1624 1015 1648 sex
1030 1614 1194 1650 ulnarum
1215 1615 1323 1648 fuisse
1333 1641 1342 1656 ,
1365 1615 1449 1648 vide
1465 1625 1510 1648 ne
1526 1625 1570 1649 ex
1583 1617 1654 1649 hoe

951 1666 1028 1707 ipso
1052 1665 1186 1697 Horatii
1213 1663 1292 1697 loco
1320 1673 1447 1706 parum
1475 1665 1654 1699 intellecto

951 1715 1143 1756 repetitum
1171 1715 1238 1754 sit,
1270 1723 1354 1747 cum
1383 1715 1571 1748 manifesto
1593 1716 1653 1749 hic
1704 1718 1705 1721 ’

951 1763 1158 1804 designetur
1173 1766 1252 1805 toga
1270 1763 1429 1797 insolitae
1446 1773 1650 1804 mensurae,

951 1822 1042 1854 quae
1069 1815 1218 1855 propter
1232 1813 1488 1855 longitudinem
1499 1815 1546 1847 ad
1562 1815 1652 1848 imos
1688 1855 1690 1857 ¹

951 1862 1039 1895 talos
1075 1863 1231 1896 demissa
1263 1864 1423 1896 metiatur
1460 1864 1575 1904 viam,
1615 1864 1652 1903 id

951 1914 1020 1950 est,
1054 1922 1135 1945 eam
1161 1922 1307 1955 semper
1330 1915 1450 1955 tangat
1478 1915 1514 1947 et
1535 1914 1649 1947 radat.

949 1962 1049 1994 Ovid.
1078 1964 1159 1995 Met.
1185 1963 1222 2003 9,
1249 1962 1326 1996 448Ἰ
1355 1965 1487 1996 Lucan.
1509 1965 1548 2004 5,
1565 1964 1649 1997 556:

948 2012 1097 2043 Instabili
1129 2021 1246 2054 qressu
1271 2014 1408 2045 metitur
1439 2013 1542 2046 litora
1572 2023 1652 2046 cor-
1694 2042 1697 2043 γ

947 2062 1021 2093 niv.
1050 2079 1086 2084 —-
1113 2061 1217 2094 Solita
1241 2063 1363 2095 autem
1385 2063 1452 2095 ista
1471 2062 1651 2096 fatuorum

949 2111 1124 2143 iactantia.
1151 2112 1293 2144 Lucian.
1311 2112 1462 2145 Demon.
1476 2111 1514 2145 44
1528 2122 1536 2144 z
1561 2109 1651 2145 ἰδών

947 2161 989 2193 τέ
1019 2170 1104 2192 τινα
1137 2158 1213 2193 τῶν
1242 2156 1475 2207 εὐπαρύφων
1503 2161 1567 2195 ἐπὶ
1595 2160 1649 2206 τῷ

921 2241 925 2255 ,
948 2208 1082 2243 πλάτει
1104 2209 1174 2253 τῆς
1201 2209 1404 2258 πορφύρας
1429 2213 1530 2256 μέγα
1549 2222 1649 2259 φρο-

947 2258 1090 2294 νοῦντα
1111 2259 1190 2292 κτλ.
1227 2261 1395 2294 Ceterum
1418 2263 1520 2303 togae
1537 2262 1649 2305 expli-

948 2312 1049 2343 catae
1073 2310 1226 2343 sormam
1249 2311 1383 2353 optime
1407 2311 1551 2344 exhibet
1578 2313 1650 2344 Do·-

946 2360 1059 2401 brezy
1097 2361 1198 2392 Rome
1222 2361 1248 2392 1.
1273 2369 1309 2402 p.
1334 2359 1411 2393 484.
1450 2360 1551 2394 Tales
1581 2361 1648 2394 ho-

947 2410 1064 2442 mines
1097 2409 1132 2441 in
1168 2408 1371 2442 Catilinaria
1403 2410 1445 2449 2,
1483 2411 1535 2442 40.
1569 2410 1650 2443 velis

947 2458 1080 2498 amicti,
1104 2468 1171 2491 non
1194 2459 1280 2501 t09is
1304 2460 1488 2492 vocantur.

990 2509 1085 2541 9-42.
1111 2509 1174 2541 huc
1195 2512 1227 2541 et
1247 2508 1321 2550 huc]
1346 2510 1554 2541 «Poetarum
1579 2509 1644 2548 est.

947 2567 1017 2590 non
1039 2567 1167 2600 prosae
1188 2558 1392 2591 orationis.»
1425 2558 1520 2591 ΗΑιω
1543 2557 1644 2591 Tui-s.

945 2608 1003 2640 111.
1021 2617 1055 2649 p.
1077 2608 1151 2640 406.
1174 2626 1209 2631 -
1229 2607 1378 2640 «Oculos
1394 2607 1559 2640 avertunt
1575 2607 1648 2649 (de-
1690 2644 1692 2650 y

947 2656 1123 2706 torquent)
1148 2658 1219 2690 huc
1247 2659 1282 2691 et
1308 2656 1389 2692 illuc
1411 2657 1646 2700 praetereun-
