1722 2904
637 65 718 97 Lm.
739 65 797 98 111.

843 65 883 98 C.
906 65 995 98 XVI.

380 192 590 235 Crescunt
617 190 777 244 vellera
806 192 1002 250 pascuis,

266 297 512 354 Importuna
539 302 682 340 tamen
709 297 941 355 pauperies
969 296 1110 347 abest,

264 377 375 428 Nec,
406 377 444 420 si
473 376 597 447 plur—a
625 376 774 428 velim,
805 384 850 420 tu
879 377 985 422 dare
1014 377 1217 436 deneges.

267 458 496 502 Contracto
524 457 681 502 melius
710 471 844 516 parva
872 458 1075 516 cupidine

375 537 612 596 Vectigalia
638 538 875 596 porrigam,

268 644 409 696 Quam
437 643 474 686 si
503 642 746 703 Mygdoniis
776 657 957 702 regnum
984 643 1167 704 Alyattei

180 756 235 790 38.
258 756 310 789 Ne
329 757 368 790 Τ.
396 774 433 780 —-
458 755 513 789 39.
538 756 719 789 Contracta
748 765 780 788 c.
808 758 890 798 (non
911 755 1013 798 bs‘r.)
1040 775 1079 781 —
1111 756 1166 791 4⁴.
1189 758 1351 792 Haliatici
1374 760 1415 799 S,
1439 760 1501 793 lta-

138 805 258 839 liauioi
277 805 322 846 T,
350 805 534 846 Halyatte-i
556 806 600 846 L,
630 805 789 846 Alyauici
811 806 865 839 ct.

96 897 247 932 Gallinae
268 898 316 941 (in
331 897 439 931 Gallia
466 897 654 940 Cisalpina)
688 906 797 940 prae-

96 947 200 990 cipue
228 946 412 982 Altinates.
460 947 596 981 Colum.
629 948 670 988 7,
693 949 734 988 2,
759 948 793 981 3.

93 995 183 1030 Plin.
207 997 309 1030 ILN.
333 997 374 1037 8,
397 996 460 1030 48:
483 997 567 1031 Alba
588 997 698 1040 (lana)
719 997 796 1031 Cir-

94 1046 315 1087 cumpadanis
333 1045 429 1079 nulla
444 1047 651 1088 praesen-uer.

136 1095 194 1129 37.
226 1096 421 1138 paupe-ios]
445 1095 560 1129 Nolim
584 1096 643 1129 hic
669 1098 705 1129 et
728 1096 792 1129 Od

95 1145 135 1185 4,
172 1145 234 1185 ⁴2,
268 1143 325 1178 43.
363 1153 447 1178 cum
480 1145 695 1187 quibusdam
727 1154 793 1188 pro

95 1202 250 1236 persona
268 1195 478 1236 pauperiem
499 1194 651 1235 habere,
676 1196 717 1227 ut
738 1197 794 1228 est

96 1243 193 1286 apud
212 1242 393 1276 Platonem
413 1244 450 1276 in
465 1245 588 1287 Symp.
604 1253 641 1287 p.
657 1245 734 1277 203.
751 1246 790 1277 B.

93 1293 233 1326 Amoris
260 1294 393 1333 mater,
429 1294 466 1326 et
486 1294 558 1326 iam
580 1296 661 1327 ante
683 1293 792 1327 veluti

95 1341 164 1375 dea
186 1341 337 1375 molesta
358 1343 550 1384 'l'heognidi
576 1353 612 1376 v.
637 1344 714 1377 354.
738 1345 789 1376 Β;

87 1385 127 1424 'A
147 1389 254 1434 δειλὴ
276 1393 410 1435 πενίη,
443 1394 481 1426 τί
509 1394 638 1435 μένεις
659 1393 791 1440 προλι-

92 1438 225 1474 ποῦσα
255 1443 343 1488 παρ’
376 1437 495 1474 ἄλλον
513 1438 633 1489 ’Ἀνδςί
669 1445 790 1482 lavas,-

91 1487 150 1533 μὴ
182 1488 232 1533 δή
262 1492 304 1534 μ’
338 1487 411 1524 οὐκ
449 1491 633 1525 ἐθέλοντα
661 1492 787 1534 φίλει,

88 1535 180 1573 Ἀλλ’
203 1538 261 1573 ἴθι
288 1540 357 1572 καὶ
388 1538 511 1583 δόμον
543 1537 660 1574 ἄλλον
682 1543 789 1577 ἑποί-

94 1599 183 1630 xeo,
206 1588 305 1632 μηδὲ
328 1589 417 1632 μεθ’
440 1586 572 1632 ἡμέων
594 1590 675 1625 Αιεὶ
696 1591 789 1626 δυσ-

84 1636 212 1682 τήνου
227 1637 339 1672 τοῦδε
352 1638 444 1679 βίου
463 1641 611 1682 μέτεχε.
656 1643 790 1683 Impor—

91 1693 176 1722 tuna
196 1690 319 1722 autem
340 1691 541 1730 pauperies,
576 1692 616 1723 ut
642 1692 785 1725 Hesiod.

92 1739 223 1780 Theog.
242 1738 325 1771 593:
351 1734 566 1782 οὗλομένης
585 1742 727 1784 πενίης.

134 1788 190 1820 38.
212 1788 300 1828 Noc,
324 1788 370 1830 si]
393 1789 489 1821 Haec
509 1798 618 1831 quam
633 1792 787 1824 maxime

90 1836 245 1879 probant
262 1845 329 1878 per
347 1838 462 1870 totum
484 1847 629 1872 carmen
652 1849 696 1872 ex
711 1842 788 1873 ani-

91 1887 143 1919 mi
175 1887 350 1919 sententia
382 1886 541 1921 locutum
571 1897 651 1922 esse
674 1890 789 1922 Hora-

91 1936 198 1974 tium,
233 1944 460 1977 nequaquam
481 1946 587 1976 vero,
625 1940 665 1970 ut
697 1949 790 1972 non-

90 1983 194 2017 nullis
206 1984 324 2016 visum
338 1986 412 2024 est,
429 1987 688 2021 exercitationis
703 1997 791 2021 cau-

91 2043 133 2067 sa
153 2032 265 2066 bellas
285 2034 483 2067 Stoicorum
504 2037 732 2071 sententiolas
753 2040 789 2071 in

91 2091 204 2116 unum
218 2081 421 2116 contulisse.
452 2101 491 2107 —
518 2085 610 2117 Sane
631 2086 715 2119 nihil
737 2087 791 2120 fa-

92 2131 192 2164 cilius
212 2132 246 2164 ei
267 2131 392 2164 fuisset
414 2141 523 2174 quam
544 2134 706 2168 obtinere
733 2136 790 2169 vel

92 2190 115 2214 a
136 2182 340 2215 Maecenate
367 2181 425 2214 vel
453 2182 499 2215 ab
526 2184 604 2225 ipso
633 2186 790 2226 Augusto

93 2230 309 2264 fructuosius
341 2230 483 2272 aliquod
526 2234 563 2265 et
605 2235 789 2267 amoenius

92 2280 280 2321 praedium
310 2281 455 2321 praeter
489 2281 658 2314 Sabinum
672 2307 680 2321 ,
723 2283 789 2316 sed

93 2327 202 2361 noluit
220 2329 354 2360 amicius
370 2331 574 2369 operosior-es
589 2332 786 2372 acquirere.

93 2377 165 2410 Cir.
192 2378 303 2419 Epod.
332 2379 347 2409 4
364 2403 372 2417 ,
400 2378 465 2410 3⁴:
509 2379 600 2411 Sat-'s
627 2389 790 2420 suaper-que

91 2434 145 2459 mc
165 2426 349 2468 benignitas
369 2431 429 2458 tua
450 2428 590 2460 Dilavit.

136 2475 191 2507 39.
209 2474 263 2508 40.
289 2476 464 2508 contracto
477 2494 497 2499 —
512 2494 531 2500 —
546 2477 709 2520 cupidine]
726 2478 790 2510 Cu—

0 2503 4 2545 1'
53 2551 58 2554 .
88 2525 170 2565 pido
193 2533 258 2565 pro
279 2524 468 2566 cupiditate
491 2534 636 2567 semper
650 2527 789 2567 generis

94 2572 279 2605 masculini
295 2575 350 2605 est
365 2573 460 2614 apud
483 2574 676 2607 Horatium.
716 2575 786 2607 Cir.

95 2621 141 2654 ad
155 2622 219 2655 Od.
236 2623 274 2662 2,
294 2623 352 2661 46,
370 2624 423 2655 45.
454 2623 630 2656 Contracta
645 2626 786 2656 autem:

846 899 980 932 «certis
1012 897 1183 934 limitibus
1216 901 1486 945 circumsuipto
1508 905 1545 936 et

843 947 952 981 veluti
976 950 1147 982 coartato.
1152 961 1170 978 ι
1220 949 1394 985 Stobaeus
1416 952 1451 985 S.
1476 953 1542 986 39τ

842 995 1064 1045 Ἐπίκουρος
1096 997 1324 1058 ἐρωτηθείς,
1375 1002 1458 1044 πῶς
1492 998 1543 1036 ἄν

843 1057 901 1089 τις
933 1045 1207 1092 πλουτήσειεν,
1254 1045 1303 1084 οὗ
1337 1054 1421 1093 τοῖς
1452 1045 1544 1086 οὖσι

966 1097 1087 1140 ustis·
1121 1094 1201 1143 ἔφη
1214 1124 1225 1140 ‚
1254 1097 1325 1143 τῆς
1346 1098 1389 1134 δὲ
1409 1103 1543 1148 χρείας

841 1157 890 1179 τα
902 1145 1027 1180 πολλὰ
1038 1149 1281 1194 περιτέμνων.
1297 1168 1335 1174 -
1350 1152 1540 1196 vectigalia]

841 1197 927 1229 Voc.
952 1206 973 1230 a
995 1197 1169 1231 reditibus
1189 1197 1342 1240 puhlicis
1360 1199 1542 1242 paullatim

840 1245 1006 1279 tralatum
1028 1247 1075 1280 ad
1095 1248 1264 1289 privatos.
1311 1250 1384 1282 Cic.
1407 1251 1454 1283 ad
1467 1253 1539 1285 Att.

842 1297 900 1335 42,
933 1297 998 1328 49;
1040 1298 1118 1330 Non
1150 1306 1228 1339 ⁶9⁰⁰
1258 1299 1474 1341 vectigalibus
1509 1305 1542 1334 et

833 1354 946 1386 paruo
990 1349 1162 1379 contentus
1197 1356 1266 1380 osso
1296 1358 1443 1389 possum.
1493 1350 1540 1384 de

839 1396 924 1436 Rep.
948 1394 988 1435 4,
1014 1396 1267 1437 7:01»an
1288 1401 1320 1430 et
1340 1399 1541 1440 §apr-&vatis

835 1445 974 1486 familiis
1012 1448 1043 1477 et
1078 1446 1115 1477 in
1150 1454 1189 1478 m
1217 1447 1356 1486 publica
1397 1450 1541 1491 vectigal

838 1496 922 1526 duco
936 1495 1424 1535 meparsimoniam.Pa1-ad.
1442 1499 1476 1538 6,
1494 1500 1534 1532 3:

836 1545 913 1576 Non
934 1544 1121 1585 inicuiqunt
1141 1545 1306 1586 kenuines,
1330 1556 1434 1587 quam
1460 1558 1539 1581 ma-

835 1602 941 1634 ynum
965 1594 1109 1635 vectigal
1134 1594 1178 1625 sil
1194 1595 1417 1634 parsimonia.
1464 1598 1535 1630 sat.

837 1643 878 1681 2,
903 1642 944 1681 2,
970 1642 1054 1674 40οε
1104 1651 1165 1684 eqo
1195 1644 1375 1686 vectigalia
1410 1655 1540 1688 magna

835 1691 1045 1731 niviumque
1057 1691 1171 1724 habeo.
1191 1710 1228 1715 —
1239 1695 1431 1736 porrigam]
1457 1705 1523 1728 «ex

835 1740 980 1773 tendam
992 1766 1000 1779 ,
1018 1740 1157 1781 augebo
1169 1766 1177 1781 ,
1194 1743 1336 1775 extento
1351 1745 1429 1786 ipso
1445 1745 1539 1787 agel-

834 1789 870 1822 lo
901 1788 1031 1821 Sabino
1060 1789 1118 1821 vel
1151 1789 1227 1823 aliis
1257 1793 1428 1834 emptis;»
1463 1804 1535 1828 non

836 1847 942 1878 vero,
980 1840 1021 1870 ut
1053 1837 1110 1870 alii
1142 1838 1285 1872 volunt:
1332 1843 1534 1883 «pendam,

835 1886 1038 1930 persolvam
1059 1889 1196 1920 aerario
1218 1889 1339 1931 populi
1353 1892 1535 1933 Romani»,

836 1939 875 1970 ut
889 1937 1045 1978 pessime
1061 1937 1280 1978 interpretati
1294 1941 1378 1971 sunt
1390 1942 1484 1974 acro
1499 1944 1537 1975 et

836 1986 1077 2019 recentiorum
1087 1985 1254 2019 nonnulli.
1279 1988 1345 2026 Qui
1360 1989 1412 2021 sic
1427 1991 1536 2032 expli-

838 2036 1024 2074 caverunt,
1044 2043 1192 2076 prorsus
1208 2035 1306 2068 obliti
1321 2040 1423 2071 erant
1437 2039 1534 2073 cives

837 2085 1014 2116 Romanos
1035 2085 1120 2115 tunc
1142 2084 1273 2116 tributa
1301 2094 1372 2119 non
1396 2096 1536 2130 pepen-

838 2133 944 2165 disse.
964 2134 1099 2164 Seneca
1110 2133 1174 2174 Ep.
1188 2133 1248 2165 89;
1266 2135 1536 2179 Quousquefines

832 2183 1074 2223 possessionum
1089 2183 1344 2224 propagabitis?
1356 2201 1373 2208 -
1384 2202 1402 2208 -
1415 2195 1536 2226 quous-

838 2240 901 2272 que
922 2232 1092 2263 arationes
1110 2235 1238 2263 vestras
1257 2234 1469 2275 pornqetis?

881 2280 918 2313 Η
934 2280 1015 2313 -43,
1039 2281 1067 2311 si
1080 2281 1271 2322 Mygdoniis
1284 2283 1371 2324 cet.]
1396 2285 1450 2316 ·Si
1466 2285 1535 2326 Ly-

837 2330 932 2362 diam
956 2330 1091 2370 campis
1112 2330 1271 2371 Phrygiis
1292 2333 1533 2366 continuem.»

836 2379 1038 2411 Continuam
1058 2388 1160 2420 aqros
1183 2380 1233 2420 (ut
1247 2382 1302 2412 est
1316 2382 1423 2414 etiam
1438 2383 1534 2424 apud

837 2429 909 2460 Cic.
935 2428 1015 2468 Agr.
1040 2427 1073 2466 3,
1090 2427 1128 2460 4:
1153 2427 1280 2462 fundos
1303 2430 1338 2461 in
1360 2439 1445 2472 aqi-o
1467 2431 1532 2464 Ca-

835 2478 937 2509 sinati
958 2477 1097 2517 optimos
1118 2481 1150 2509 et
1167 2478 1444 2518 fructuosissimos
1457 2489 1535 2512 con-

836 2527 989 2558 tinuavit.
1036 2528 1072 2558 et
1095 2527 1165 2559 Liv.
1191 2527 1252 2566 34,
1278 2527 1323 2568 4.)
1362 2529 1534 2569 significat

839 2576 906 2607 «ita
940 2579 1124 2614 coemere,
1170 2578 1209 2608 ut
1242 2577 1357 2610 nullus
1398 2577 1533 2611 alienus

837 2625 965 2657 fundus
988 2625 1193 2658 interiectus
1216 2627 1294 2659 sit.»
1319 2645 1355 2650 —
1379 2627 1532 2669 Alyattei]
