1722 2904
210 66 290 106 65⁶..)
751 70 922 103 HORATII
945 70 1115 104 EPODON

493 174 743 230 Prospectat
771 181 963 222 errantes
992 181 1166 232 greges,

438 254 701 312 Inutilesque
731 255 841 299 falce
872 269 1016 299 ramos
1047 262 1273 313 amputans

491 335 727 380 Feliciores
755 336 927 387 inserit,

435 418 516 460 Aut
544 431 697 474 pressa
726 418 847 475 puris
878 417 1010 461 mella
1040 418 1187 462 condit
1216 418 1452 477 amphoris,
1607 421 1658 464 45

488 499 569 541 Aut
597 498 745 541 tondet
774 498 964 542 infirmas
994 513 1128 552 oves;

432 578 506 622 Vel
536 593 635 622 cum
665 579 875 623 decorum
904 580 1079 624 mitibus
1109 582 1249 639 pomis
1279 589 1408 639 caput

491 661 756 703 Auctumnus
788 661 903 718 agris
934 661 1107 712 extulit,

434 741 484 786 Ut
514 741 673 798 gaudet
702 742 871 786 insitiva
900 742 1140 801 decerpens
1170 744 1289 802 pira,

294 861 345 892 43,
372 861 624 900 InutilisqueB,
649 861 819 894 Inutilisve
840 862 952 895 Bentl.
971 864 1061 896 coni.
1083 882 1117 888 -
1147 864 1200 897 48.
1227 863 1380 904 arvisb,
1406 865 1495 897 Pott.
1515 867 1614 907 quat-

251 912 351 949 tuor,
378 911 448 943 LCt
473 911 555 952 (non
570 910 690 950 BScd,
716 910 838 944 Bland.
859 914 1047 953 quattuor,
1071 912 1173 957 βγκ).
1201 932 1239 938 -
1267 915 1319 948 49.
1337 914 1403 948 Aut
1416 914 1451 947 d.
1472 933 1509 939 —
1530 916 1614 956 pira

250 961 274 992 B
299 959 426 1002 aliique
452 960 584 993 codd.:
610 960 802 1003 pleraeque
826 962 914 995 Edd.
934 972 1038 1003 pyra.

206 1061 240 1093 in
265 1061 348 1102 ipsis
366 1061 579 1094 intervenire
595 1063 714 1103 potest
729 1063 766 1094 et
780 1060 904 1095 solet.»

205 1111 368 1142 BENTLEY.
411 1130 446 1133 —
493 1112 634 1144 reducta
661 1111 766 1154 valle]
805 1111 906 1144 Idem

204 1160 382 1193 ἐπίθετον
420 1160 484 1193 Od.
515 1161 554 1201 4,
585 1162 644 1202 47,
675 1161 738 1200 47;
769 1161 843 1193 fere
866 1162 906 1193 ut

205 1218 271 1242 nos
287 1210 340 1242 die
355 1210 547 1252 anmuthiqe
563 1211 734 1252 Windunq
748 1211 803 1243 des
819 1211 906 1243 Tha-

203 1260 258 1292 les.
287 1276 323 1282 -
358 1260 437 1300 salat
459 1259 612 1303 (Hippo)
646 1260 903 1300 frondatorum,

204 1310 425 1351 putatorum,
451 1318 522 1342 non
545 1311 663 1343 minus
687 1319 796 1352 quam
813 1319 907 1343 mes-

204 1367 326 1391 sorum
349 1358 490 1400 (secula,
516 1359 680 1401 Sichel).
709 1378 746 1383 ——-
770 1360 905 1393 Felicio-

202 1408 266 1450 res]
292 1409 419 1441 Fronto
443 1409 490 1441 ad
514 1410 618 1442 amic.
643 1410 684 1449 2,
703 1409 736 1441 6.
761 1419 797 1451 p.
826 1409 902 1442 304.

204 1460 326 1491 Rom.:
362 1459 463 1500 Leges
483 1459 666 1500 pleraeque
688 1467 802 1499 poena
824 1468 906 1491 san-

202 1509 311 1549 ciunt,
340 1517 382 1541 ne
405 1510 479 1548 quis
497 1510 625 1551 felicem
645 1509 800 1541 arborem
829 1517 904 1541 suc-

203 1558 306 1590 cidat.
345 1559 519 1598 Quaenam
534 1562 580 1591 est
595 1558 728 1590 arboris
740 1558 905 1599 felicitas?

202 1608 300 1639 Rami
327 1608 460 1649 fecundi
485 1612 516 1641 et
540 1608 716 1650 fiuqiferi,
763 1608 852 1641 bacis
874 1612 906 1641 et

201 1658 311 1698 pomis
333 1659 453 1690 onusti.

248 1707 289 1738 45
305 1724 324 1730 -
340 1708 394 1739 20.
415 1708 546 1750 pressa]
571 1707 747 1747 mellati0;
772 1707 843 1740 mel
860 1717 902 1740 ex

203 1755 290 1788 favis
305 1756 340 1788 in
355 1755 551 1797 saligneum
568 1757 713 1799 qualum
726 1758 903 1799 congestis

203 1814 431 1847 expressum,
466 1805 671 1847 eliquatum.
712 1808 806 1848 Virg.
839 1808 900 1839 Ge.

202 1854 223 1887 4
238 1880 245 1894 ,
280 1854 360 1887 ⁴40:
406 1857 600 1896 spumantia
633 1865 751 1899 cogere
780 1857 904 1897 pressis

201 1904 304 1936 Mella
325 1905 424 1946 favis.
462 1905 598 1938 Colum.
617 1907 655 1946 9,
675 1908 734 1946 45,
752 1906 815 1939 43;
844 1907 903 1938 Ubi

202 1953 367 1993 liquatum
388 1955 454 1987 mel
483 1955 514 1996 (e
539 1955 636 1997 savis)
661 1957 697 1988 in
721 1956 902 1988 subiectum

202 2004 334 2036 alveum
357 2005 516 2046 defluxit,
543 2006 746 2047 transfertur
766 2007 802 2038 in
815 2015 902 2038 vasa

200 2054 327 2095 fictilia.
356 2053 483 2087 Pallad.
512 2056 587 2087 lun.
605 2056 640 2087 7:
666 2057 777 2088 Mense
805 2057 901 2089 Iunio

202 2104 357 2136 alvearia
378 2105 616 2138 castrabantur
629 2124 649 2130 -
663 2124 682 2129 -
695 2110 834 2139 matura
855 2108 901 2139 ad

200 2154 305 2186 mellis
326 2155 480 2186 reditum.
513 2174 549 2178 —-
574 2156 736 2198 infirmas]
762 2156 900 2188 «imbe-

202 2203 332 2236 cillas.»
361 2205 467 2237 Voss:
492 2205 580 2237 Bald
603 2206 662 2238 u'bt
687 2215 725 2238 er
752 2209 900 2238 zarter

201 2254 383 2295 Schdfchen
398 2255 517 2287 Schur.
552 2255 651 2287 Ovid.
670 2255 721 2288 lb.
740 2255 799 2288 43:
824 2256 900 2287 Paoe

201 2304 264 2335 erit
282 2304 362 2335 haec
380 2304 491 2343 nobis,
521 2306 622 2337 dmtec
642 2305 723 2337 mihi
741 2305 812 2337 vita
825 2314 900 2337 ma-

201 2353 307 2393 nebit,
333 2354 416 2386 Cum
438 2363 591 2394 pecore
616 2355 785 2396 infirmo
812 2364 899 2396 quae

201 2404 280 2435 solet
301 2413 367 2436 esse
389 2404 485 2444 lupis.
517 2405 557 2436 V.
588 2405 670 2437 Exc.
699 2406 739 2437 11.
773 2424 809 2428 —
846 2405 901 2436 Vel

201 2453 288 2495 cum]
324 2453 379 2485 Sic
405 2454 516 2495 Epod.
542 2454 599 2493 42,
625 2454 689 2486 43τ
740 2454 794 2487 Vel
824 2463 900 2486 mea

201 2512 276 2534 cum
313 2503 419 2536 saevis
452 2504 559 2546 agitat
602 2504 741 2545 fastidia
780 2504 897 2536 verbis.

204 2553 274 2584 Sat.
305 2554 341 2591 ⁶2,
372 2553 408 2591 7,
440 2553 503 2585 95:
557 2553 611 2586 Vel
626 2563 708 2596 'cum
732 2554 899 2586 Pausiaca

204 2605 329 2642 torpes,
355 2604 488 2643 insane,
520 2604 651 2636 tabella.
692 2605 784 2645 Virg.
810 2606 895 2637 Aen.

205 2652 260 2691 44,
280 2652 374 2693 406,
401 2653 459 2685 ubi
484 2654 620 2687 Turnus
646 2654 805 2687 Draneae
831 2653 895 2687 alia

957 1072 1041 1096 cum
1057 1063 1264 1105 obiecisset,
1289 1059 1337 1097 ita
1350 1066 1483 1107 pergit:
1512 1066 1567 1099 Vel
1579 1075 1656 1098 cum

956 1122 989 1145 se
1007 1114 1172 1153 pavidum
1196 1117 1316 1147 contra
1336 1123 1414 1147 mea
1428 1115 1543 1158 iuryia
1558 1116 1656 1158 finqit

954 1163 1100 1205 Artificis
1142 1163 1257 1205 scelus,
1307 1165 1354 1197 ad
1392 1173 1502 1207 quem
1535 1164 1654 1198 locum

955 1213 1112 1254 Wagner
1125 1214 1243 1246 recte:
1274 1214 1354 1247 «Vel
1375 1215 1428 1247 sic
1443 1216 1655 1257 usurpatum

957 1270 1037 1294 eam
1060 1262 1170 1295 habet
1190 1264 1404 1305 potestatem
1417 1290 1426 1305 ,
1462 1266 1502 1297 ut
1524 1265 1655 1298 transi-

957 1312 1034 1343 tum
1048 1313 1152 1353 paret
1174 1313 1220 1345 ad
1243 1311 1309 1344 alia
1325 1338 1332 1352 ‚
1357 1322 1434 1346 cumn
1449 1314 1594 1356 respicit
1608 1314 1654 1346 ad

954 1369 1200 1403 praegressa.»
1248 1362 1351 1395 Haud
1384 1365 1483 1396 recte
1512 1364 1654 1398 Monich

953 1410 1005 1443 vel
1041 1411 1152 1444 iunxit
1183 1420 1267 1444 cum
1298 1420 1333 1444 v.
1368 1411 1445 1445 libet
1470 1421 1507 1446 v.
1531 1413 1586 1447 23.
1614 1432 1650 1437 ——

952 1460 1173 1503 Auctumnus]
1206 1461 1308 1502 quasi
1331 1462 1420 1494 deus
1434 1487 1442 1501 ‚
1481 1463 1522 1495 ut
1543 1461 1654 1496 Gra‘e-

955 1518 1080 1542 corum
1103 1509 1282 1543 ΟΠΩΡΑ.
1307 1510 1466 1544 Avellino
1486 1512 1575 1545 Bull.
1592 1513 1650 1545 111.

954 1568 989 1601 p.
1011 1560 1085 1592 446.
1112 1578 1148 1583 -
1175 1561 1280 1603 agris]
1303 1561 1428 1603 Aptius
1449 1561 1519 1594 hoc
1542 1571 1652 1604 quam

954 1608 1103 1642 aliorum
1126 1610 1237 1651 arvis,
1263 1619 1347 1643 cum
1369 1619 1493 1643 arvum
1505 1612 1661 1654 proprie*

953 1659 1019 1699 sit,
1046 1659 1143 1701 quod
1159 1660 1314 1693 cuiusvis
1329 1661 1469 1702 generis
1490 1660 1652 1694 frumen-

954 1710 1030 1741 tum
1065 1708 1133 1741 sert
1146 1734 1154 1749 ‚
1199 1719 1284 1751 aqer
1320 1711 1441 1742 contra
1478 1709 1578 1744 locus
1613 1711 1651 1744 in

953 1767 1036 1790 rure
1049 1783 1057 1798 ,
1090 1759 1151 1800 qui
1174 1758 1411 1801 qualicunque
1433 1759 1541 1793 modo
1564 1759 1651 1793 coli-

953 1810 1028 1848 tur,
1076 1809 1183 1841 etiam
1221 1807 1410 1842 arboribus
1446 1811 1484 1842 et
1518 1809 1650 1843 vitibus

953 1858 1130 1898 consitus,
1154 1859 1195 1890 ut
1216 1858 1275 1890 hic
1298 1860 1335 1891 et
1356 1859 1451 1900 virg.
1476 1860 1538 1892 Ge.
1555 1860 1589 1900 2,
1605 1859 1646 1893 4:

946 1911 1048 1949 pater
1081 1917 1100 1940 ο
1133 1909 1275 1949 Lenaee,
1303 1926 1324 1932 -
1347 1927 1368 1934 -
1393 1909 1453 1941 tibi
1469 1910 1650 1950 pampineo

950 1958 1112 2000 gravidus
1133 1962 1312 1991 auctumuo
1333 1958 1444 1991 Floret
1464 1967 1557 2001 ager.
1596 1960 1648 1992 De

951 2007 1079 2040 crebra
1109 2008 1294 2049 utriusque
1327 2017 1405 2042 voc.
1443 2008 1647 2042 confusione

951 2057 1014 2090 cfr.
1031 2057 1211 2090 Drakenb.
1230 2057 1276 2090 ad
1291 2057 1350 2090 Sil.
1366 2057 1440 2090 Ital.
1457 2058 1478 2090 5
1489 2083 1497 2098 ,
1513 2058 1590 2091 260.
1608 2077 1644 2082 —-

949 2107 1329 2149 qaudet--decerpensJ
1351 2108 1392 2140 ut
1407 2109 1542 2142 Graeci.
1565 2103 1649 2150 ἤδε-

948 2166 1011 2190 reu
1022 2155 1179 2203 δρέπων.
1197 2176 1234 2180 --
1250 2156 1397 2199 insitiva]
1421 2156 1487 2190 «ab
1503 2157 1580 2199 ipso
1596 2158 1648 2191 in-

949 2208 1078 2240 serta.»
1104 2223 1140 2230 -
1179 2206 1366 2239 certantem
1381 2224 1402 2230 -
1421 2224 1442 2230 -
1458 2209 1645 2250 purpurae]

950 2265 1062 2297 «quae
1075 2255 1194 2288 colore
1206 2255 1405 2289 aemulatur
1414 2265 1645 2299 purpuram.»

948 2306 1131 2347 Proprium
1161 2305 1286 2339 vitium
1315 2313 1429 2347 genus
1455 2315 1647 2348 purpureae

949 2355 1114 2387 dicuntur
1126 2355 1219 2396 Virg.
1238 2357 1299 2388 Ge.
1317 2356 1350 2396 2,
1369 2355 1430 2388 95:
1452 2356 1646 2398 Purpureae

943 2405 1143 2446 preciaeque
1172 2406 1239 2437 cet.
1252 2429 1260 2445 ,
1292 2405 1388 2437 unde
1410 2404 1512 2438 fluxit
1532 2406 1644 2439 Scho-

947 2453 1016 2486 lion
1051 2454 1148 2487 haud
1178 2454 1281 2487 nimis
1311 2455 1511 2496 appositum
1535 2455 1644 2488 Com-

949 2506 1058 2536 ment.
1086 2505 1193 2546 Cruq.
1219 2505 1265 2537 ad
1288 2504 1323 2536 h.
1342 2503 1390 2536 l.:
1417 2505 1525 2543 «Eae,
1550 2513 1642 2546 quae

948 2554 1089 2596 preciae
1114 2554 1312 2586 dicuntur.»
1347 2554 1417 2587 Sed
1439 2554 1474 2586 h.
1493 2553 1515 2586 l.
1543 2563 1642 2598 γενι-

947 2602 1025 2644 κῶς
1047 2612 1137 2636 uvae
1161 2603 1348 2636 cuiuslibet
1369 2603 1525 2636 colorem
1540 2611 1642 2636 com-

948 2655 1048 2696 parat
1059 2662 1249 2696 purpurae.
1266 2653 1335 2687 Csr.
1345 2653 1449 2694 Od.2,
1461 2655 1494 2695 5,
1506 2653 1548 2687 40
1559 2662 1638 2695 sqq.
