1722 2904
214 49 296 90 648

749 51 920 85 HORATll
944 52 1114 85 EPODON

440 156 634 198 Pecusve
666 155 860 199 Calabris
891 163 988 200 ante
1019 156 1140 200 sidus
1170 157 1379 201 fervidum

490 237 662 280 Lucana
697 244 831 280 mutet
858 238 1051 294 pascuis,

439 319 590 376 Neque
622 325 669 361 ut
698 319 872 376 superni
903 318 1002 361 villa
1031 318 1222 363 candens
1252 320 1421 365 Tusculi

498 400 675 443 Circaea
705 406 847 457 tangat
876 400 1059 443 moenia.

1606 405 1662 447 30

297 507 350 539 28.
373 507 515 547 pascula
542 508 588 547 B,
620 516 751 547 pascua
773 507 820 547 d,
838 506 939 547 βλω,
965 509 1053 540 Pott.
1079 507 1169 548 duo,
1202 509 1283 542 LCt.
1333 510 1384 552 (Ut
1406 519 1491 551 nos,
1526 511 1617 552 bSc,

258 565 387 590 omnes
410 556 599 597 Blandinii‚
623 556 674 596 βκ
699 567 802 590 «011111
825 557 901 590 aliis
925 557 1130 599 qumquem)
1157 575 1195 581 —
1220 558 1275 599 29,
1298 559 1367 592 Nec
1383 559 1556 600 bd‚LCtF.
1577 579 1615 585 —

255 607 366 647 supini
389 607 500 639 Bentl.
528 608 619 640 coni.
645 607 690 640 ab
716 608 791 649 ipso
815 609 961 649 recepta
976 632 984 647 ,
1010 607 1143 648 superbi
1165 602 1355 642 Markland.

254 693 307 725 27.
335 694 389 726 28.
415 695 553 726 Pecusve
569 694 720 727 Calabris
743 694 825 736 cet]
852 696 911 727 «ut

211 744 392 775 numerosi
409 744 494 775 mihi
510 744 579 776 sint
594 753 720 785 greges
731 744 909 785 variisque

210 792 245 823 in
272 792 476 833 regionibus
515 792 632 835 ampla
666 802 821 835 pascua,
862 794 910 825 ita

211 843 265 880 ut,
298 843 603 883 quemadmodum
620 843 752 876 faciunt
767 843 908 882 divites,

211 892 346 924 aestate
364 900 450 924 oves
467 901 569 925 meae
587 902 607 925 e
620 892 782 925 Calabria
798 893 833 925 in
846 894 912 925 Lu-

211 940 350 973 caniam
377 942 494 974 minus
517 943 720 975 aestuosam
748 944 908 984 agantur.

211 990 322 1023 Varro
339 992 376 1023 R.
395 992 433 1024 R.
452 992 492 1031 2,
513 993 525 1024 l
543 1018 550 1032 ,
570 992 635 1024 46:
665 1001 781 1034 yreqes
800 993 911 1025 ovium

214 1040 310 1081 lonye
332 1041 515 1082 abiguntur
534 1050 579 1074 ew
590 1042 714 1082 Apulia
728 1043 763 1074 in
780 1043 913 1075 Samni-

212 1099 270 1121 um
296 1091 504 1123 aestivatum.
537 1091 627 1124 Ibid.
647 1093 679 1132 2,
697 1093 730 1132 2,
749 1093 769 1124 9
785 1103 792 1124 :
829 1093 912 1125 mihi

211 1148 328 1181 yreyes
350 1140 385 1172 in
398 1141 522 1181 Apulia
536 1142 777 1182 hibernabant,
803 1143 861 1183 qui
875 1143 911 1174 in

208 1190 355 1221 Reatinis
380 1191 545 1223 montibus
571 1192 788 1224 aestivabaml.
827 1192 908 1232 (Cfr.

213 1239 319 1271 etiam
334 1240 442 1281 Epist.
460 1241 492 1281 2,
512 1241 544 1281 2,
563 1241 626 1274 477
642 1251 649 1272 :
675 1241 827 1274 Calabris
836 1242 911 1274 Sal—

212 1288 296 1320 tibus
329 1290 449 1322 adiecti
481 1290 638 1333 Lucani.)
682 1290 833 1324 Pulchre
863 1291 909 1324 dc

210 1337 324 1371 beatis
347 1339 403 1372 his
419 1340 539 1373 Italiae
562 1341 734 1374 tractibus
756 1340 910 1374 Rehfues

209 1389 302 1421 Neue
321 1390 440 1423 Medea
454 1391 494 1422 11.
521 1392 555 1423 S.
574 1391 663 1424 264:
686 1392 751 1424 Die
764 1392 911 1433 fettesten

213 1439 439 1481 Weidetriften
461 1440 576 1482 laufen
598 1450 644 1473 an
659 1442 721 1474 den
734 1442 912 1474 meandri-

208 1489 304 1521 schen
337 1489 468 1522 Bachen
501 1491 558 1522 hin
583 1492 653 1523 und
679 1491 836 1523 bedecken
859 1492 911 1523 die

209 1540 336 1580 offenen
349 1539 462 1572 Hb'hen
475 1540 638 1573 zwischen
652 1542 713 1574 den
727 1541 907 1582 Urforsten.

209 1589 273 1620 Die
304 1589 455 1630 uppiyste
491 1591 680 1632 Veqetation
709 1591 798 1623 lachl
828 1591 911 1623 uber

209 1638 298 1679 Bery
312 1639 382 1670 und
404 1639 486 1671 Thal
503 1641 574 1671 und
592 1641 740 1673 wacherl
754 1641 849 1673 selbst
864 1650 910 1674 an

210 1688 272 1720 den
306 1688 505 1730 ymvaltiyen
534 1689 737 1723 Felsmassen
771 1700 907 1732 empor,

210 1737 275 1778 auf
290 1738 342 1770 die
363 1738 432 1770 sich
452 1739 531 1778 jone
555 1739 678 1781 Tristem
712 1741 827 1782 hdufly
847 1740 910 1773 ab-

208 1788 390 1820 schneiden.
423 1806 461 1811 —
501 1792 579 1821 ante
611 1790 701 1822 sidus
724 1791 907 1834 ferundum]

211 1838 313 1869 «ante
331 1837 518 1871 Caniculae
535 1840 689 1872 ortum.»
706 1858 743 1863 —
761 1841 813 1873 De
826 1850 910 1874 con-

210 1887 403 1920 structione
426 1896 459 1919 v.
477 1891 610 1921 mutare
627 1889 691 1922 cfr.
711 1890 775 1922 Od.
794 1891 808 1922 4
826 1916 833 1930 ,
853 1891 906 1930 47,

210 1937 242 1968 2.
269 1939 304 1969 et
327 1938 396 1969 Sat.
423 1937 463 1978 2,
493 1939 531 1977 7,
561 1939 636 1971 440.
681 1957 718 1962 -
755 1940 907 1980 pascuis]

210 1987 306 2018 Haec
335 1986 440 2019 lectio
471 1996 542 2020 non
565 1987 681 2021 solum
703 1988 866 2021 firmatur
887 1999 907 2021 a

210 2035 328 2069 multis
352 2038 388 2068 et
403 2038 667 2078 praestantibus
684 2038 816 2078 Codd.‚
843 2038 909 2071 sed

210 2085 344 2118 facilius
368 2087 475 2119 etiam
496 2096 628 2120 nomen
644 2088 909 2120 accommodari

210 2137 351 2177 poterat
366 2136 411 2168 ad
426 2137 661 2179 propinquius
683 2137 812 2170 adiect.
837 2139 908 2170 Lu—

210 2195 299 2218 cana
341 2195 448 2228 quam
495 2189 629 2220 contra.
693 2189 785 2221 «Nos
826 2189 907 2222 ideo

208 2237 343 2276 pascuis
366 2237 624 2277 praeferimus,
662 2246 706 2269 ne
735 2239 771 2269 in
794 2237 907 2271 tribus

211 2286 384 2318 continuis
408 2287 531 2327 epodis
557 2286 684 2319 eadem
708 2288 810 2320 exeat
833 2289 907 2320 ter-

211 2335 389 2367 minatio.»
416 2335 536 2368 Bam-1..

254 2385 309 2416 29.
334 2384 387 2416 30.
413 2386 562 2426 superni]
586 2386 695 2418 Vetus
716 2386 905 2420 Tusculum

213 2436 315 2474 (anno
342 2434 423 2466 Chr.
454 2435 549 2467 4494.
579 2445 598 2467 a
621 2436 786 2469 Romanis
808 2429 907 2469 diru-

213 2483 298 2522 tum)
333 2483 368 2515 in
392 2486 511 2516 monte
534 2493 702 2526 supremo
726 2485 907 2519 conditum

214 2533 308 2569 erat,
340 2532 552 2566 hodiernum
587 2535 661 2567 sive
697 2535 850 2567 Frascali
873 2536 907 2567 in

214 2581 302 2613 clivo
318 2581 443 2614 leniter
458 2584 676 2624 assurgente.
706 2584 907 2626 (Antiquum

214 2631 402 2664 Tusculum
438 2633 543 2665 situm
579 2635 670 2673 erat,
719 2633 779 2666 ubi
814 2643 907 2667 nunc

961 694 996 725 la
1024 694 1106 726 villa
1135 694 1223 727 della
1243 696 1417 738 Rullnella.
1459 696 1569 735 Raoul
1591 698 1662 731 Ro-

961 744 1078 776 chette
1101 744 1244 776 Journal
1265 746 1321 777 des
1342 749 1479 779 savants
1501 746 1598 781 ⁴848.
1624 756 1658 789 p.

961 793 1027 834 49.)
1066 811 1100 818 -
1139 794 1263 836 Utique
1287 795 1351 828 Od.
1380 795 1419 836 3,
1448 796 1488 836 4,
1516 796 1571 830 23.
1607 799 1662 830 est

962 845 1062 877 Tibur
1093 846 1270 886 supinuom
1307 855 1434 880 verum
1469 849 1659 891 propterea

961 904 1031 927 non
1070 894 1167 928 idem
1208 894 1386 929 ἐπίθετον
1418 897 1477 930 1110
1516 907 1660 940 quoque

959 945 1085 986 poetae
1109 945 1188 977 erat
1201 944 1478 980 obtrudendum.
1525 948 1658 981 'ruscu-

960 992 1036 1026 lum
1058 995 1179 1026 autem
1208 1003 1389 1035 supernum
1411 997 1468 1028 est
1487 1004 1573 1038 pars
1597 1005 1661 1030 su-

960 1044 1081 1085 perior
1103 1042 1182 1076 clivi
1205 1043 1392 1081 Tusculani
1414 1046 1560 1088 propius
1593 1055 1660 1089 op—

960 1093 1095 1134 pidum.
1147 1094 1220 1127 Cic.
1245 1094 1291 1127 de
1314 1095 1419 1136 Legg.
1445 1095 1486 1135 3,
1516 1095 1580 1128 ⁴3:
1618 1097 1656 1128 L.

960 1142 1138 1183 Lucullus,
1155 1143 1282 1176 obiecta
1294 1145 1545 1187 maynifleentia
1558 1145 1661 1179 villae

961 1193 1182 1234 Tusculanae,
1207 1194 1391 1236 respondit
1411 1195 1476 1228 duo
1494 1203 1528 1228 se
1541 1195 1661 1229 habere

957 1242 1099 1282 vicinos,
1123 1243 1347 1284 superiorem,
1371 1245 1514 1285 equitem
1531 1245 1657 1278 Roma-

958 1301 1056 1332 nwm,
1080 1292 1292 1333 inferiorem,
1317 1293 1508 1327 libertinum
1530 1296 1598 1327 cet.
1619 1314 1656 1318 —

961 1341 1089 1374 Tusculi
1111 1342 1252 1375 Circaea
1265 1361 1285 1366 —
1299 1344 1443 1387 moenia]
1468 1343 1660 1378 Tusculum

959 1399 979 1423 a
1013 1390 1188 1433 Telegono
1232 1391 1336 1426 Ulixis
1369 1402 1414 1426 ex
1448 1393 1559 1427 Circa'
1587 1393 1658 1427 filio

959 1440 1142 1473 conditum
1173 1440 1354 1482 ferebant;
1390 1443 1486 1476 unde
1519 1443 1583 1476 Od.
1615 1443 1656 1483 3,

958 1491 1020 1531 29,
1052 1491 1092 1523 8:
1141 1491 1290 1533 Teleyoui
1321 1493 1404 1534 iuga
1434 1494 1655 1534 parricidae,

958 1541 1020 1573 ubi
1042 1540 1123 1573 vide
1159 1541 1280 1574 adnot.
1328 1542 1524 1576 Consti-ue:
1561 1543 1656 1583 Non,

957 1594 995 1623 ut
1042 1591 1125 1623 villa
1167 1592 1311 1624 candens
1360 1594 1480 1634 tangat
1526 1593 1660 1626 moenia

958 1641 1098 1674 Circaea
1136 1641 1267 1673 Tusculi
1303 1642 1458 1682 superni,
1504 1642 1542 1675 id
1579 1643 1655 1676 est:

959 1700 1051 1724 «11011
1082 1691 1183 1733 opto,
1208 1692 1248 1723 ut
1273 1690 1354 1724 villa
1383 1691 1470 1724 mihi
1498 1691 1659 1734 obtingat

958 1749 1161 1773 marmorea
1195 1741 1231 1773 et
1263 1740 1446 1782 magnifice
1478 1743 1658 1799 exstructa
1718 1762 1722 1806 ὲ

959 1842 1018 1873 cet
1057 1838 1161 1881 longe
1203 1840 1434 1881 pretiosiores
1470 1791 1659 1884 111εέψίιὲἓῖιέ
1718 1822 1722 1868 l

957 1890 1134 1932 appetitae
1181 1891 1283 1922 erant
1325 1889 1428 1923 villae
1464 1899 1656 1924 amoenum
1719 1924 1722 1936 ,

957 1799 1069 1833 prope
1106 1790 1224 1832 ipsum
1257 1789 1484 1824 Tusculum.»

957 1939 1041 1972 1111111
1065 1939 1237 1981 oppidum
1259 1940 1421 1981 proxime
1444 1941 1655 1982 attingentes

958 1998 1066 2030 quam
1081 1989 1306 2022 remotiores.
1335 1989 1391 2022 Sic
1406 1990 1553 2023 minime
1569 1999 1656 2024 ean-

958 2039 1043 2071 dem
1075 2039 1290 2071 sententiam
1329 2038 1373 2080 (v.
1399 2039 1468 2081 25.)
1504 2041 1653 2082 repetit,

959 2096 1051 2121 «non
1074 2089 1176 2130 opto,
1200 2089 1241 2121 ut
1262 2089 1350 2121 mihi
1372 2088 1526 2122 donetur
1549 2098 1656 2132 prae—

957 2138 1056 2171 dium
1071 2146 1180 2179 quam
1195 2137 1452 2180 amplissimum
1468 2138 1655 2172 0110111113-

957 2189 1127 2226 simum»;
1152 2187 1217 2221 sed
1239 2188 1415 2230 adiungit:
1457 2198 1545 2222 nnec
1566 2198 1653 2222 vero

956 2237 1058 2270 villae
1082 2246 1256 2270 amoenae
1272 2237 1424 2280 cupidus
1446 2247 1562 2271 sum.»
1590 2240 1651 2271 Lo-

957 2287 1077 2329 quitur
1099 2295 1184 2328 ergo
1208 2287 1253 2320 de
1276 2286 1375 2327 villa,
1399 2288 1440 2320 ut
1461 2288 1508 2320 ita
1523 2287 1652 2328 dicam,

958 2337 1062 2377 ficta,
1099 2345 1207 2378 quam
1241 2338 1438 2382 φαντασίᾳ
1475 2338 1651 2380 concipit;

958 2395 1075 2428 neque
1109 2395 1196 2419 vero
1231 2394 1271 2419 se
1301 2395 1371 2420 non
1401 2387 1525 2429 optare
1549 2386 1650 2426 dicit,

960 2438 1019 2468 «ut
1042 2435 1212 2468 Sabinum
1236 2444 1341 2469 suum
1363 2437 1434 2469 XV.
1459 2434 1531 2468 mil.
1555 2444 1650 2478 pass.

957 2495 977 2517 a
1001 2484 1151 2518 Tusculo
1174 2485 1331 2523 distans,
1361 2483 1441 2517 villa
1468 2494 1489 2517 a
1516 2493 1609 2519 novo
1632 2494 1652 2518 e

958 2544 1136 2567 marmore
1170 2534 1396 2567 constructa„
1443 2535 1562 2576 (Inscr.
1601 2542 1650 2567 m.

958 2586 1030 2617 Lat.
1057 2586 1096 2617 N.
1129 2584 1181 2617 43.
1215 2586 1251 2617 et
1279 2584 1410 2626 ⁴303.)‚
1449 2592 1583 2626 «usque
1606 2583 1652 2616 ad

957 2635 1059 2667 huius
1100 2643 1220 2667 muros
1257 2633 1467 2667 extendatur
1498 2632 1651 2676 praediis
1704 2652 1707 2654 -
