1722 2904
540 27 620 60 Lm.
644 26 702 59 111.
750 26 788 59 C.
813 25 929 59 xxm.

285 129 517 187 Ridetque,
550 129 585 172 si
616 127 804 172 mortalis
835 128 945 172 ultra

343 211 424 253 Fas
451 208 647 267 trepidat.
706 208 832 262 Quod
862 208 986 252 adest
1014 216 1228 252 memento

229 316 498 372 Componere
530 328 720 372 aequus3
751 320 895 358 cetera
927 313 1113 357 fluminis

228 396 324 440 Ritu
352 395 563 446 feruntur,
601 409 715 439 nunc
744 394 887 438 medio
918 408 1110 452 aequore

282 476 391 520 Cum
417 489 526 533 pace
555 475 794 519 delabentis
823 475 1050 519 Etruscum

1449 477 1502 518 35

340 557 388 599 In
416 569 556 606 mare,
589 569 703 599 nuno
731 555 898 613 lapides
930 555 1087 599 adesos

146 688 200 722 34.
231 696 377 729 aequore
405 689 600 730 (superscr.
626 687 734 729 alveo)
758 696 796 727 c,
819 684 887 728 βξ,
912 685 969 719 alii
991 686 1103 720 Codd.
1129 687 1323 727 Vanderb..
1349 689 1456 728 Feae,

104 737 273 770 Pottierii:
308 737 402 770 alveo
423 736 517 776 BbS,
551 737 642 770 Pott.
668 737 768 775 octo,

804 737 890 775 LCt,
926 735 1058 776 Bentl.·,
1081 736 1168 770 ms.
1210 737 1293 778 (dn
1316 738 1456 777 ceteris,

102 788 245 829 praeter
265 784 331 829 βξ,
355 786 509 819 habetur
530 786 639 826 alveo,
664 785 739 819 fere
756 794 839 818 cum
861 794 1006 826 aequore
1020 787 1298 828 superscripto.»
1322 788 1458 828 Banu..)

59 901 236 948 τελευτὴν
268 901 440 943 Γνῶναι,
489 897 594 944 ὅπως
625 901 754 945 με’λλει

59 951 176 987 τοῦτο
197 951 289 995 θεὸς
310 952 479 987 τελέσαι·
497 949 657 1009 Ὀρφνη
680 949 754 999 γὰρ

58 1003 234 1036 τέταται·
270 1000 344 1060 πρὸ
376 1002 418 1036 δὲ
446 1000 516 1036 τοῦ
547 1001 754 1045 μέλλοντος

59 1048 219 1086 ἔσεσθαι
245 1049 299 1086 Οὔ
322 1049 462 1086 συνετὰ
487 1051 646 1094 θνητοῖς
673 1051 755 1084 πεί-

58 1102 139 1148 ρατ’
162 1098 395 1145 αμηχανίης.
435 1100 533 1134 Pind.
551 1099 602 1133 01.
622 1101 682 1140 ⁴2,
711 1100 750 1132 9:

59 1150 143 1184 Τῶν
175 1150 218 1185 δὲ
245 1149 462 1194 μελλόντων
494 1147 753 1190 τετύφλωνται

91 1199 163 1283 (gd
183 1250 236 1283 32.
260 1249 427 1292 addetque]
455 1257 559 1282 «suae
574 1249 754 1290 potentiae

59 1300 264 1333 conscius.-
302 1315 339 1322 -
385 1298 544 1340 trepidat]
596 1297 753 1331 «futuros

59 1349 207 1382 eventus
239 1348 341 1381 anxie
375 1347 559 1389 explorare
594 1345 751 1387 laborat,

57 1398 151 1430 ultra
163 1397 232 1430 hac
246 1397 283 1430 in
299 1405 382 1430 cura
398 1405 626 1438 progressus,
644 1404 754 1437 quam

58 1455 138 1480 sors
179 1446 319 1488 generis
363 1446 509 1478 humani
555 1445 730 1478 coneedit.
736 1457 755 1473 ι

59 1495 222 1538 Sophool.
247 1496 385 1553 Fragm.
410 1496 487 1528 5⁴5.
512 1496 562 1528 D:
602 1491 755 1537 Θνητὴν

58 1542 100 1577 δὲ
132 1542 253 1585 φύσιν
294 1541 369 1602 χρὴ
411 1541 536 1587 θνητὰ
573 1547 752 1601 φρονεῖν,

60 1590 185 1627 Τοῦτο
206 1590 450 1634 κατειδότας,
480 1590 533 1634 ὦς
555 1589 627 1626 οὐκ
650 1603 755 1626 εστιν

57 1640 168 1686 Πλὴν
181 1640 273 1684 Διὸς
294 1638 420 1683 οὗδεὶς
441 1640 517 1675 τῶν
538 1640 754 1685 μελλόντων

60 1692 232 1735 Ταμίας,
278 1686 302 1724 ὅ
338 1701 376 1724 τι
410 1688 486 1748 χρὴ
523 1690 752 1724 τετελέσθαι.

59 1741 386 1785 1d.Fragm.659:
421 1737 512 1773 Ἀλλ’
537 1737 583 1774 οὗ
607 1739 681 1786 γὰρ
704 1737 755 1773 ἂν

59 1788 107 1824 τὰ
121 1790 212 1824 θεῖα
214 1786 469 1849 κρυπτόντων
483 1789 584 1823 θεῶν
602 1789 756 1832 Μάθοις

59 1835 134 1879 ἅν,
180 1837 261 1874 οὐδ’
307 1840 343 1873 εἰ
385 1838 493 1872 πάντ’
538 1838 756 1882 ἐπεξέλθοις

60 1888 229 1923 σκοπῶν.
268 1909 304 1913 -
342 1891 436 1930 Quod
463 1889 571 1931 adest]
611 1891 755 1931 «Aequo

59 1940 178 1972 animo
206 1940 407 1981 praesentia
441 1939 564 1971 ordina
578 1964 586 1978 ,
623 1940 754 1981 quippe

60 1997 151 2030 quae
184 1988 221 2021 in
253 1990 313 2021 tua
348 1989 523 2030 potestate
562 1989 627 2020 sita
662 1989 752 2027 sint;

60 2038 180 2070 cetera
201 2037 320 2070 omnia
342 2037 436 2069 fluxa
459 2039 541 2070 sunt
562 2039 668 2078 atque
699 2037 756 2073 in-‚

60 2087 192 2119 certa.»
238 2087 399 2119 Cratinus
431 2086 525 2128 apud
549 2086 694 2118 Suidam
716 2093 754 2118 v.

60 2133 104 2167 τὸ
125 2131 250 2193 παρὸν
274 2129 317 2168 εὖ
341 2138 480 2167 ποιεῖν·
504 2131 676 2190 Ἄνδρας
685 2145 755 2168 σο·

59 2181 162 2225 φοῦς
182 2182 300 2230 εχρῆν
320 2180 367 2217 τὸ
389 2181 512 2238 παρὸν
535 2179 676 2231 πρᾶγμ’
701 2185 755 2224 εἰς

60 2231 221 2276 δύναμιν
241 2233 384 2266 θέσθαι
405 2229 544 2274 καλῶς.

103 2283 157 2315 33.
182 2282 236 2316 34.
264 2283 411 2325 aminis
432 2283 519 2324 Ritu]
544 2283 627 2315 Hor.
652 2283 692 2314 A.
715 2283 751 2315 P.

61 2333 120 2365 62:
158 2332 314 2365 ἰαυοηυηι
346 2333 426 2364 ritu.
474 2331 572 2364 Ovid.
605 2332 682 2363 Am.
717 2332 752 2371 4,

61 2381 102 2420 7,
133 2380 194 2414 43:
234 2381 351 2413 midi
381 2381 452 2413 ritu
484 2380 638 2412 torrentis
674 2389 755 2422 aye-

61 2429 134 2462 bar.
158 2430 278 2462 Iuven.
297 2429 335 2468 3,
360 2429 443 2462 26⁴:
481 2430 575 2461 More
601 2429 752 2469 animae,

62 2478 99 2511 id
117 2480 188 2518 est,
216 2479 337 2511 «sicuti
359 2478 510 2510 anima.»
537 2496 574 2502 —
599 2478 753 2521 aequore]

62 2528 157 2561 Unus
167 2526 279 2559 Vand.
293 2526 442 2569 praebet
453 2535 597 2566 aequore
609 2535 692 2560 eum
707 2526 752 2568 gl.

60 2576 209 2617 planicie.
234 2577 347 2616 Atque
364 2576 453 2608 haec
469 2575 607 2609 videtur
622 2576 755 2608 Horatii

804 911 950 942 manus,
968 903 1025 935 eui
1040 902 1203 936 facillime
1215 905 1380 946 antiquus
1396 905 1502 938 inter-

803 951 941 993 polator
956 951 1172 985 substituere
1187 955 1326 994 poterat
1334 953 1379 995 gl.
1394 954 1499 994 alveo,

804 1009 874 1033 non
886 1002 1020 1034 contra.
1057 1000 1197 1034 Scilicet
1217 1001 1274 1035 ille
1296 1002 1500 1043 verebatur,

803 1052 843 1083 ut
851 1059 978 1091 aequor
988 1050 1034 1083 de
1047 1051 1193 1099 flumine
1205 1053 1301 1085 reete
1309 1052 1499 1086 diceretur.

803 1101 967 1133 Attamen
990 1101 1084 1141 Virg.
1108 1101 1195 1133 Aen.
1221 1101 1262 1141 8,
1278 1102 1341 1135 86:
1368 1103 1503 1143 vmbris

804 1167 823 1173 -
837 1168 856 1173 -
871 1150 975 1182 tacita
996 1151 1139 1192 refluens
1160 1151 1211 1182 ita
1231 1151 1373 1184 substitit
1393 1153 1500 1193 unda,

802 1199 895 1231 Mitis
924 1202 962 1231 ut
989 1199 1026 1230 in
1046 1207 1174 1231 morem
1195 1201 1307 1241 stagni
1325 1201 1502 1241 placidae—

804 1257 867 1288 que
883 1249 1020 1288 paludis
1041 1248 1210 1281 Sterneret
1231 1257 1359 1289 aequor
1390 1251 1499 1291 aquis.

805 1298 842 1330 et
863 1306 896 1330 v.
923 1297 987 1330 96:
1026 1298 1214 1338 viridesque
1234 1302 1347 1331 secant
1364 1299 1501 1340 placido

804 1355 949 1387 aequore
969 1347 1087 1386 silvas,
1112 1346 1148 1379 id
1171 1348 1245 1387 est,
1277 1347 1391 1381 alveo.
1440 1349 1502 1382 Est

803 1396 930 1437 igitur:
972 1404 1091 1437 «aqua
1114 1396 1270 1429 fluminis
1297 1405 1379 1430 sese
1410 1398 1503 1431 inter

804 1446 995 1486 utrumque
1030 1444 1119 1477 alvei
1152 1447 1350 1487 marginem
1387 1448 1501 1479 eonti-

805 1496 946 1526 nente.»
970 1495 1115 1536 Recepit
1137 1495 1244 1527 etiam
1262 1497 1343 1528 ante
1359 1505 1417 1528 me
1434 1496 1502 1529 Cu-

805 1543 1039 1584 ninghamius.
1085 1543 1207 1584 (Nemo
1231 1545 1328 1576 certe
1352 1546 1502 1578 conten-

805 1592 881 1632 det,
899 1601 965 1634 per
980 1600 1019 1624 se
1034 1591 1130 1624 haud
1145 1594 1284 1625 rectum
1300 1601 1381 1626 esse
1393 1594 1500 1633 alvom

804 1649 932 1674 verum
946 1640 1008 1673 ubi
1025 1641 1137 1673 Codd.
1155 1642 1240 1674 satis
1256 1642 1502 1676 demonstrant

805 1691 929 1723 rariori
952 1699 994 1723 ac
1017 1689 1201 1723 difficiliori
1233 1691 1408 1725 vocabulo
1441 1701 1502 1725 ae—

806 1748 908 1780 quore
939 1739 1171 1772 substitutum
1200 1749 1280 1774 esse
1309 1741 1499 1782 glossema,

804 1787 890 1821 illud
913 1798 983 1821 non
1006 1789 1195 1821 restituere
1217 1791 1326 1822 nimia
1340 1791 1502 1832 profecto

805 1837 897 1870 soret
918 1837 1099 1870 timiditas.
1146 1839 1219 1871 Nec
1241 1847 1328 1871 vero
1345 1839 1502 1873 debebat

804 1887 1013 1928 Bernhardy
1035 1887 1207 1921 adversus
1229 1897 1288 1920 me
1304 1897 1500 1930 provocare

805 1936 852 1968 ad
874 1944 1013 1969 meram
1035 1937 1076 1968 N.
1102 1937 1235 1969 Heinsii
1258 1937 1501 1970 coniecturam

805 1985 904 2018 ovid.
941 1986 1024 2019 Met.
1063 1986 1122 2025 ⁴5,
1166 1985 1253 2019 624:
1303 1986 1502 2029 ciremnfiua

806 2034 975 2074 Thybridis
996 2033 1109 2074 alveo,
1144 2033 1207 2067 ubi
1233 2034 1344 2068 Codd.
1376 2034 1501 2068 lectio-

803 2092 903 2123 nem,
937 2093 965 2115 ο.
1001 2084 1054 2115 Th.
1087 2084 1166 2124 aui,
1201 2085 1299 2116 recte
1333 2085 1500 2118 restitue-

803 2134 886 2165 runt
908 2134 944 2165 et
966 2133 1117 2166 Bachius
1141 2134 1177 2165 et
1198 2133 1365 2174 Iahnius.)

847 2182 900 2214 35.
926 2182 980 2214 36.
1006 2181 1088 2214 omn
1104 2182 1207 2224 pace]
1234 2178 1398 2228 «ἠρέμα,
1423 2182 1502 2225 pla-

804 2231 894 2271 cide,
913 2230 1132 2272 tranquille»,
1146 2231 1400 2273 significatione
1416 2233 1501 2265 satis

804 2280 964 2313 elucente
987 2289 1031 2312 ex
1053 2276 1246 2313 ἀντιθέσει
1266 2290 1356 2313 nune
1375 2281 1503 2322 lapides

804 2331 872 2362 eet.
903 2329 1017 2362 Etiam
1039 2329 1074 2361 in
1094 2338 1200 2371 prosa
1223 2338 1276 2362 or.
1303 2330 1375 2362 Cio.
1394 2331 1498 2362 Tusc.

803 2380 842 2419 5,
867 2379 928 2411 29:
961 2380 1029 2411 Nos
1052 2379 1135 2412 illua
1162 2379 1292 2419 quidem
1317 2387 1393 2410 cum
1414 2387 1501 2418 pace

803 2436 949 2469 naemu-5.
975 2427 1045 2461 Cir.
1063 2428 1165 2461 Hand
1182 2429 1282 2460 Turs.
1306 2428 1346 2459 Π.
1364 2436 1399 2469 p.
1419 2427 1495 2459 ⁴5⁴.

804 2478 840 2510 et
863 2477 937 2509 ⁴57.
965 2494 1001 2500 -
1018 2477 1208 2518 Etrusem]
1224 2475 1347 2510 Ultima
1363 2475 1499 2517 syllaba

804 2525 943 2558 eliditur
970 2527 1052 2559 ante
1083 2527 1295 2567 sequentem
1324 2523 1496 2558 vocalem.

807 2594 843 2600 —
869 2575 1002 2617 adesos]
1040 2575 1092 2608 «vi
1120 2583 1293 2616 aquarum
1316 2573 1498 2606 adrasos.»
