1722 2904
187 89 268 132 462

703 91 873 124 HonATn
895 91 1119 126 CARMINUM

469 196 608 251 Saepe
639 208 758 238 mero
789 194 972 238 caluisse
1003 196 1147 238 virtus.

356 302 414 343 Tu
445 300 540 344 lene
572 307 828 344 tormentum
857 302 1027 359 ingenio
1059 301 1262 344 admoves

355 381 614 439 Plerumque
645 381 776 434 duro3
808 388 853 424 tu
883 382 1139 440 sapientium

410 463 544 506 Curas
576 469 618 505 et
647 477 850 506 arcanum
883 463 1030 506 iocoso

468 543 700 587 Consilium
732 544 890 601 retegis
918 545 1090 602 Lyaeo3

274 671 324 701 42.
351 670 525 701 incaluisse
549 679 567 700 e
593 670 699 702 Mario
724 669 901 701 Victorino
924 678 958 710 p.
985 669 1083 701 2606.
1110 670 1145 701 P.
1172 669 1361 703 Bentleius.

185 781 302 823 quali.)
331 799 366 804 —
398 782 506 814 Virtus
529 783 648 813 autem
672 782 815 820 Catonis,
843 783 881 813 ut

186 832 255 864 Sat.
280 833 318 872 2,
345 833 382 870 ’1,
408 832 466 864 72:
512 832 622 863 Virtus
644 832 821 872 Scipiadae
851 834 881 863 et

184 882 273 913 ‘mitis
307 882 472 922 sapientia
507 882 608 913 Laeli.
653 899 687 904 -—
729 881 878 923 caluisse]

184 932 368 971 incaluisse,
394 931 491 972 quod
506 940 571 972 per
594 929 759 973 σφάλμα
781 942 880 974 μνη-

183 980 345 1023 μονικὸν
368 980 518 1023 praebet
537 982 665 1014 Marius
681 981 880 1013 Victorinus

185 1040 218 1072 p.
244 1032 319 1063 ⁶220.
346 1031 467 1068 Gaisf.‚
499 1031 647 1063 nimium
671 1032 743 1070 est,
781 1031 881 1072 quasi

184 1090 269 1113 vero
299 1082 379 1112 ante
409 1081 707 1122 compotationem
734 1089 880 1122 prorsus

185 1130 320 1172 torpida
344 1130 466 1163 fuisset
488 1131 598 1163 virtus
622 1129 689 1162 illa.

229 1180 281 1212 43.
321 1180 536 1221 tormentum]
563 1181 603 1212 H.
629 1179 651 1212 l.
678 1189 749 1212 non
772 1179 882 1211 habet

184 1229 476 1271 significationem
501 1229 721 1271 explorandi,
739 1231 778 1261 ut
789 1231 828 1262 A.
841 1231 878 1261 P.

184 1278 267 1312 434:
307 1280 408 1320 Reges
437 1279 595 1311 dicuntur
621 1280 734 1311 multis
761 1287 882 1320 uryere

183 1329 313 1361 culullis
326 1330 369 1361 Et
384 1332 538 1368 torquere
557 1338 668 1369 mero,
697 1337 793 1368 quem
803 1337 882 1369 per—

183 1380 327 1419 speaeisse
342 1379 508 1418 laborant,
529 1380 596 1411 cet.
616 1380 651 1410 et
666 1379 754 1420 Epp.
774 1379 805 1416 11,
825 1378 878 1416 ⁴8,

185 1429 246 1461 38:
272 1429 549 1469 Commisswmque
571 1432 656 1470 teqes
679 1432 710 1461 et
721 1429 798 1460 vino
814 1431 882 1459 tor-

184 1482 236 1510 tus
257 1482 288 1510 et
309 1479 375 1510 ira.
424 1478 493 1510 Sed
517 1479 584 1510 hoe
603 1477 692 1510 volt:
721 1478 780 1509 «ut
794 1486 879 1509 vera

184 1529 358 1560 tormenta
380 1537 462 1560 reos
484 1528 643 1560 confiteri
670 1528 799 1568 cogunt
815 1527 881 1559 de-

184 1577 285 1617 licta,
312 1578 364 1610 sic
386 1578 527 1617 vinum⁷
554 1578 654 1618 quasi
678 1578 766 1618 lene,
799 1586 881 1618 gra-

183 1629 279 1667 tum,
318 1631 516 1659 tormentum
554 1628 681 1659 excitat
713 1627 882 1668 ingenium

180 1678 376 1718 plerumque
411 1677 606 1718 (persaepe)
643 1678 766 1708 durum
803 1676 882 1708 effi-

185 1728 322 1768 citque,
363 1729 402 1758 ut
430 1726 531 1767 longe
567 1726 699 1759 facilius
724 1727 880 1759 carmina

186 1777 400 1817 festivusque
418 1785 604 1809 sermones
621 1776 777 1808 fundat.»
805 1777 882 1808 «In-

183 1826 278 1867 genio
309 1827 393 1858 duro
423 1834 502 1859 esse
531 1826 659 1858 dicitur
688 1835 752 1858 seu
776 1828 880 1867 poeta

184 1876 257 1907 sive
282 1878 417 1915 orator,
458 1876 518 1916 qui
552 1875 648 1907 arida
682 1877 717 1907 et
751 1874 880 1908 difficili

183 1934 274 1957 vena
291 1927 363 1965 est⁷
390 1927 449 1967 qui
472 1935 541 1958 non
568 1922 783 1972 εὖρετικός,
808 1934 879 1957 non

184 1974 318 2016 pollens
335 1976 535 2008 inventione
558 1977 593 2007 et
614 1976 748 2016 copia.»
776 1976 882 2007 BENT-

186 2034 256 2056 LEY.
284 2024 384 2057 Silius
402 2026 436 2057 Μ
455 2051 461 2064 ,
486 2026 567 2057 285:
586 2026 704 2070 'Donec
715 2025 815 2066 pulsa
829 2025 882 2066 fa-

183 2083 250 2106 mes
275 2077 305 2106 et
320 2075 442 2106 Bacchi
462 2084 605 2107 munera
627 2076 748 2107 duram
762 2076 882 2107 Laxa—

182 2127 263 2155 runt
276 2128 426 2156 mentem.
449 2143 483 2148 —
502 2127 578 2157 Non
594 2126 683 2157 haec
700 2126 754 2158 est
769 2133 881 2166 oppo-

185 2174 285 2206 sitio:
314 2174 423 2206 «duro
446 2176 602 2216 ingenio,
628 2177 667 2207 ut
688 2175 748 2207 fiat
763 2175 881 2207 mitius

186 2225 221 2255 et
242 2223 381 2256 mollius
397 2234 427 2262 3»
459 2224 541 2265 (vel,
580 2226 620 2256 ut
642 2225 878 2266 Porphyrion:

187 2274 328 2305 «vinum
337 2275 524 2315 extorquet
532 2274 638 2306 animi
651 2274 879 2315 gravitatem»

185 2322 265 2354 sed:
287 2324 344 2354 «ut
359 2322 523 2355 liberiore
541 2324 676 2365 impetu
691 2324 762 2356 vim
779 2332 880 2356 suam

186 2373 404 2413 expromat.»
441 2373 590 2405 Omnino
615 2374 670 2406 est
694 2372 880 2414 Bacchyli-

186 2421 239 2453 dis
268 2420 406 2464 γλυκεῖ’
441 2418 592 2465 ἀνάγκα
620 2423 653 2454 in
686 2422 765 2455 loco
798 2431 881 2455 mox

187 2470 243 2511 (ad
255 2480 288 2503 v.
305 2472 444 2512 48—020.)
459 2472 657 2511 afferendo;
677 2472 778 2505 nobis
791 2473 884 2505 Reiz-

184 2519 297 2552 mittel.
322 2540 357 2544 —
387 2523 437 2553 De
462 2522 623 2554 machina
645 2521 783 2554 militari
811 2521 880 2554 noli

186 2577 268 2600 eum
292 2569 366 2602 aliis
389 2570 585 2612 explicare,
612 2580 703 2612 quae
728 2581 797 2603 non
822 2580 881 2603 ex-

186 2618 286 2657 citat,
312 2620 376 2651 sed
392 2620 568 2659 volnerat,
588 2620 719 2662 affligit,
738 2621 876 2653 occidit.

187 2668 279 2699 Cave
307 2669 389 2701 item
414 2670 536 2710 iungas
560 2671 713 2702 admoves
728 2671 879 2710 plerum-

929 790 1010 821 que,
1048 789 1139 813 «non
1170 782 1290 814 tamen
1313 790 1496 824 sempern3
1538 791 1630 825 quae

929 830 1103 863 sententia
1126 830 1322 864 admodum
1344 831 1498 874 frigeret.
1532 834 1628 875 (Mira

929 881 964 912 h.
979 879 1001 911 l.
1017 881 1072 912 est
1087 880 1174 913 Cod.
1186 881 1333 923 Franeq.
1352 881 1534 924 ceteroqui
1549 891 1633 925 per-

929 930 1013 962 boni
1035 930 1248 971 perversitas
1270 930 1476 972 praebentis
1497 941 1629 966 amoves

930 988 1012 1012 eum
1035 979 1141 1020 gloss.
1165 980 1340 1023 removes.)
1370 999 1407 1004 —-
1439 981 1494 1014 Ad
1516 983 1630 1015 totum

930 1028 1048 1062 locum
1073 1029 1135 1061 cfr.
1155 1029 1409 1063 Callimachum
1424 1032 1487 1073 Ep.
1506 1031 1546 1064 9:
1584 1032 1631 1074 (in

929 1078 1069 1111 Anthol.
1096 1078 1166 1112 Pal.
1186 1080 1225 1111 11.
1242 1088 1278 1121 p.
1296 1080 1354 1112 204
1366 1080 1386 1122 .)
1411 1079 1552 1127 Μικρή
1559 1090 1628 1123 τις,

930 1126 1112 1169 Διόνυσε,
1149 1126 1248 1161 καλοὶ
1281 1127 1495 1186 πρήσσοντι
1518 1140 1631 1175 ποιη-

930 1176 976 1225 τῇ
996 1175 1141 1220 Ῥῆσις·
1178 1175 1201 1211 ὁ
1223 1178 1296 1222 μὲν
1324 1176 1433 1213 νικῶ
1457 1182 1558 1224 φησὶ
1580 1180 1626 1214 τὸ

929 1226 1194 1275 μακρότατον·
1215 1223 1278 1262 Ωι
1299 1228 1340 1263 δὲ
1363 1228 1412 1264 σὺ
1434 1229 1491 1275 μὴ
1514 1229 1629 1265 πνεύ-

930 1289 1003 1325 σῃς
1018 1276 1202 1321 ἑνδέξιος,
1226 1276 1275 1323 ήν
1289 1289 1346 1321 τις
1368 1290 1517 1328 ερηται,
1543 1280 1633 1323 Πῶς

929 1325 1089 1370 ἑβαλες;
1123 1331 1248 1373 φησί,
1281 1329 1466 1378 σκληρὰ
1487 1329 1543 1364 τὰ
1566 1342 1631 1376 γι-

929 1377 1134 1422 γνόμενα
1157 1378 1235 1412 κτλ.

974 1429 1047 1462 44-
1059 1430 1111 1465 46.
1147 1430 1357 1472 sapientium]
1383 1431 1532 1464 «Vinum
1549 1431 1627 1464 effi-

930 1479 993 1519 cit,
1018 1481 1058 1511 ut
1073 1480 1205 1513 etiam
1196 1481 1219 1512 li
1231 1506 1238 1520 ‚
1264 1481 1324 1522 qui
1340 1480 1470 1522 alioqui
1486 1481 1629 1523 sapien-

931 1530 983 1562 tes
1000 1538 1038 1562 se
1056 1532 1183 1570 gerunt
1198 1532 1234 1563 et
1248 1532 1370 1564 neseio
1383 1540 1475 1572 quae
1488 1533 1628 1564 secreta

930 1578 1076 1612 consilia
1105 1589 1250 1622 semper
1276 1581 1408 1622 agitare
1439 1582 1626 1623 putantur,

929 1628 1032 1670 longe
1057 1631 1252 1672 apertiores
1275 1631 1362 1664 fiant
1383 1632 1490 1673 atque
1513 1631 1558 1664 ad
1581 1631 1631 1663 io-

931 1679 1085 1712 candum
1101 1681 1167 1722 ipsi
1187 1689 1334 1723 quoque
1349 1681 1527 1723 progressi
1544 1680 1632 1714 mul-

930 1731 963 1761 ta
991 1729 1220 1771 patefaciant,
1262 1739 1355 1772 quae
1385 1732 1483 1763 extra
1509 1731 1631 1763 convi—

929 1779 1027 1811 vium
1056 1779 1116 1811 vix
1147 1788 1231 1812 cum
1262 1789 1444 1822 quoquam
1467 1789 1631 1813 commu-

930 1828 1123 1860 nicarent.»
1170 1830 1245 1861 Non
1260 1831 1333 1862 tam
1349 1829 1394 1862 de
1409 1829 1628 1872 philosophis

931 1878 1155 1919 cogitandum
1171 1904 1178 1918 ‚
1223 1879 1284 1920 qui
1321 1877 1530 1926 ἐσωτερικὰ
1564 1875 1631 1911 δό-

930 1937 1058 1971 γματα
1074 1927 1120 1960 ad
1135 1936 1298 1961 mensam
1311 1954 1318 1968 ,
1344 1928 1405 1961 ubi
1420 1938 1506 1962 sane
1523 1937 1629 1961 nemo

931 1979 971 2010 iis
994 1986 1099 2010 aures
1115 1977 1324 2019 praeberet,
1351 1978 1384 2010 fa
1392 1978 1508 2011 eunde
1525 1987 1632 2020 expo-

932 2028 1031 2066 nant,
1057 2026 1123 2059 sed
1139 2026 1183 2058 de
1201 2027 1240 2059 iis
1265 2027 1384 2068 potius
1398 2053 1405 2066 ,
1433 2029 1492 2069 qui
1508 2028 1543 2060 in
1559 2029 1629 2060 vita

931 2076 1134 2118 quotidiana
1150 2076 1251 2109 seriis
1266 2075 1476 2119 plerumque
1493 2086 1536 2110 ac
1553 2086 1632 2119 gra-

930 2126 1034 2158 vibus
1050 2126 1318 2167 cogitatIOnibus
1335 2128 1496 2169 occupati
1508 2127 1631 2160 viden-

931 2177 997 2207 tur.
1030 2175 1085 2207 Sic
1101 2175 1259 2217 Diphilus
1275 2176 1373 2217 apud
1386 2177 1512 2209 Athen.
1532 2177 1552 2209 2
1563 2202 1571 2216 ‚
1589 2177 1627 2209 2:

931 2221 1137 2267 (Διόνυσε,)
1163 2222 1238 2257 Τὸν
1260 2222 1330 2266 τὰς
1353 2221 1478 2272 ὀφρῦς
1500 2224 1630 2272 αἴρον-

930 2284 978 2306 τα
1000 2274 1223 2316 συμπείθεις
1246 2273 1370 2318 γελᾶν.
1399 2276 1460 2317 (De
1484 2276 1628 2317 genitivi

931 2324 1042 2356 forma
1061 2325 1103 2357 ef.
1123 2325 1186 2357 Od.
1205 2325 1242 2365 3,
1268 2325 1322 2365 24,
1348 2325 1415 2366 2⁴.)
1436 2344 1471 2349 ——
1489 2326 1629 2358 iocoso—

930 2374 1055 2415 Lyaeo]
1076 2374 1224 2406 Videtur
1236 2375 1374 2407 dativus
1389 2375 1506 2417 potius
1520 2383 1628 2416 quam

931 2422 1037 2456 ablat.
1072 2423 1128 2456 vel
1164 2423 1275 2457 absol.
1314 2424 1416 2466 (inter
1445 2424 1536 2467 vina)
1571 2423 1626 2456 vel

930 2473 1091 2505 instrum.
1132 2474 1207 2515 (per
1241 2473 1384 2513 vinum).
1415 2491 1451 2497 -
1499 2474 1629 2506 Iocosus

930 2524 1052 2555 autem
1074 2524 1238 2563 vocatur,
1264 2523 1346 2564 quia
1363 2522 1408 2555 ad
1430 2523 1527 2556 iocos
1542 2532 1628 2565 pro-

928 2574 1033 2604 vocat
1062 2574 1134 2605 tum
1163 2573 1333 2612 maxime,
1371 2581 1452 2605 cum
1486 2574 1628 2615 praeter

929 2622 1227 2663 exspectationem
1241 2623 1518 2664 compotantium
1529 2631 1627 2655 area-

929 2680 972 2703 na
990 2670 1045 2703 illa
1063 2671 1204 2703 consilia
1232 2673 1266 2704 in
1284 2671 1400 2705 lucem
1417 2672 1627 2714 protrahun-
