1722 2904
587 84 708 118 Lmen
715 109 722 116 .
770 82 900 116 CARM.
924 81 1025 114 xvn.

219 191 365 237 Refixa
393 189 514 235 caelo
544 189 758 232 devocare
789 186 952 236 sidera,
1468 199 1494 226 a

1411 79 1491 121 737

219 256 416 321 Canidia,
448 283 579 328 parce
606 268 788 313 vocibus
818 266 1155 311 tandem-sacris

220 354 447 410 Citumque
477 358 592 394 retro
622 349 762 399 solve,
793 347 912 392 solve
941 345 1168 390 turbinem.

220 434 349 478 Movit
377 439 578 490 nepotem
606 429 819 488 Telephus
847 429 1072 477 Neretum,

221 515 268 557 In
297 527 428 571 quem
458 511 674 570 superbus
703 509 922 554 ordinarat
949 508 1119 566 agmina

220 595 441 653 Mysorum
470 599 514 636 et
542 593 585 635 in
614 605 744 650 quem
775 589 858 634 tela
887 595 1012 633 acuta
1040 595 1235 632 torserat.

1450 588 1496 630 ΙΟ

223 676 393 720 Unxere
422 679 581 716 matres
611 671 714 715 Iliae
744 669 961 714 addictum
990 669 1091 714 feris

225 754 405 800 Alitibus
436 760 565 811 atque
595 751 775 796 canibus
804 750 1063 794 homicidam
1091 750 1340 800 Hectorem,

143 851 175 884 5.
200 851 325 892 Deflaea
346 845 549 892 1),βγδμξ,
573 856 636 880 sex
652 847 819 879 Pottierii.
846 847 898 887 (Ut
912 854 994 884 nos,
1020 844 1205 885 ΒΤο,κλω,
1230 845 1341 878 Codd.
1360 844 1460 878 Blan-

96 900 206 941 dinii.)
237 915 273 922 —
315 899 359 932 7.-
383 898 476 930 volve
507 898 601 929 volvo
633 896 678 929 de
711 896 832 929 Aurati
866 895 957 927 coni.
992 895 1029 927 L.
1066 893 1168 936 (solve
1199 893 1312 928 semel
1341 895 1392 935 T.)
1420 912 1456 918 —

99 950 153 983 Η.
186 949 320 981 Lumo
352 945 482 990 Βο,γξ,
517 955 571 989 pr.
607 956 652 986 κ,
687 954 763 978 var.

799 944 881 978 lect.
916 955 947 986 ,ιι
981 945 1018 977 et
1050 953 1076 984 χ
1109 942 1218 983 alter,
1266 943 1456 977 Bentleius.

99 998 151 1040 (m
176 1006 264 1038 nos,
300 997 367 1037 bT,
391 994 534 1039 βδλμ,χ
557 996 647 1036 duo,
673 995 786 1029 Codd.
811 994 948 1034 Bland.)

54 1078 152 1112 solve
184 1077 311 1110 celeris
342 1076 492 1110 turbinis
520 1076 751 1115 rotationem,

54 1130 95 1160 ut
125 1127 301 1160 contraria
334 1126 395 1159 fiat
426 1126 554 1168 priori,
590 1125 753 1166 adeoque

57 1186 103 1210 eo
140 1176 318 1216 cruciatu,
365 1183 475 1217 quem
518 1174 606 1208 mihi
642 1173 755 1207 attulit

54 1227 154 1268 prior
167 1227 246 1259 eius
259 1225 462 1262 conversio.
487 1233 547 1257 me
569 1225 640 1257 iam
664 1223 756 1256 libe·

56 1276 146 1308 τοι..
186 1274 346 1308 «Scilicet
368 1276 407 1307 ut
420 1274 590 1306 citissime
605 1274 755 1315 agitatus

55 1323 166 1366 (citus)
188 1323 361 1357 rhombus
381 1332 448 1365 per
462 1322 540 1355 licia
555 1324 704 1355 attracta
721 1323 756 1354 et

57 1372 223 1406 advoluta
245 1374 443 1406 incantatos
458 1373 493 1404 vi
515 1373 652 1413 magica
674 1371 758 1412 liga-

58 1421 123 1455 bat
150 1423 187 1455 et
212 1421 408 1462 vinciebat,
448 1422 495 1454 ita
530 1421 627 1454 idem
659 1422 755 1453 retro

56 1473 159 1504 actus
180 1479 247 1513 per
268 1470 347 1504 licia
369 1471 519 1503 remissa
540 1472 576 1502 et
596 1469 756 1502 revoluta

57 1529 123 1554 eos
144 1521 180 1553 vi
194 1521 331 1562 magica
347 1519 519 1553 solvebat.
534 1537 552 1543 -
563 1536 580 1543 —
594 1520 683 1552 Hinc
700 1528 758 1552 re-

55 1573 111 1602 tro
138 1578 275 1602 camon
302 1578 403 1611 agere
432 1569 519 1601 dixit
539 1568 614 1601 Val.
640 1568 755 1601 Flacc.

60 1619 75 1651 ⁴
89 1643 98 1659 ‚
123 1619 204 1652 782:
228 1619 369 1651 tantiam
383 1618 555 1651 exorabile
568 1621 660 1651 retro
675 1618 760 1651 Car-

55 1676 132 1700 men
159 1677 280 1710 agens,
313 1676 419 1707 neque
451 1668 539 1700 enim
568 1671 646 1700 ante
675 1668 760 1700 leves

57 1717 155 1758 niger
167 1717 278 1749 avehit
297 1717 434 1749 umbras
447 1717 593 1749 Portitor
599 1726 612 1756 ,·
635 1720 666 1749 et
679 1726 759 1748 cmi-

56 1770 132 1799 ctae
164 1765 310 1808 (vinctae
341 1765 485 1807 Iacobs)
517 1766 638 1807 primis
669 1769 759 1798 stant

55 1815 211 1856 faucibus
224 1815 337 1847 Orci.-
350 1816 514 1848 Douma.
530 1835 568 1840 —
582 1816 758 1856 turbinem]

57 1863 273 1897 «rhombum
285 1865 497 1906 magicum.»
512 1866 591 1898 Vid.
605 1866 754 1906 lutei-pr.

56 1914 104 1946 ad
125 1914 301 1946 Theocrit.
318 1915 356 1953 2,
381 1914 441 1946 30:
480 1913 530 1946 X'
552 1910 606 1954 ὥς
627 1912 758 1946 δινεῖθ’

57 1958 124 1996 ὅδε
145 1959 297 2009 ῥόμβος
318 1959 340 1996 ὁ
362 1961 545 2004 χάλκεος,
562 1961 604 2005 ἐξ
622 1960 758 2010 Ἀφρο-

30 2055 36 2059 .
54 2011 162 2054 δίτας
175 2011 247 2054 ’Ὡς
260 2015 389 2054 κεῖνος
402 2012 548 2046 &notro
563 2013 652 2045 ποθ’
667 2010 758 2056 ἁμε-

56 2063 188 2108 τέρῃσι
214 2060 392 2108 θύρῃσιν.
426 2065 530 2105 Prop.
556 2063 597 2102 3,
622 2064 660 2103 6,
693 2063 754 2095 26:

56 2112 230 2144 stamma
260 2113 390 2144 rhombi
419 2113 553 2145 ducitur
582 2113 637 2145 ille
665 2115 753 2144 rota.

57 2161 187 2193 Lucan.
217 2162 256 2201 6,
282 2161 364 2194 455:
392 2163 480 2202 Quos
493 2171 560 2194 non
577 2162 758 2193 concordia

56 2209 156 2241 micci
170 2210 295 2251 Alliqat
306 2211 379 2243 ulla
398 2212 464 2243 tom·
476 2211 682 2250 blandaeque
692 2219 757 2250 po-

56 2259 162 2290 tentia
184 2259 333 2300 formae,
364 2261 553 2292 Traxerunt
578 2261 657 2292 torti
680 2268 758 2291 ma-

57 2308 136 2348 gica
160 2309 322 2349 vertiyt'ne
339 2309 391 2350 fili
412 2309 646 2342 Thessalides.
685 2309 754 2341 Cfr.

59 2357 217 2390 Meineke
242 2358 376 2398 Fragm.
401 2359 503 2391 Com.
527 2360 552 2390 l.
576 2368 611 2400 p.
635 2358 710 2391 452.

101 2406 197 2438 8-40.
221 2406 327 2439 Μόυἰι
341 2408 424 2447 cet.]
450 2408 562 2440 «Eece
579 2407 675 2447 tibi»,
700 2408 758 2439 in-

59 2455 146 2495 quit,
173 2455 446 2496 «indulgentiae,
473 2465 542 2497 qua
566 2457 697 2489 heroes
721 2457 756 2488 in

59 2503 181 2536 hostes
203 2505 259 2536 usi
281 2507 364 2538 sunt
386 2507 598 2547 veniamque
614 2507 655 2538 iis
670 2514 759 2538 cou-

61 2555 262 2593 cesserunt,
285 2554 430 2587 illustria
446 2555 624 2596 quaedam
641 2563 760 2587 exem-

61 2600 153 2642 pla.»
180 2618 216 2625 —
242 2604 404 2646 Telephus]
429 2605 610 2645 Mysorum
633 2613 696 2636 rex
711 2603 756 2636 ab

64 2650 212 2690 Achille,
238 2661 345 2693 quem
368 2654 477 2686 armis
491 2656 528 2686 et
543 2662 650 2686 manu
667 2653 758 2686 sacta

178 2712 299 2742 Horu-r.
324 2721 395 2743 von.
420 2714 441 2743 l.
483 2722 533 2743 ει).
556 2721 658 2743 »imon
679 2713 725 2742 ΠΙ.

802 1074 994 1117 prohibere
1036 1075 1186 1106 conatus
1229 1074 1323 1113 erat,
1368 1082 1414 1106 ue
1457 1073 1504 1106 ad

802 1124 943 1157 Troiam
958 1122 1234 1165 oppugnandam
1252 1123 1405 1163 veniret,
1429 1122 1502 1156 vol-

801 1175 964 1212 neratus,
989 1181 1074 1204 cum
1096 1171 1258 1205 consulto
1277 1171 1422 1205 oraculo
1444 1181 1501 1206 re-

802 1228 975 1264 sponsum
990 1220 1144 1261 tulisset,
1167 1220 1294 1254 volnus
1308 1221 1355 1254 ab
1369 1221 1503 1255 Achille

803 1271 938 1304 illatum
978 1269 1048 1303 alio
1088 1271 1351 1304 medicamento
1388 1273 1506 1304 sanari

804 1330 875 1354 non
897 1329 1005 1363 posse
1021 1329 1130 1362 quam
1153 1320 1330 1362 ferrugine
1346 1321 1505 1363 cuspidis

802 1371 925 1403 hastae
952 1369 1111 1402 Peliacae
1137 1370 1381 1412 (responderat
1409 1372 1506 1404 enim

803 1419 945 1461 Apollo:
982 1416 1006 1451 ὁ
1035 1416 1187 1466 τρώσας
1217 1420 1283 1451 καὶ
1307 1417 1533 1461 ἰάσεται·),·

803 1468 902 1502 illum
924 1469 1054 1509 oravit,
1078 1471 1118 1501 ut
1140 1470 1217 1502 eius
1239 1470 1291 1502 rei
1314 1469 1382 1502 sibi
1403 1471 1505 1512 copia

804 1519 923 1558 fieret,
961 1520 997 1551 et
1024 1519 1238 1560 impetravit.
1278 1520 1438 1561 Propert.
1463 1520 1503 1559 2,

806 1569 843 1608 4,
876 1568 936 1600 63;
975 1569 1092 1608 Mysus
1111 1570 1143 1600 et
1171 1568 1358 1600 Haemonia
1380 1569 1508 1602 iuvenis

807 1626 877 1657 qua
890 1618 1024 1658 cuspide
1036 1617 1155 1649 volnus
1167 1618 1339 1658 Senserat,
1356 1618 1419 1651 hac
1433 1619 1509 1659 ipsa

807 1668 942 1707 cuspide
962 1668 1061 1699 sensit
1082 1676 1188 1707 opem.
1228 1668 1355 1708 Hygin.
1373 1669 1409 1700 F.
1428 1669 1502 1701 104.

811 1735 847 1740 -
863 1719 1013 1757 nepotem
1027 1716 1195 1758 Neretum]
1213 1718 1336 1749 natum
1352 1726 1395 1750 ex
1410 1718 1505 1750 The·

807 1765 879 1798 tide
892 1791 900 1806 ,
925 1766 1030 1798 Nerei
1052 1765 1135 1798 filia.

852 1816 969 1848 Η-48.
997 1816 1139 1856 Unaeere]
1158 1814 1265 1857 (Iliad.
1282 1825 1319 1855 σ,
1338 1815 1421 1848 350:
1439 1817 1508 1848 Pa-

806 1864 958 1897 troclum
974 1866 1156 1897 mortuum
1171 1865 1238 1897 καὶ
1251 1862 1339 1897 τότε
1353 1862 1401 1907 δὴ
1418 1863 1509 1898 λοῦ-

807 1911 882 1946 σάν
908 1923 950 1946 τε
976 1914 1043 1946 καὶ
1071 1909 1242 1956 ἤλειψαν
1271 1913 1347 1946 λίπ’
1377 1913 1504 1958 ἐλαίῳ.

806 1964 960 1996 Ennius:
1002 1964 1159 1996 Tarcurai
1188 1973 1309 2004 corpus
1343 1963 1429 1996 bona
1456 1965 1510 2006 fes-

805 2014 899 2045 mc'na
920 2013 1004 2045 lavit
1025 2016 1056 2045 et
1068 2013 1196 2055 unxit.)
1230 2014 1339 2054 Magis
1360 2015 1507 2055 poetam

807 2062 961 2095 decebat
981 2071 1091 2095 unam
1113 2061 1228 2095 luctus
1250 2064 1390 2104 partem
1411 2072 1509 2096 com-

807 2120 1009 2144 memorare
1021 2120 1130 2152 quam
1146 2112 1301 2153 generali
1315 2112 1427 2145 verbo
1443 2114 1505 2152 uti;

808 2170 925 2202 neque
954 2163 1164 2202 propterea,
1201 2161 1298 2202 quod
1330 2162 1507 2195 Homerus

806 2209 903 2242 Iliad.
928 2220 978 2250 ω,
1003 2210 1079 2242 777.
1105 2219 1175 2242 non
1198 2212 1317 2243 narrat
1346 2211 1508 2243 Hectoris

808 2267 938 2301 corpus
953 2267 974 2291 a
989 2260 1159 2292 matronis
1182 2260 1340 2292 Troianis
1359 2261 1508 2292 unctum

807 2317 907 2347 esse,
932 2308 1209 2350 praeferendum
1232 2311 1308 2341 erat
1330 2318 1363 2341 v.
1387 2309 1506 2342 luoeere

808 2366 890 2389 cum
914 2356 1071 2389 Bentleio
1098 2359 1177 2399 qui,
1214 2367 1297 2390 cum
1329 2358 1423 2391 hanc
1453 2357 1508 2390 le-

808 2408 962 2439 ctionem
993 2407 1122 2439 eximio
1146 2408 1309 2439 acumine
1333 2407 1508 2440 defende-

808 2458 879 2495 ret,
898 2456 966 2488 hoc
982 2457 1102 2488 tamen
1118 2465 1189 2488 non
1205 2457 1387 2497 cogitavit,
1409 2457 1507 2497 quod

808 2506 905 2537 recte
930 2506 1052 2537 contra
1076 2506 1212 2538 monuit
1234 2506 1398 2538 Bothius:
1433 2506 1507 2539 «Ad

806 2555 985 2595 lugendum
1007 2562 1078 2586 non
1098 2563 1188 2596 opus
1204 2556 1281 2587 erat
1301 2554 1504 2596 precibus.-

806 2603 907 2636 Idem
929 2603 1024 2636 valet
1046 2603 1091 2636 de
1114 2604 1177 2636 Ed.
1203 2603 1299 2636 Leid.
1323 2604 1501 2637 Han-were.

811 2672 847 2677 -
862 2653 1041 2692 addictum]
1061 2653 1295 2693 «destinatum
1310 2653 1355 2686 ab
1371 2653 1503 2686 Achille

1221 2713 1279 2742 41
