1722 2904
240 196 394 240 Dicunt
423 196 465 238 in
494 202 643 239 tenero
673 194 864 253 gramine
894 194 1117 252 pinguium

241 275 451 320 Custodes
480 276 623 319 ovium
653 275 842 319 carmina
870 274 1011 318 fistula

237 356 544 414 Delectantque
574 355 721 407 deum,
754 355 823 400 cui
853 369 988 414 pecus
1019 363 1062 399 et
1092 355 1199 413 nigri

353 436 494 481 Colles
523 436 732 480 Arcadiae
759 435 942 494 placent.

238 541 467 585 Adduxere
496 541 608 584 sitim
638 547 852 598 tempora,
884 539 1053 599 Virgili;

238 621 326 666 Sed
353 635 553 679 pressum
583 621 756 666 Calibus
785 621 947 666 ducere
975 621 1179 665 Liberum

238 702 283 746 Si
311 702 467 760 gestis,
500 703 703 745 iuvenum
732 701 939 745 nobilium
967 701 1124 750 cliens,
1458 703 1510 745 45

157 820 189 853 9.
206 821 243 852 in
257 820 380 862 ωηονο]
396 821 525 862 integro
540 821 577 852 T.
597 837 635 844 —
667 820 720 853 44.
744 820 935 853 Dela-tante
956 821 984 853 Τ
1007 822 1043 853 et
1063 819 1184 863 plures
1206 821 1360 854 Pottierii
1384 822 1467 863 (non

112 869 238 911 BbSd).
253 887 291 894 -
307 871 428 912 nim-ac
442 879 487 902 ex
497 879 572 902 var.
586 869 667 902 lect.
686 870 773 902 Cod.
791 869 914 903 Battel.
928 869 1040 902 Bentl.
1057 889 1094 893 —
1113 870 1166 902 43.
1184 871 1305 912 Ver-9512·
1316 873 1413 904 recte
1425 872 1464 904 B.

68 978 110 1009 τ,
147 969 232 1002 5⁴8:
267 965 334 1010 Ὡς
367 966 400 1000 δ’
439 963 504 1001 ὅτε
539 966 764 1014 Πανδαρέου

68 1015 191 1064 κούρη
203 1041 214 1058 ,
250 1016 417 1063 χλωρηῒς
435 1013 574 1061 Ἀηδών
587 1042 597 1057 ,
635 1014 765 1050 Καλὸν

68 1063 254 1114 ἀείδῃσιν,
277 1063 393 1114 ἔαρος
407 1069 502 1103 ,νέον
525 1068 763 1110 ἱσταμένοιο,

68 1112 219 1150 --Ἦτε
239 1114 350 1160 θαμὰ
378 1115 567 1164 τρωπῶσα
589 1118 670 1156 χέει
692 1126 766 1149 πο-

69 1165 216 1210 λυηχέα
241 1164 394 1210 φωνήν,
429 1165 538 1200 Hae-0⁴
567 1163 764 1212 ὀλοφυρο-

67 1212 317 1259 μένηἽτυλον
331 1214 459 1256 φίλον.
477 1217 539 1258 (De
555 1215 680 1257 triplici
697 1216 765 1248 for-

68 1274 128 1299 ma
142 1266 248 1299 huius
263 1265 402 1299 fabulae
418 1267 558 1307 egregie
574 1265 764 1306 disputavit

67 1314 249 1356 Rossignol
261 1315 460 1357 Pramum
479 1316 535 1347 des
557 1314 765 1347 Choliambo-

67 1365 212 1406 amphos
223 1373 260 1406 p.
277 1365 320 1397 50
335 1365 431 1406 sqq.)
451 1382 487 1388 —
504 1364 636 1406 Infelix]
663 1366 765 1396 Pam-

66 1413 184 1460 philus
200 1414 237 1446 in
250 1414 354 1446 Anth.
371 1413 443 1446 Pal.
455 1415 497 1446 11.
514 1423 550 1456 p.
563 1415 626 1446 22:
652 1414 764 1446 Τὶπτε

67 1464 321 1510 παναμέριος,
366 1462 550 1496 Πανδιονὶ
584 1461 764 1509 κάμμορε

67 1510 214 1596 ῖεύτ..
234 1513 453 1606 ‘miza
465 1512 765 1603 &Meam

67 1613 195 1655 domas]
218 1622 343 1654 regum
365 1614 645 1652 Atheniensium,
672 1622 764 1654 quo-

68 1671 150 1696 rum
171 1663 308 1704 pn'mus
330 1662 394 1695 fuit
408 1664 576 1704 Cecrops.
601 1662 760 1704 Apollod.

0 1728 3 1742 ι
67 1711 100 1753 3,
114 1711 168 1752 ⁴4,
183 1712 215 1744 4.
230 1729 266 1736 -
283 1712 380 1754 quod]
402 1714 625 1753 «propterea,
642 1711 760 1753 quod»

67 1763 135 1794 cet.
170 1779 208 1785 —
245 1761 348 1802 malo]
387 1762 520 1793 «nimis
554 1761 760 1793 atrociter.»

0 1824 10 1849 5-
67 1812 189 1843 Senot..
226 1827 266 1834 -—
305 1810 450 1852 Regum]
491 1809 614 1851 quales
648 1809 763 1842 solent

0 1849 10 1905 J
67 1869 148 1894 esse
170 1859 406 1892 barbarorum
428 1868 552 1900 regum
584 1858 759 1899 libidines,

0 1907 9 1943 ἓ
68 1909 156 1943 tales
199 1909 340 1942 fuerunt
372 1909 480 1941 etiam
512 1909 634 1948 Terei,
673 1918 761 1950 quas

3 1953 11 1998 J
66 1959 159 1993 ultae
182 1961 264 1993 sunt
284 1960 419 1991 Procne
444 1961 479 1991 et
501 1958 704 1991 Philomela.

0 2020 23 2045 2,-
110 2009 236 2046 9,-42.
281 2008 423 2049 Dicunt]
469 2007 759 2040 «modulantur.-

0 2045 13 2095 ξ
67 2058 190 2090 senon..
221 2057 285 2090 oa.
313 2057 352 2098 3,
376 2057 417 2096 4,
444 2057 482 2089 ⁴:
507 2057 560 2088 aie
581 2066 645 2098 aye
666 2057 758 2089 mna.

0 2122 18 2146 ;‹.-
67 2106 169 2149 Apul.
196 2108 279 2141 net.
313 2107 353 2146 6,
380 2105 447 2139 24:
484 2109 523 2138 ut
554 2106 698 2146 Satyrus
730 2110 763 2139 ct

0 2178 17 2202 5
65 2156 224 2188 Paniscus
243 2156 290 2188 ad
307 2156 456 2197 fistulam
478 2156 631 2187 dicerent.
671 2156 758 2198 Epp.

0 2205 105 2254 32⁴,
130 2205 195 2244 49,
221 2206 265 2237 7:
310 2205 356 2236 ad
384 2205 691 2245 anna-dicenda,
724 2205 761 2237 id

0 2257 17 2301 ξ
67 2255 145 2294 est,
184 2253 364 2294 canenda,
408 2255 449 2285 ut
478 2262 604 2295 saepe,
652 2255 760 2287 etiam

0 2300 19 2338 {i
67 2302 163 2344 apud
195 2304 360 2335 Graecos.
406 2303 554 2335 Theocr.
589 2303 632 2335 20
646 2328 655 2343 ,
694 2304 757 2336 29:

66 2347 151 2394 Κῆν
171 2348 276 2395 anuo}
299 2351 419 2385 λαλέω
442 2348 517 2395 κῆν
538 2350 701 2385 aduam-
721 2371 759 2377 -

64 2402 187 2444 fidula]
210 2411 339 2444 «quam
357 2404 430 2436 Pan
445 2404 630 2436 invenerat
646 2404 759 2444 (Voss.

67 2451 115 2484 ad
137 2451 232 2493 Virg.
259 2451 332 2485 Ecl.
361 2453 399 2492 2,
428 2453 508 2493 32),
534 2453 629 2485 hunc
652 2453 761 2486 deum

66 2499 275 2533 delectant.»
302 2519 339 2524 —
369 2502 620 2544 Delectancque]
643 2501 761 2534 Altera

24 2590 35 2595 -
66 2548 170 2582 lectio
199 2551 376 2583 mactante
403 2552 500 2584 deum
525 2560 655 2593 prosae
678 2560 761 2583 ora-

7 2610 41 2661 ἶ
67 2598 170 2632 tionis
202 2598 358 2633 indolem
388 2600 507 2633 refert.
553 2601 639 2633 Mire
665 2600 760 2633 Vos-

10 2666 38 2697 ,ᾗ
64 2647 330 2682 siusmalebat:
355 2650 526 2689 carmina,
548 2649 663 2691 fistula
686 2648 762 2689 (no-

814 968 949 1010 minat.)
972 968 1196 1009 Delectatquc.
1225 987 1263 992 —
1294 970 1386 1012 πᾶς’-ἰ
1407 971 1511 1004 Colles

813 1017 995 1059 Arcadiae]
1028 1017 1204 1060 «piniferi,
1229 1019 1374 1060 opaci»,
1408 1021 1511 1053 duw-

813 1067 959 1100 kelnde
979 1067 1116 1109 Hizyel.
1141 1068 1243 1100 Voss.
1274 1067 1456 1102 Claudian.
1473 1072 1510 1104 in

815 1116 888 1149 Rus.
910 1117 947 1155 4,
973 1117 1053 1149 336:
1080 1117 1264 1158 caliyantia
1288 1119 1396 1159 nigris
1418 1120 1510 1152 uici-

814 1165 874 1198 bus
893 1167 1062 1207 Panyaea.
1110 1167 1239 1206 (Lectio
1268 1168 1359 1209 nim-i
1387 1170 1510 1202 nescio

814 1215 994 1256 quomodo
1022 1216 1207 1248 venustior
1234 1218 1306 1255 est,
1342 1226 1451 1258 quam
1478 1219 1509 1252 si

813 1265 927 1306 ipsam
949 1265 1137 1298 Arcadiam
1167 1266 1303 1307 niqram
1331 1270 1508 1309 vocasset,

813 1314 849 1345 id
872 1314 968 1355 quod
997 1314 1244 1356 explicandum
1272 1318 1368 1348 esset
1389 1316 1510 1350 verbis

813 1364 994 1396 Boccaccii
1017 1365 1164 1396 Decam.
1190 1364 1308 1396 Giorn.
1332 1365 1411 1397 111.:
1448 1375 1510 1398 era

812 1422 858 1444 un
869 1413 1029 1453 prater-di
1050 1413 1271 1444 minutissima
1290 1414 1388 1453 erbo,
1410 1415 1510 1447 verde

812 1465 924 1501 tanto,
955 1462 1013 1494 che
1039 1462 1136 1501 quasi
1156 1470 1242 1493 nera
1258 1462 1397 1504 parea.)
1435 1463 1506 1496 Cfr,

814 1511 878 1543 Od.
897 1512 937 1551 4,
954 1512 991 1543 24
1008 1536 1016 1551 ,
1035 1512 1072 1543 7:
1096 1511 1213 1552 Nigris
1234 1515 1295 1544 aut
1308 1512 1509 1552 Erymanthi

812 1562 927 1601 Silvis,
952 1563 1038 1594 item
1061 1561 1107 1594 de
1129 1561 1291 1594 Arcadia.
1327 1562 1391 1594 Od.
1415 1562 1455 1602 4,
1472 1562 1506 1603 4,

812 1611 877 1643 58:
901 1612 1031 1652 Niqrac
1050 1611 1158 1653 feraci
1177 1612 1307 1652 frondis
1327 1612 1363 1644 in
1376 1612 1506 1654 Alyido.

812 1661 911 1693 Pind.
930 1660 980 1693 01.
997 1661 1036 1700 6,
1052 1660 1115 1693 40:
1151 1658 1303 1702 λόχμας
1318 1657 1395 1693 ὑπὸ
1413 1671 1509 1694 κυα-

812 1710 913 1751 νέας.
938 1710 1040 1750 Pyth.
1060 1711 1096 1750 4,
1113 1710 1176 1742 28:
1211 1709 1350 1751 Αἴτνας
1372 1710 1414 1743 ἐν
1437 1720 1509 1753 με-

811 1757 1051 1802 λαμφύλλοις
1062 1778 1082 1784 -
1093 1763 1296 1805 κορυφαῖς.
1326 1760 1429 1793 Colles
1443 1769 1509 1792 au-

810 1811 885 1842 tem
896 1808 1087 1849 Maenalus,
1101 1810 1274 1850 Lycaeus,
1290 1809 1449 1850 Cyllene.
1466 1828 1504 1833 —

811 1858 1009 1892 Simonides
1020 1859 1157 1900 Fragm.
1173 1859 1247 1892 489.
1271 1859 1401 1892 Schn.:
1428 1856 1504 1892 Τὸν

810 1906 1029 1955 τραγόπουν
1049 1907 1119 1951 ἐμὲ
1131 1905 1246 1940 Πᾶνα
1260 1932 1271 1949 ,
1294 1906 1363 1941 τὸν
1373 1905 1507 1955 Ἀρκά-

809 1957 859 1991 δα
880 1957 959 1990 κτλ.
984 1958 1083 1990 ovid.
1102 1959 1192 1991 Fast.
1210 1958 1231 1990 2
1243 1983 1251 1997 ,
1269 1958 1346 1990 274.

854 2009 895 2042 43
905 2027 926 2033 -
938 2008 991 2040 46.
1014 2007 1193 2040 Adduxere
1205 2007 1305 2049 sitim]
1323 2008 1445 2049 Cogita
1460 2007 1507 2040 de

808 2059 903 2091 veris
930 2057 1039 2090 Italici
1067 2056 1185 2089 calore
1207 2058 1366 2090 nostram
1389 2059 1508 2089 aesta-

808 2109 883 2140 tem
898 2115 1010 2150 prope
1026 2108 1213 2148 aequante.
1230 2125 1267 2130 -—
1279 2115 1433 2146 pressmn
1444 2107 1509 2139 Ca-

807 2157 903 2199 libus]
930 2155 1102 2189 Calenum
1123 2156 1245 2188 vinum
1262 2164 1281 2187 e
1299 2156 1505 2197 Campania.

810 2207 861 2240 Cf.
879 2206 943 2238 Od.
962 2206 976 2237 4
993 2230 1001 2244 ,
1018 2205 1062 2237 20
1074 2230 1082 2244 ,
1099 2205 1131 2236 9.
1147 2222 1186 2228 -
1202 2204 1367 2246 iuvenum]
1386 2205 1508 2238 Utrum

809 2256 899 2288 haec
910 2254 956 2287 ad
966 2253 1146 2286 Tiberium
1160 2255 1196 2285 et
1208 2254 1375 2292 Drusum,
1392 2255 1511 2294 Augu-

804 2306 853 2339 sti
868 2305 1046 2346 privignos
1058 2328 1066 2342 ,
1091 2312 1136 2335 an
1154 2302 1200 2334 ad
1210 2303 1384 2343 Agrippae
1403 2301 1505 2341 filios,

809 2354 955 2395 Augusti
977 2354 1143 2394 nepotes,
1174 2352 1234 2392 qui
1256 2353 1382 2393 postea
1405 2352 1443 2383 C.
1470 2354 1507 2383 et

810 2405 847 2436 L.
872 2402 947 2434 Iulii
981 2402 1171 2441 Caesares,
1207 2410 1270 2438 an,
1306 2401 1345 2431 ut
1375 2399 1507 2432 mavolt

809 2451 1005 2490 Bentleius,
1035 2450 1082 2482 ad
1104 2457 1337 2491 quoscunque
1362 2448 1506 2481 tandem

809 2499 947 2533 nobiles
986 2500 1133 2531 iuvenes
1174 2498 1388 2539 pertineant,
1438 2505 1504 2529 nos

809 2551 1023 2591 ignoramus.
1072 2548 1137 2586 Qui
1170 2546 1214 2579 de
1237 2544 1377 2586 Virgilio
1400 2546 1505 2586 po'eta

810 2599 1012 2640 exponunt,
1053 2597 1206 2638 cogitant
1239 2595 1285 2627 de
1319 2593 1503 2633 Marcello,

809 2649 1030 2686 Maecenate,
1049 2645 1219 2683 Pollione,
1237 2644 1401 2685 Agrippa.
1438 2643 1507 2676 Ho-
