1722 2904
617 67 696 100 Lm.
722 67 778 100 iv,
826 55 874 100 c(
891 67 963 100 vu.
1477 69 1560 111 573

175 171 271 223 Quo
299 177 422 228 pater
449 171 632 221 Aeneas,
664 184 752 228 quo
780 170 902 214 dives
933 170 1076 214 Tullus
1107 179 1149 214 et
1178 174 1338 221 Ancus,
1506 173 1558 215 «15

341 251 486 295 Pulvis
515 258 558 294 et
586 251 740 294 umbra
768 265 929 294 sumus.

173 356 279 408 Quis
308 356 406 406 scit,
439 370 494 399 an
522 355 723 399 adiiciant
751 355 986 400 hodiernae
1016 357 1203 400 crastina
1232 371 1426 400 summae

342 437 552 493 Tempora
580 435 623 478 di
653 436 798 493 superi
816 436 838 478 ‘?

173 516 334 560 Cuncta
361 529 513 559 manus
543 515 691 559 avidas
719 516 879 574 fugient
907 515 1103 567 heredis,
1136 517 1273 561 amico

341 596 464 647 Quae
493 595 668 639 dederis
698 596 853 639 animo.

1500 601 1555 643 20

204 703 258 735 45.
277 702 389 743 pater}
402 702 481 742 pius
494 701 605 741 Bbcd,
619 702 725 734 LCtF.
759 702 811 743 (nt
829 710 909 742 nos,
930 701 990 742 ST,
1011 702 1098 735 Cod.
1113 702 1234 736 Bland.
1249 705 1357 747 antiq.
1370 731 1378 745 ‚
1395 715 1514 746 κνω,χ

158 752 242 791 duo,
258 760 313 794 pr.
325 749 380 791 β.)
395 769 431 774 -
447 751 557 783 Tullus
566 752 656 783 dives
665 750 729 791 Bb,
748 753 837 783 Pott.
855 753 1006 792 septem,
1025 753 1104 791 LCt,
1123 753 1243 794 Tullus,
1261 755 1351 787 divos
1364 759 1396 788 et
1404 756 1515 789 Ancus

159 800 271 834 Bentl.
287 826 296 841 ,
315 800 617 841 pauper-emnem
631 801 728 833 idem
743 799 909 833 malebat.
936 802 988 842 (Ut
1010 810 1092 841 nos,
1115 802 1214 843 STd.)
1238 821 1275 826 —
1301 805 1354 836 46.
1378 806 1511 848 umbra]

157 859 287 883 ossam.
302 868 340 874 —
359 851 412 883 47.
427 851 624 882 αάἱοίαηιΒ.
646 869 683 874 -
707 851 867 889 summae]
890 850 980 882 vitae
995 850 1058 890 Td,
1074 850 1196 883 Bland.
1215 853 1323 894 antiq.
1341 855 1377 886 et
1399 856 1509 896 quatt.

157 900 246 933 Pott.
263 917 300 923 —
317 899 371 932 49.
391 900 483 932 avidi
502 899 705 932 dubitanter
718 908 816 941 susp.
835 899 946 932 Bentl.
970 918 1006 922 —
1025 900 1164 941 suqient.
1181 901 1331 934 haerebis
1349 904 1457 936 amico
1472 905 1510 936 T.

114 998 325 1040 positionem
354 998 556 1037 efficerent,
593 998 694 1039 quasi
722 1006 809 1030 vero

114 1050 253 1082 Aeneas
267 1057 339 1081 non
359 1049 465 1092 diuos,
490 1047 607 1080 Tullus
630 1050 667 1080 et
690 1049 809 1080 Ancus

114 1107 184 1131 non
212 1098 266 1138 pii
298 1097 456 1131 fuissent.
492 1115 528 1120 —
565 1096 722 1130 Aliorum
745 1106 810 1137 quo

115 1146 227 1179 Mas
248 1146 338 1178 elima
358 1149 391 1178 et
415 1146 525 1178 Ancus
546 1146 639 1178 hanc
665 1154 808 1187 quoque

113 1195 373 1229 distinctionem
393 1195 562 1228 admittit:
588 1204 654 1235 quo
677 1195 786 1227 Tullus
799 1220 807 1233 ,

112 1245 203 1277 aiom
222 1248 254 1277 ot
273 1244 405 1284 Amas,
440 1253 549 1286 quam
580 1246 724 1276 secutus
754 1245 810 1276 est

111 1293 302 1327 Bentleius.
348 1295 506 1326 Praestat
529 1295 650 1326 tamen
681 1293 810 1326 ἐπίθε-

111 1353 181 1376 τον
213 1336 355 1384 utriime
388 1342 506 1375 tribui.
552 1343 654 1375 Dives
689 1344 809 1374 autem

113 1402 158 1426 ex
187 1392 281 1433 volgi
320 1393 485 1434 opinione
519 1391 564 1424 de
598 1391 725 1434 opibus
767 1400 810 1423 ac

111 1442 271 1484 potentia
290 1442 456 1474 veterum
477 1450 619 1482 regum,
655 1449 809 1482 quorum

112 1493 248 1524 statuas
264 1491 299 1523 in
316 1490 486 1532 Capitolio
508 1490 696 1523 collocatas
718 1499 810 1532 quo-

112 1540 197 1573 tidie
212 1540 393 1573 videbant.
430 1541 486 1572 Sic
501 1540 617 1572 Livius
635 1541 648 1572 4
665 1565 673 1579 ,
691 1540 745 1571 34.
774 1541 809 1571 in

111 1599 240 1632 maqna
291 1590 403 1631 gloria
445 1590 644 1631 magnisque
694 1589 810 1629 opibus

110 1648 252 1681 rognum
286 1639 368 1671 Tuui
395 1648 436 1671 ac
463 1642 568 1671 totam
589 1647 662 1670 rem
682 1639 810 1670 Roma—

110 1697 192 1720 nam
213 1688 320 1721 fuisse
344 1689 439 1721 dicit.
479 1689 608 1721 Contra
626 1687 810 1720 elevantur

111 1737 250 1770 illorum
283 1737 424 1770 divitiae
447 1747 466 1769 a
490 1737 656 1770 Iuvenale
678 1739 715 1777 5,
741 1738 805 1769 57:

114 1787 197 1819 Tulli
221 1795 335 1819 census
353 1788 520 1828 puynacis
546 1790 577 1819 et
594 1787 695 1826 Anci,
721 1795 809 1818 con-

111 1836 287 1877 temptim.
325 1835 472 1868 Bentleii
499 1837 654 1878 suspicio
674 1845 809 1876 pauper

111 1886 261 1927 repetita
283 1886 339 1918 est
360 1894 404 1917 ex
427 1884 617 1918 Claudiano
640 1885 686 1917 de
711 1884 807 1917 Bello

111 1933 291 1967 Gildonico
307 1934 371 1967 408
391 1943 445 1975 sq.
463 1944 471 1965 z
488 1935 565 1974 Ipsa
579 1938 672 1966 nocet
692 1935 803 1966 moles.

114 1983 247 2015 Utinam
280 1992 430 2016 remeare
462 1984 573 2015 liceret
602 1984 654 2015 Aa
684 1987 808 2016 veteres

108 2027 191 2075 finos
203 2037 236 2066 et
252 2033 385 2065 moenia
399 2034 562 2073 pauperis
576 2033 684 2065 Anci!
720 2035 807 2066 Anci

111 2083 232 2115 autem
254 2083 427 2115 memoria
446 2083 620 2124 imprimis
640 2091 722 2115 cara
738 2084 808 2115 Ro—

110 2132 235 2164 manis.
275 2131 458 2163 Lueretius
479 2132 630 2163 Ennium
651 2133 807 2164 imitatus

111 2179 152 2219 3,
178 2179 285 2212 ⁴037:
329 2181 473 2212 Lumina
506 2181 550 2212 sis
582 2181 685 2212 oculis
705 2182 808 2212 etiam

112 2227 216 2261 bonu-s
230 2228 334 2261 Ancu'
355 2229 500 2269 reliquit.
526 2230 612 2271 Epp.
632 2230 725 2269 4,·6,
742 2230 803 2261 27:

110 2278 164 2310 Iro
184 2281 295 2310 tamen
319 2281 440 2317 restat,
464 2279 578 2310 Numa
597 2287 661 2318 quo
682 2279 809 2310 devenit

111 2329 143 2358 ot
167 2326 286 2359 Anonos.
320 2343 358 2350 —
386 2328 514 2367 Pulvis]
546 2328 651 2368 Soph.
678 2326 803 2359 Electr.

113 2375 198 2408 4458
210 2386 217 2407 ;
235 2372 320 2408 ἀντὶ
335 2374 521 2418 φιλτάτης
535 2373 700 2421 Μορφῆς
714 2386 808 2408 σπο-

110 2421 180 2456 δόν
200 2434 242 2456 τε
263 2425 329 2457 καὶ
352 2422 465 2457 σκιὰν
488 2421 681 2466 ἀνωφελῆ.

156 2474 272 2506 47-20.
305 2474 385 2514 Quis
406 2475 481 2513 scit,
507 2474 563 2514 an]
587 2474 742 2512 Omisso,
767 2475 806 2505 ut

112 2529 238 2563 saepe,
278 2522 387 2555 altero
426 2522 653 2555 dubitationis
690 2531 807 2554 mem-

111 2570 194 2603 bro:
229 2572 333 2611 uQuis
357 2573 439 2611 scit,
465 2573 583 2604 utrum
605 2571 711 2603 hodie
736 2572 806 2604 iam

113 2619 215 2653 nobis
238 2621 461 2654 moriendum
484 2621 546 2660 sit,
572 2630 616 2653 an
640 2622 743 2659 cet»,
768 2622 806 2652 ut

858 997 931 1030 volt
954 998 1056 1030 Hand
1078 999 1177 1032 Turs.
1202 1001 1228 1032 1.
1253 1009 1289 1042 p.
1314 1000 1390 1034 304.
1415 1002 1556 1045 Simpli-

859 1048 935 1079 cius
957 1048 1103 1080 Beierus
1126 1048 1172 1080 ad
1196 1049 1268 1082 Cic.
1294 1050 1391 1083 Offie.
1417 1051 1455 1084 T.
1471 1053 1499 1084 1.
1516 1061 1553 1094 p.

859 1095 942 1128 338:
980 1097 1118 1129 «Nemo
1141 1098 1224 1137 scit,
1258 1098 1464 1140 ambiguum
1486 1103 1553 1141 est,

859 1154 904 1177 an
928 1147 1019 1177 cet.»
1045 1147 1084 1177 ut
1108 1147 1225 1188 Eurip.
1248 1147 1322 1180 Alc.
1351 1149 1435 1181 783:
1472 1146 1554 1182 Οὗκ

857 1189 940 1226 ἔστι
978 1193 1132 1237 θνητῶν
1166 1191 1274 1237 ὅστις
1310 1194 1555 1238 ἐξεπίσταται

860 1241 938 1286 Τὴν
968 1240 1104 1290 αὔριον
1135 1244 1355 1287 μέλλουσαν
1389 1248 1426 1279 εἰ
1458 1247 1556 1287 βιω-

859 1303 978 1326 σεται.
1003 1293 1141 1326 Similes
1164 1295 1295 1327 Horatii
1318 1295 1386 1329 loci
1409 1299 1492 1329 sunt
1514 1299 1553 1338 4,

859 1344 897 1383 9,
928 1343 980 1375 43.
1017 1344 1054 1382 2,
1084 1344 1142 1382 46,
1170 1344 1224 1375 25.
1261 1345 1348 1386 Epp.
1367 1346 1381 1376 4
1400 1370 1408 1383 ,
1430 1345 1470 1385 4,
1497 1347 1551 1378 ⁴2.

859 1393 896 1431 4,
922 1393 983 1433 tlq
1007 1393 1062 1424 22.
1098 1410 1134 1416 —
1165 1393 1345 1425 hodiernae
1359 1396 1554 1435 —summaeJ

858 1418 1077 1482 temporum,
1102 1441 1240 1474 dierum
1264 1445 1488 1484 nostrorum,
1514 1445 1556 1477 οἳ

857 1491 992 1523 θνατοὶ
1015 1488 1259 1532 πελόμεσθα,
1292 1489 1337 1524 τὸ
1359 1491 1391 1523 δ’
1415 1470 1554 1539 αυριον

858 1536 931 1572 οὐκ
953 1537 1159 1585 ἐσορῶμες.
1197 1542 1263 1573 Pro
1285 1550 1434 1574 &myrnae
1455 1542 1555 1576 multi

858 1589 971 1622 Codd.
1005 1590 1097 1621 vitae
1133 1598 1153 1621 e
1191 1589 1299 1630 gloss.
1338 1609 1375 1613 —-
1415 1592 1552 1633 avidas]

858 1640 927 1671 Sat.
957 1639 997 1678 2,
1023 1638 1060 1677 3,
1093 1639 1179 1670 454·
1172 1663 1179 1669 .
1221 1639 1340 1671 avidus
1371 1641 1442 1672 iam
1473 1642 1555 1674 haec

858 1688 987 1729 auferet
1012 1687 1114 1719 heres.
1155 1686 1225 1719 Sed
1247 1688 1283 1719 h.
1309 1687 1331 1720 l.
1358 1688 1555 1730 elegantius

857 1738 963 1777 atque
998 1736 1176 1769 efficacius
1208 1738 1263 1769 est
1292 1746 1414 1770 manus
1435 1740 1555 1771 avidas

857 1794 984 1827 quam,
1036 1785 1132 1826 quod
1173 1785 1316 1818 volebat
1351 1787 1550 1828 Bentleius,

857 1835 1125 1867 avidi-heredis.
1142 1835 1254 1875 Epod.
1269 1835 1301 1872 3,
1317 1836 1330 1867 4
1348 1845 1355 1866 :
1373 1837 1526 1868 Parentis
1538 1854 1554 1860 -

856 1885 1100 1924 ὃσηίιοριιαυν,
1117 1883 1154 1915 id
1165 1886 1231 1923 est,
1246 1885 1393 1916 «»senis.
1417 1886 1550 1918 Bosms.

858 1951 895 1956 —
913 1933 1046 1964 amico·
1054 1933 1209 1972 -animoJ
1233 1934 1272 1964 In
1295 1934 1415 1965 Latina
1436 1933 1552 1975 lingua

856 1981 1035 2023 aliquanto
1059 1981 1311 2038 significantius
1327 1991 1434 2022 quam
1457 1982 1552 2029 φιλῃ

855 2028 968 2076 ψυχῇ
993 2027 1265 2076 χαριζόμενος,
1292 2032 1445 2063 maxime
1468 2041 1553 2064 eum

854 2089 889 2111 v.
916 2080 1050 2111 animus
1071 2080 1106 2110 h.
1124 2078 1147 2111 l.
1164 2079 1338 2119 significet
1359 2089 1431 2112 non
1453 2089 1555 2114 men-

856 2131 945 2166 tem,
972 2128 1037 2160 sed
1058 2127 1258 2160 facultatem
1281 2129 1471 2169 appetendi
1495 2138 1550 2169 ea,

856 2186 947 2219 quae
971 2176 1191 2209 delectabilia
1222 2177 1403 2217 videntur,
1439 2178 1549 2218 unde,

856 2228 894 2258 ut
917 2227 1020 2258 Genio
1042 2226 1229 2267 indulgere,
1268 2226 1371 2258 Genio
1394 2226 1481 2258 bona
1500 2227 1555 2268 fa-

855 2284 928 2307 cere
962 2274 1082 2314 (Plaut.
1114 2276 1212 2307 Pers.
1243 2275 1280 2313 2,
1311 2275 1351 2314 3,
1381 2275 1468 2316 44.),
1504 2277 1552 2308 ita

857 2325 963 2356 etiam
986 2324 1106 2355 dicunt
1140 2325 1253 2355 animo
1276 2333 1403 2356 morem
1424 2334 1550 2366 gerere,

856 2374 968 2406 animo
983 2373 1125 2413 obsequi.
1146 2390 1182 2396 —
1202 2374 1401 2406 Simonides
1417 2374 1471 2407 Fr.
1489 2375 1548 2407 60:

855 2420 1022 2464 Νήπιοι,
1062 2418 1121 2462 οἷς
1153 2420 1273 2468 ταύτῃ
1306 2425 1425 2454 κεῖται
1459 2421 1552 2465 νόος

857 2469 978 2505 οὖδὲ”
959 2482 1101 2510 ισασιν,
1114 2467 1182 2512 ἷΩς
1196 2470 1336 2517 χρόνος
1352 2469 1436 2504 ἔσθ
1450 2467 1552 2528 ηβης

855 2522 921 2579 καὶ
938 2518 1074 2560 βιότου
1093 2517 1223 2563 ὀλίγος
1243 2521 1418 2563 Θνητοΐς·
1452 2515 1551 2554 ἀλλὰ

856 2567 903 2603 σε)
944 2568 1066 2603 ταῦτα
1108 2567 1248 2611 μαθών
1284 2568 1424 2609 βιότου
1462 2572 1551 2604 ποτὶ

855 2620 974 2665 τέρμα
1007 2617 1119 2666 Ψυχῇ
1146 2616 1222 2651 τῶν
1249 2615 1407 2662 ἀγαθῶν
1435 2617 1550 2662 τλῆθι
