1722 2904
184 48 266 94 606

697 53 868 87 HORATII
892 53 1117 87 CARMINUM

466 156 608 201 Nardo
639 157 737 200 vina
766 157 1006 200 merebere.

355 263 484 307 Nardi
515 277 674 321 parvus
705 277 821 322 onyx
850 262 992 307 eliciet
1021 262 1207 313 cadum,

353 344 435 397 Qui
466 358 579 388 nune
609 343 810 401 Sulpiciis
841 343 1023 387 accubat
1050 342 1244 394 horreis,

352 426 461 483 Spes
491 425 655 468 donare
685 438 820 468 novas
849 424 994 481 largus
1031 437 1266 482 amaraque

468 506 678 549 Curatum
707 504 856 548 eluere
886 504 1049 548 efficax.

1577 507 1633 550 20

350 611 415 654 Ad
444 624 556 668 quae
588 611 623 653 si
654 623 864 668 properas
895 609 1073 667 gaudia,
1107 624 1207 654 cum
1236 616 1308 654 tua

270 756 323 788 46.
347 754 511 788 merebere
532 753 610 787 Bbd
633 756 669 786 et
690 763 745 796 pr.
771 754 927 794 S,LCtF:
951 753 1129 787 mereberis
1144 755 1191 794 T,
1218 763 1311 787 corr.
1330 756 1364 796 S,
1381 753 1481 796 βνχ,
1508 758 1589 791 0040

227 806 340 846 Pott.,
365 805 451 837 item
474 803 586 837 Bentl.
613 805 649 836 et
672 804 717 837 M.
738 821 774 826 —
801 803 854 836 48.
880 804 1051 844 suppliciis
1073 804 1110 836 T.

182 937 317 969 minem
358 935 478 966 autem
523 932 734 975 compellat,
783 933 883 965 cuius

182 993 364 1018 summum
380 983 491 1015 decus
508 983 542 1015 in
558 991 601 1015 eo
618 983 773 1025 positum
793 984 880 1023 erat,

181 1034 278 1076 quod
306 1035 454 1065 iuvenes
477 1032 614 1065 nobiles
638 1041 723 1065 eum
746 1031 882 1065 clientis

181 1084 259 1117 loco
283 1082 480 1121 habebant;
512 1091 597 1114 nam
617 1082 762 1115 honoris
784 1083 881 1114 certe

181 1142 306 1172 causa,
342 1141 414 1165 non
448 1131 689 1172 iocabundus,
727 1133 773 1164 ita
798 1141 882 1164 eum

181 1184 351 1216 nominat.
384 1201 420 1205 ——
452 1182 633 1224 merebere]
659 1181 879 1221 «redimes3»

180 1234 248 1265 hoc
263 1233 385 1273 utique
401 1232 533 1264 iocose.
571 1231 641 1264 Cfr.
661 1230 784 1264 Catull.
805 1230 879 1271 43.,

179 1282 243 1315 ubi
267 1280 428 1321 Fabullo,
466 1290 618 1314 coenam
641 1281 687 1314 ad
710 1282 828 1323 ipsum
851 1280 881 1313 si

183 1331 360 1371 attulerit,
397 1332 618 1372 unguentum
646 1339 685 1363 se
715 1331 882 1363 daturum

179 1382 377 1425 pollicetur.

223 1431 368 1464 47-20.
414 1430 542 1472 Nardi]
584 1430 691 1464 Cuius
725 1431 880 1473 pretium

179 1489 354 1523 aequasse
390 1480 466 1513 fere
503 1480 644 1513 videtur
677 1481 756 1513 cadi
790 1480 880 1513 illius

178 1531 354 1574 pretium,
391 1530 486 1562 unde
518 1531 668 1571 augetur
690 1529 758 1563 loci
781 1530 880 1562 festi-

178 1582 278 1614 vitas.
315 1581 427 1612 Loeos
449 1579 547 1612 Plinii
572 1580 617 1612 de
641 1580 741 1612 nardi
757 1580 879 1622 pretiis

182 1631 258 1672 (XL.
292 1630 359 1661 LX.
386 1630 514 1662 LXXV.
553 1629 780 1662 denariorum
813 1638 879 1671 pro

179 1678 323 1720 singulis
339 1678 447 1719 libris)
473 1678 548 1711 Lib.
569 1680 628 1719 42,
649 1680 701 1712 42.
719 1681 756 1712 L.
773 1680 826 1719 43,
844 1679 876 1712 3.

179 1728 318 1769 collegit
338 1727 602 1770 Dillenburger,
639 1729 777 1762 addens
800 1737 880 1761 me-

177 1777 390 1811 morabilem
427 1776 545 1810 locum
573 1779 711 1811 Ioannis
747 1779 808 1818 42,
834 1777 877 1810 3:

174 1823 222 1859 Ἡ
252 1821 322 1860 οὖν
363 1826 492 1873 Μαρία
529 1825 711 1867 λαβοῦσα
748 1826 879 1874 λίτραν

183 1878 317 1919 (uncias
349 1877 434 1918 XII)
473 1874 601 1923 μύρου
635 1875 778 1924 νάρδου
817 1887 879 1911 πι-

125 1943 129 1947 -
181 1924 317 1969 στικῆς
338 1925 551 1969 πολυτίμου
568 1946 588 1952 -
603 1948 624 1954 -
645 1929 878 1974 τριακοσίων

177 1975 397 2022 δηναρίων-
414 1973 549 2019 ἤλειφε
563 1974 655 2018 τοὺς
672 1975 794 2019 πόδας
808 1976 877 2011 τοῦ

174 2023 315 2082 Ἰησοῦ.
351 2045 387 2049 -
424 2027 532 2068 onyoe]
557 2028 635 2059 Non
658 2027 703 2060 de
728 2028 876 2061 huiusce

178 2076 330 2109 nominis
346 2084 488 2117 gemma
512 2075 608 2118 (Plin.
624 2077 666 2109 H.
681 2078 720 2110 N.
735 2077 788 2118 37,
807 2077 875 2119 24.)

176 2126 345 2167 loquitur,
372 2125 437 2158 sed
461 2126 505 2158 de
529 2126 666 2158 concha
690 2135 733 2159 ex
756 2126 879 2159 alaba-

177 2176 295 2215 strite,
332 2175 377 2207 de
395 2184 466 2216 quo
488 2175 573 2208 Plin.
593 2177 633 2208 H.
658 2177 698 2209 N.
724 2176 783 2216 36,
814 2177 874 2210 ⁴2:

176 2225 271 2257 Hunc
294 2225 400 2265 aliqui
421 2225 567 2265 lapidem
582 2225 802 2258 alabastriten
816 2235 879 2258 vo-

176 2277 274 2314 cant,
299 2283 396 2314 quem
415 2278 540 2306 cavant
559 2276 605 2307 ad
625 2284 711 2307 vasa
723 2284 878 2317 unquen-

176 2324 285 2363 laria,
325 2324 485 2364 quoniam
511 2325 632 2365 optime
658 2333 794 2358 servare
822 2325 878 2357 in-

175 2376 337 2414 corrupta
363 2374 496 2406 dicitur.
547 2376 676 2407 Poetae
711 2375 807 2407 enim
839 2384 874 2407 v.

176 2432 268 2462 onya:
297 2432 361 2465 pro
391 2423 549 2464 quolibet
570 2432 655 2457 vase
679 2425 878 2466 unguenta-

176 2473 228 2504 rio
251 2474 483 2515 usurparunt,
515 2474 701 2506 materiam
724 2483 795 2506 non
816 2483 877 2507 re-

177 2522 386 2563 spicientes,
411 2521 506 2555 unde
530 2523 735 2564 Propertius
755 2523 795 2563 3,
820 2523 873 2563 40,

177 2571 230 2603 22.
257 2571 375 2604 dicere
398 2572 533 2614 potuit:
569 2573 613 2604 El
628 2573 761 2605 crocino
775 2581 877 2605 nares

176 2621 394 2664 murrheas
416 2624 546 2663 unquat
569 2630 682 2663 onyx,
715 2621 876 2655 similiter

933 941 976 965 ac
1009 932 1156 966 Theocr.
1195 934 1256 974 45,
1300 933 1383 968 444;
1435 935 1560 983 Συρίω
1592 935 1634 970 δὲ

931 981 1042 1029 μύρω
1076 981 1277 1029 χρύσει’
1312 980 1540 1032 ἀλάβαστρα
1593 1005 1631 1011 -

932 1033 1046 1075 eliciet]
1073 1033 1242 1074 «efficiet,
1266 1035 1307 1067 ut
1329 1043 1373 1067 ex
1393 1035 1534 1069 horreis
1554 1035 1634 1069 Sul-

930 1083 1030 1124 piciis
1056 1083 1128 1124 (uhi
1150 1084 1231 1116 vina
1253 1085 1482 1125 generosiora
1501 1085 1635 1119 vende-

930 1131 1079 1173 bantur)
1102 1132 1234 1165 cadum
1256 1142 1376 1166 emam
1398 1133 1535 1176 tibique
1565 1144 1634 1178 op-

929 1190 1097 1224 ponam.»
1135 1183 1276 1215 Etenim
1298 1183 1397 1216 domi
1419 1184 1484 1217 Od.
1511 1185 1550 1226 4,
1574 1186 1630 1226 20,

932 1231 962 1263 4.
987 1232 1051 1263 vile
1067 1231 1251 1265 dumtaxat
1265 1232 1427 1265 Sabinum
1441 1242 1482 1266 se
1496 1233 1634 1268 habere

931 1280 1026 1313 dicit
1067 1299 1104 1304 —
1144 1281 1306 1324 «Sulpicii
1339 1282 1470 1316 Galbae
1503 1284 1633 1318 horrea

931 1329 1037 1369 dicit3
1062 1330 1242 1372 hodieque
1266 1332 1375 1364 etiam
1398 1332 1529 1366 Galbae
1551 1334 1634 1366 hor-

930 1387 993 1412 rea
1015 1381 1096 1413 vino
1120 1382 1157 1413 et
1184 1379 1263 1414 oleo
1285 1381 1532 1424 similibusque
1555 1382 1631 1417 aliis

929 1429 1059 1462 referta
1090 1432 1211 1463 sunt.»
1258 1433 1424 1465 Ponrm.
1481 1422 1634 1474 Sulpicia

929 1481 1050 1512 autem
1079 1480 1204 1513 horrea
1235 1480 1317 1523 (non
1339 1481 1553 1526 Sulpiciana)
1587 1492 1631 1516 ex

930 1529 1188 1563 consuetudine
1211 1531 1352 1572 Latina,
1383 1533 1436 1574 ⁴ul:
1457 1533 1551 1566 atria
1571 1534 1631 1566 Li-

928 1580 1019 1611 cinia
1053 1579 1291 1622 (auctionaria)
1326 1575 1422 1623 apud
1457 1582 1531 1615 Cic.
1562 1591 1629 1625 pro

930 1629 1090 1668 Quinctio
1103 1629 1137 1669 3,
1157 1630 1209 1662 42.
1239 1631 1346 1672 atque
1363 1631 1398 1663 in
1412 1629 1532 1673 legum
1542 1632 1631 1665 indi-

929 1677 1030 1710 cibus
1066 1678 1152 1720 leqes
1187 1679 1377 1721 Corneliae,
1426 1681 1542 1714 Iuliae.
1590 1683 1630 1716 In

927 1728 1103 1769 Inscriptt.
1128 1729 1219 1761 meis
1241 1730 1316 1762 Lat.
1334 1730 1374 1762 N.
1392 1729 1491 1764 4092.
1515 1731 1630 1766 hahes

928 1777 1051 1810 horrea
1079 1777 1236 1810 Galbana
1269 1777 1408 1819 (eadem
1438 1787 1522 1812 cum
1549 1781 1630 1814 Sul—

928 1827 1059 1868 piciis),
1086 1827 1126 1859 N.
1145 1826 1242 1860 5004.
1267 1827 1390 1860 horrea
1407 1827 1629 1871 Agrippinia-

927 1885 991 1916 na,
1017 1877 1069 1908 sic
1091 1877 1271 1909 nominata
1293 1876 1350 1909 vel
1365 1886 1386 1909 a
1401 1878 1525 1919 primis
1541 1887 1628 1914 con-

928 1924 1102 1958 ditoribus
1133 1925 1191 1958 vel
1214 1935 1235 1958 a
1256 1927 1515 1968 posterioribus
1541 1938 1629 1971 pos—

928 1974 1147 2015 sessoribuS,
1184 1976 1244 2017 qui
1267 1975 1316 2008 ibi
1338 1985 1405 2018 per
1427 1986 1551 2011 servos
1573 1980 1629 2012 vi-

927 2033 1012 2058 num
1042 2026 1078 2057 et
1107 2023 1226 2057 oleum
1249 2027 1318 2058 cet.
1354 2026 1390 2058 in
1414 2026 1530 2061 fundis
1553 2029 1628 2062 suis

927 2075 1007 2106 nata
1033 2073 1087 2106 vel
1110 2073 1250 2107 aliunde
1274 2077 1439 2117 coempta
1461 2085 1545 2110 cum
1570 2077 1628 2111 lu—
1691 2082 1699 2087 “

927 2132 988 2156 cro
1000 2123 1215 2156 vendebant.
1235 2124 1305 2157 Cfr.
1320 2125 1437 2158 Osann
1449 2127 1623 2169 Inscriptt.

926 2183 962 2216 p.
979 2173 1056 2206 469.
1077 2191 1114 2196 —
1132 2170 1283 2215 accubat]
1310 2174 1541 2217 «acclinatus,
1567 2185 1624 2209 re-

926 2223 1062 2265 positus
1097 2223 1199 2262 est»;
1245 2232 1290 2256 ex
1317 2232 1387 2257 usu
1423 2225 1519 2258 enim
1551 2226 1625 2260 iam

926 2273 1116 2305 Homerico
1151 2272 1289 2314 (Odyss.
1316 2271 1367 2314 β,
1401 2273 1483 2307 342:
1516 2275 1626 2308 πίθοι

925 2340 946 2346 -
961 2317 1138 2364 -Ἕξείης
1154 2322 1243 2355 ποτὶ
1257 2326 1394 2362 τοῖχον
1412 2319 1622 2371 ἀρηρότες.)

926 2371 1184 2413 apothecarum
1226 2371 1423 2414 parietibus
1468 2373 1625 2407 acclina-

925 2422 1014 2454 bant
1046 2421 1167 2454 cados.
1214 2422 1302 2455 Hinc
1325 2421 1390 2457 od.
1418 2421 1458 2463 3,
1487 2422 1549 2464 28,
1577 2423 1622 2456 7.

926 2472 1075 2514 deripere
1106 2472 1225 2504 horreo
1250 2489 1270 2495 -
1288 2489 1309 2496 —
1334 2472 1544 2531 anaphoram.
1582 2491 1620 2497 ——

925 2530 1049 2554 amara
1081 2521 1266 2564 Curarwm]
1305 2518 1355 2554 τὰ
1390 2517 1508 2568 πικρὰ
1543 2519 1622 2555 τῶν

923 2569 1129 2629 μεριμνῶν.
1147 2571 1203 2603 810
1211 2570 1375 2613 Sophocl.
1385 2571 1499 2613 Αιι413.
1516 2571 1618 2605 ⁴265:

924 2617 1074 2662 ἄνολβα
1084 2618 1370 2664 βουλευμάτων.
1396 2622 1478 2654 Ειιι·.
1486 2621 1618 2654 Phoen.
