1722 2904
593 53 769 88 canum«
790 41 1021 89 sacoma.

1430 58 1512 99 6:37

300 158 417 202 Litus
446 157 672 201 Etruscum
705 164 884 201 tenuere
913 163 1102 208 turmae,

300 239 422 282 Iussa
450 251 551 296 pars
580 244 745 280 mutare
775 237 906 281 Lares
940 244 982 280 et
1010 237 1163 282 urbem
1185 215 1192 229 ’

415 318 586 376 Sospite
614 331 744 362 cursu
760 352 768 367 ‚

1458 322 1513 362 40

299 416 378 460 Cui
408 429 487 474 per
515 415 738 460 ardentem
766 416 859 460 sine
889 416 1040 461 fraude
1069 418 1237 461 Troiam

302 496 457 540 Castus
485 498 652 540 Aeneas
681 495 844 553 patriae
873 504 1095 554 superstes

304 574 505 619 Liberum
534 576 712 618 munivit
743 576 843 625 iter,
873 576 1053 620 daturus

413 655 540 698 Plura
570 655 729 699 relictis
747 671 754 697 :

302 756 373 806 Di,
405 755 565 813 probos
594 769 738 799 mores
769 755 896 800 docili
927 757 1148 805 iuventae,

1462 759 1516 800 45

302 835 375 885 Di,
407 836 615 879 senectuti
645 835 840 893 placidae
870 837 1078 894 quietem,

165 942 219 975 39.
242 940 340 974 urbes
359 941 408 973 Bc
431 941 513 981 (non
528 941 578 981 h).
600 959 636 965 —
661 941 715 974 45.
741 942 855 974 docilis
876 950 959 974 cum
982 951 1036 984 pr.
1053 942 1175 975 Battel.
1201 943 1259 985 (ω)
1282 944 1471 978 Bentleius.

126 1009 162 1015 —-
187 989 242 1024 46.
266 990 438 1023 senectutis
457 988 524 1029 βικ
557 993 613 1023 «et
628 989 699 1023 duo
720 990 776 1023 alii
793 991 966 1024 inferioris
978 993 1115 1031 notae»,
1134 992 1206 1025 duo
1221 993 1306 1025 item
1321 993 1473 1034 Bersm„

123 1039 195 1073 duo
222 1040 374 1072 Pottierii
386 1065 394 1079 ‚
418 1039 608 1073 Bentleius.

647 1058 684 1063 —
718 1040 891 1081 placidam
912 1051 943 1072 ω
968 1042 1062 1081 (cum
1084 1049 1158 1073 var.
1190 1040 1270 1074 lect.
1290 1042 1474 1085 placidae),

123 1089 272 1123 Horman
294 1088 514 1131 Peerlkamp.
540 1089 592 1130 (Ut
613 1098 701 1130 nos,
726 1089 825 1130 Bbc.)

80 1190 102 1214 a
123 1180 299 1215 nonnullis
323 1182 598 1223 reprehensum,
633 1181 774 1214 videtur

78 1230 214 1264 retem
267 1238 474 1264 sermonem
528 1230 770 1263 formularum.

81 1280 188 1314 certo
210 1280 318 1312 etiam
340 1279 439 1312 ovid.
457 1280 539 1313 Met.
556 1279 597 1319 4,
622 1280 683 1312 3⁴:
707 1281 775 1312 Pa-

79 1332 176 1361 eam
213 1329 382 1368 natisque,
427 1332 551 1370 royant
582 1329 772 1369 Ιεηκπᾶάοε,

80 1378 180 1410 adsis.
207 1395 245 1402 -
276 1377 384 1420 Luna]
415 1378 534 1410 Lunae
565 1377 654 1411 deae
684 1379 775 1410 ima-

81 1427 199 1468 ginem
221 1434 304 1459 cum
326 1426 569 1467 antiquissima
584 1427 690 1459 inser.
708 1428 775 1459 La-

81 1477 153 1509 tina
166 1475 306 1508 LOSNA
318 1475 401 1508 vide
416 1476 452 1509 in
467 1475 626 1508 Gerhard
638 1476 772 1508 Etrusk.

81 1525 211 1566 δρᾶσθαι
229 1525 271 1557 N.
289 1524 430 1557 CLXXI.
450 1525 666 1567 —puellas:]
685 1526 775 1558 Cum

81 1573 167 1616 quid
182 1573 379 1616 supplicare
390 1572 548 1606 debeant
558 1574 657 1606 chori
672 1582 774 1615 seqq.

80 1623 245 1656 versibus
268 1624 473 1665 exponatur,
498 1623 556 1655 hic
579 1622 681 1655 colon
710 1631 777 1664 po-

81 1671 241 1707 nendum
262 1673 355 1711 erat,
380 1680 452 1704 non
474 1680 558 1704 cum
572 1671 647 1704 aliis
663 1672 778 1704 maior

82 1720 275 1761 distinctio,
309 1728 379 1762 qua
407 1720 671 1753 dissecarentur
693 1729 778 1754 sen-

83 1770 226 1802 tentiae.

125 1817 258 1851 37-40.
290 1817 431 1859 ai-est]
466 1819 522 1851 «si
553 1820 625 1857 est,
661 1820 700 1851 ut
723 1820 778 1851 est

83 1875 223 1909 reapse.
236 1879 253 1896 ι
309 1867 348 1899 In
380 1866 549 1909 precibus
584 1867 779 1900 modestior

83 1915 253 1958 particula
286 1924 395 1957 quam
428 1917 598 1955 quoniam.
638 1916 778 1949 Etenim

84 1966 136 1998 sic
171 1965 372 2007 procedunt
406 1966 620 1998 sententiae:
661 1966 779 2004 «Quo-

85 2015 180 2048 niam
194 2015 304 2047 Roma
314 2015 474 2046 vestrum
487 2016 542 2047 est
555 2023 656 2055 opus,
672 2015 779 2046 etiam

84 2065 120 2096 in
141 2065 324 2105 posterum
340 2063 373 2095 ei
389 2071 602 2104 quocunque
618 2063 725 2095 modo
740 2064 780 2095 ut

47 2120 63 2134 ’-
84 2112 249 2151 faveatis,
272 2120 497 2154 precamur.-
527 2128 563 2135 -—
602 2115 781 2144 vestm-

85 2161 178 2203 ορατ]
206 2162 380 2202 quatenus
401 2159 524 2202 Apollo
548 2161 636 2202 (cui,
660 2163 700 2193 ut
720 2169 781 2193 so-

85 2208 153 2249 let,
187 2209 340 2250 iungitur
372 2209 488 2249 soror)
523 2210 682 2241 Aeneam
711 2210 781 2241 Ita-

86 2257 169 2290 liam
200 2259 323 2300 petere
357 2258 521 2290 iusserat.
570 2258 664 2299 Virg.
692 2260 778 2291 Aen.

86 2306 126 2347 4,
155 2306 237 2340 345:
272 2307 338 2339 sod
358 2315 446 2338 amic
467 2307 602 2339 Italiam
621 2315 782 2348 magnam

86 2356 239 2396 ὤνησας
258 2355 392 2397 Apollo,
415 2356 551 2388 Italiam
570 2357 693 2396 Lyciae
711 2357 782 2388 ius-

85 2413 157 2437 sere
196 2413 365 2445 capessere
407 2408 522 2437 sortes.
571 2405 640 2438 Cfr.
675 2406 782 2438 etiam

86 2452 151 2486 0d.
165 2453 204 2492 4,
228 2454 266 2493 6,
279 2454 316 2486 24
338 2461 418 2495 sqq.
440 2471 477 2477 ·-
497 2454 594 2494 pars]
611 2455 784 2495 quotquot

86 2503 243 2535 Aeneam
276 2503 432 2535 comitati
466 2505 559 2535 sunt.
596 2521 631 2526 —
657 2503 784 2543 Sospite

87 2549 203 2591 cursu]
238 2550 307 2583 «ita
338 2551 439 2590 iussi,
475 2552 515 2583 ut
536 2549 622 2584 salvi
655 2551 691 2584 in
714 2552 783 2583 lta-

90 2598 172 2631 liam
195 2600 454 2640 pervenirent.»
480 2599 542 2632 Alii
565 2600 680 2632 minus
696 2603 783 2641 po'e-

823 1183 890 1214 tice
915 1182 1077 1223 iun‘gunt:
1113 1186 1246 1214 tenuero
1271 1183 1391 1223 sospite
1418 1192 1520 1216 cursu

823 1231 899 1263 litus
920 1231 1117 1269 Etruscum,
1143 1232 1284 1263 Lavinia
1306 1230 1418 1264 litora.

867 1279 983 1313 44-44.
1019 1281 1088 1312 sine
1108 1280 1239 1322 fraude]
1267 1281 1361 1313 «sine
1385 1280 1517 1314 damno

824 1331 884 1361 aut
919 1330 1075 1370 pernicie
1111 1331 1252 1361 Aeneae
1288 1331 1520 1372 omniumque

824 1379 900 1411 eius
924 1378 1136 1415 comitum»,
1163 1381 1202 1410 ut
1224 1378 1287 1410 Od.
1306 1379 1344 1418 2,
1370 1379 1432 1418 49,
1458 1380 1517 1411 49ῑ

823 1428 918 1459 Nodo
953 1429 1084 1459 coerces
1121 1428 1272 1468 viper-ino
1316 1428 1522 1460 Bistonidum

823 1478 893 1509 sine
912 1477 1034 1517 fraude
1054 1477 1172 1509 crines.
1198 1476 1297 1517 (Male
1318 1478 1459 1510 Servius
1475 1477 1521 1510 ad

824 1528 911 1558 Aen.
937 1526 973 1564 4,
998 1524 1074 1558 242.
1102 1526 1172 1558 sine
1195 1526 1317 1566 fraude
1343 1526 1522 1568 interpre-

825 1576 919 1606 tatur
935 1574 1030 1606 «sine
1046 1574 1243 1616 proditione
1255 1600 1262 1614 ,
1274 1586 1291 1602 ι·
1316 1583 1424 1616 quam
1438 1578 1524 1616 poe-

825 1625 900 1661 tae,
930 1622 987 1655 vel
1009 1623 1039 1655 si
1060 1624 1274 1665 purgaturus
1298 1625 1410 1663 esset,
1441 1624 1476 1655 h.
1498 1623 1521 1656 l.

826 1680 1111 1704 commemorare
1145 1671 1423 1714 haudquaquam
1458 1672 1524 1704 de-

827 1729 953 1754 corum
980 1720 1130 1761 fuisset.)
1165 1739 1200 1744 —
1234 1721 1366 1763 Castus]
1398 1734 1414 1751 α
1424 1722 1521 1763 pius,

826 1770 883 1802 cui
904 1771 1094 1811 propterea
1117 1769 1325 1802 favebatis.»
1355 1771 1411 1802 Sic
1433 1771 1525 1803 ince-

827 1821 910 1857 stus,
935 1818 1077 1860 impius,
1103 1818 1166 1850 od.
1192 1818 1234 1857 3,
1267 1819 1305 1858 2,
1331 1818 1386 1851 30.
1425 1819 1521 1860 Virg.

827 1868 968 1907 Aemfi,
986 1867 1067 1899 66⁴:
1102 1867 1231 1907 Quique
1255 1869 1440 1900 sacerdotes
1464 1877 1525 1900 ca-

826 1917 879 1949 sti.
908 1933 945 1939 -
969 1915 1082 1957 Plura]
1109 1916 1337 1948 «conditurus
1364 1925 1431 1958 per
1456 1925 1525 1958 po-

828 1967 943 1999 steros
966 1973 1051 1997 suos
1073 1965 1263 2006 imperium
1285 1965 1434 1998 Troiano
1459 1974 1526 2007 po-

829 2015 1001 2047 tentius.»
1042 2031 1079 2036 —
1118 2014 1389 2069 Antiquissima,
1433 2023 1526 2055 quae

828 2072 924 2095 nunc
947 2058 1078 2101 exstet,
1102 2062 1236 2094 mentio
1258 2059 1327 2104 τῆς
1345 2059 1527 2103 ἀποικίας

830 2109 986 2158 Φρυγῶν
1019 2110 1111 2143 duce
1145 2112 1265 2143 Aenea
1293 2112 1470 2153 reperitur
1490 2112 1526 2144 in

830 2158 1012 2202 Sophoclis
1027 2160 1238 2192 Laocoontis
1256 2160 1310 2192 Fr.
1328 2160 1404 2193 342.
1422 2160 1524 2193 Dind.

874 2208 991 2241 45-48.
1026 2208 1084 2249 Di]
1114 2208 1274 2249 proxime
1304 2209 1459 2241 refertur
1482 2209 1528 2241 ad

830 2257 1027 2299 Apollinem
1054 2259 1090 2289 et
1118 2258 1278 2289 Dianam.
1307 2275 1343 2280 ——
1374 2254 1533 2291 senectuti

826 2307 982 2347 placidae
1009 2306 1165 2347 quietem]
1200 2305 1526 2347 «tranquillitatem,

831 2364 940 2397 quam
968 2356 1073 2388 unice
1096 2356 1236 2397 optant,
1261 2355 1408 2389 senibus
1431 2356 1526 2396 date,

831 2407 871 2437 ut
903 2403 1058 2446 placide,
1093 2405 1169 2437 sine
1199 2403 1268 2437 ulla
1298 2403 1459 2437 molestia
1486 2413 1529 2438 ac

832 2453 986 2492 miseria,
1002 2452 1048 2485 ad
1059 2453 1150 2485 vitae
1164 2452 1272 2485 finem
1284 2454 1526 2494 perveniant.-

832 2502 930 2535 Pind.
945 2501 995 2534 Ol.
1009 2503 1044 2541 5,·
1059 2503 1124 2534 22:
1141 2502 1272 2558 φέρειν
1285 2499 1408 2548 γῆρας
1419 2498 1531 2535 efflu-

831 2561 907 2592 μον
932 2550 973 2591 ἐς
1001 2548 1191 2584 τελευτάν.
1226 2551 1362 2583 Placido
1388 2552 1529 2593 egregie

833 2600 959 2632 dicitur
987 2603 1147 2639 senectus,
1184 2609 1274 2640 quae
1304 2599 1371 2633 sibi
1401 2600 1528 2640 placet
