1722 2904
218 76 299 118 4:26
738 78 909 110 flonATu
933 78 1156 111 CARMINUM

799 287 808 302 Γ
876 312 878 314 Ι
1050 319 1055 324 ¹

816 325 993 384 3³·-J1J2WQ
1018 342 1069 376 1<—

695 350 1008 433 csuuuffiu
1032 394 1184 433 ιιι-ν.
1238 446 1270 453 ν

706 472 717 478 ’
1029 471 1054 493 ’ψ
1144 485 1178 491 ..-
1228 471 1259 492 k)

434 477 636 550 Herculis
667 482 759 550 ritu
779 483 929 549 modo
941 505 1100 556 dictus,
1134 521 1160 549 o
1189 506 1334 564 plebs,

302 621 385 652 XIV.
414 622 523 653 Inscr.
549 620 641 661 volg.
667 620 717 652 Ad
734 620 895 660 populum
917 621 1123 660 Romanum,
1149 621 1184 653 et
1206 621 1259 654 sic
1280 621 1345 654 BT.
1375 639 1410 645 -
1427 621 1478 654 Ad
1498 622 1619 655 Roma-

258 679 339 701 num
356 671 518 710 populum
541 671 575 702 S
619 688 655 692 —-
697 670 827 702 Civibus
848 670 883 701 in
905 671 1090 711 Auqustum
1120 670 1167 703 bc
1197 668 1228 710 (c
1250 670 1365 703 addit:
1395 671 1554 704 victorem
1575 682 1619 705 ex

257 720 420 760 Hispania
445 719 661 761 redeuntem).

257 820 342 852 XIV.
384 819 714 859 «Quemadmodum
743 819 912 852 Hercules

215 878 354 902 summa
397 878 479 901 cum
518 869 720 902 fortitudine
759 870 911 902 mortem

213 927 387 960 spernens
417 917 563 951 devictis
587 919 754 951 monstris
778 919 911 960 sempi-

213 970 350 1000 ternam
365 968 510 1009 gloriam
526 968 592 1001 sibi
607 969 756 1010 peperit,
782 968 911 1001 eodem

213 1019 330 1050 animo
364 1027 470 1050 usum
504 1020 700 1059 Augustum
733 1027 804 1050 non
834 1018 910 1050 sine

213 1068 308 1109 gravi
325 1067 482 1109 periculo
495 1068 758 1110 expeditionem
773 1069 808 1100 in
822 1069 912 1100 Can-

212 1117 332 1150 tabros
356 1118 575 1159 suscepisse,
601 1117 769 1157 libenter,
796 1127 817 1150 o
840 1119 910 1150 Ro-

213 1167 326 1206 mani,
363 1176 642 1208 agnoveramus;
682 1176 775 1200 nunc
798 1167 910 1200 victor

213 1217 317 1249 rediit
352 1218 394 1258 (a.
424 1226 459 1249 u.
489 1226 521 1250 c.
551 1218 626 1249 729.
667 1219 816 1250 exeunte
851 1217 908 1250 vel

213 1267 288 1299 730.
315 1267 472 1300 ineunte.
499 1267 568 1300 Cfr.
586 1267 722 1300 Weber
741 1268 856 1300 Horaz
871 1276 905 1309 p.

212 1317 338 1358 257.).»
374 1317 489 1349 Animi
517 1326 623 1350 causa
639 1317 908 1358 significandum

210 1366 349 1399 videtur
370 1368 483 1399 totum
505 1367 575 1399 hoc
598 1376 750 1410 carmen⁴
766 1369 908 1400 Horatio

210 1416 451 1449 abiudicatum
485 1425 564 1449 esse
594 1417 639 1449 ab
663 1417 805 1450 EdItore
829 1418 909 1450 Lei-

211 1466 322 1499 densi.
366 1466 552 1508 («Carmen
582 1467 619 1506 3,
653 1466 705 1500 44.
743 1476 763 1498 a
787 1468 907 1500 Servio

211 1517 441 1558 Charisioque
469 1516 614 1548 citatum
641 1525 712 1549 non
747 1518 907 1559 spurium

211 1567 378 1608 equidem
407 1566 650 1608 Peerlkampio
681 1569 825 1600 auctore
838 1567 908 1599 -di-

211 1626 292 1649 cere
309 1617 422 1649 ausim
434 1642 441 1655 ,
467 1616 533 1649 sed
548 1618 668 1648 tamen
690 1626 835 1658 prorsus
853 1618 908 1649 in-

210 1667 356 1708 dignum
371 1666 488 1699 habeo
505 1666 562 1699 illo
579 1669 681 1708 poeta
695 1693 702 1706 ,
728 1668 788 1708 qui
803 1666 906 1699 simili

209 1725 295 1748 usus
325 1718 534 1757 argumento
568 1716 791 1758 praeclarum
823 1716 906 1749 illud

209 1766 366 1798 condidit
396 1775 541 1799 carmen
572 1766 611 1806 4,
644 1768 699 1798 5.»
739 1767 905 1808 Srsmnn.)

209 1817 321 1848 Etiam
354 1816 574 1849 Eichstadius
615 1817 880 1849 severissimum
897 1842 904 1854 ,

210 1867 319 1898 immo
348 1865 465 1908 paullo
489 1866 641 1907 iniquius
666 1865 710 1898 de
735 1866 803 1898 hoc
826 1875 906 1898 car-

208 1917 303 1948 mine
338 1915 506 1948 iudicium
547 1915 630 1948 fecit
662 1916 696 1947 in
734 1915 902 1948 Paradox.

209 1966 326 1997 Horat.
358 1966 413 1998 XI.
461 1966 532 2006 Ego
562 1965 646 2006 quid
676 1965 720 1997 de
750 1974 793 1997 eo
822 1974 906 1998 sen-

208 2016 291 2047 tiam
304 2041 311 2055 ,
329 2014 439 2047 libere
456 2014 668 2056 profitebor:
695 2014 809 2047 Probe
825 2024 906 2056 per-

209 2065 383 2106 spiciebat
426 2065 590 2097 Horatius
625 2066 831 2106 exspectare
870 2066 905 2097 et

208 2117 405 2156 Augustum
428 2115 547 2156 ipsum
563 2116 599 2146 et
615 2116 754 2147 ceteros
771 2115 904 2147 amicos

209 2173 353 2197 carmen
376 2165 412 2196 in
434 2164 615 2196 redeuntis
638 2164 781 2197 victoris
797 2164 906 2196 hono-

208 2224 308 2253 rem;
339 2215 458 2255 itaque
483 2222 527 2246 ne
552 2213 668 2246 dicam
691 2214 813 2253 invita,
839 2215 904 2246 sed

207 2266 326 2296 tamen
351 2264 445 2296 haud
468 2264 571 2296 nimis
586 2264 734 2305 propitia
750 2264 903 2297 Minerva

208 2313 314 2346 talem
338 2313 383 2345 ad
398 2312 666 2354 gratulationem
689 2322 769 2346 sese
786 2314 904 2346 accin-

208 2364 277 2397 xit:
315 2365 350 2395 at
382 2362 594 2403 simulatque
626 2362 740 2395 officio
764 2363 903 2396 functus

208 2414 279 2451 est,
317 2412 397 2444 inde
428 2421 447 2444 a
479 2422 511 2444 V.
544 2413 597 2444 45.
630 2412 751 2445 solitae
784 2412 903 2445 hilari-

208 2464 266 2494 tati
291 2462 380 2494 ultro
404 2471 442 2495 se
466 2462 581 2494 tradit.

252 2513 281 2543 4.
318 2513 468 2545 Herculis
489 2512 575 2553 ritu]
609 2513 704 2544 Haec
726 2521 781 2544 w.
810 2511 902 2544 nullo

209 2563 309 2602 pacto
329 2562 463 2603 virgula
486 2563 689 2603 interposita
711 2563 800 2594 trahi
817 2571 903 2604 pos-

209 2613 289 2643 sunt
323 2612 367 2643 ad
402 2621 456 2643 vv.
494 2612 620 2644 Caesar
652 2613 802 2652 Hispana
832 2613 900 2643 cet.

210 2670 289 2693 (zum
307 2662 399 2693 lanio
417 2664 449 2694 et
467 2661 650 2695 Monichio.
678 2680 712 2684 —
747 2662 786 2693 V.
806 2662 902 2694 modo

962 819 1126 860 relativa,
1152 829 1261 862 quam
1284 820 1422 862 dicunt,
1447 822 1582 855 ratione
1599 831 1660 855 ac·-

962 869 1166 911 eipiendum
1204 871 1277 911 est,
1326 880 1431 904 «cum
1462 873 1661 915 susciperet

961 919 1222 961 expeditionem
1245 921 1281 953 et
1303 921 1390 954 dum
1409 930 1451 954 ea
1467 923 1660 964 occupatus

961 970 1058 1009 erat,
1094 970 1297 1011 usquedum
1326 971 1371 1003 de
1394 972 1556 1013 proximo
1580 972 1657 1004 eius

960 1019 1075 1050 reditu
1107 1020 1193 1051 certi
1222 1028 1419 1054 essemus.»
1465 1021 1579 1054 Breve
1603 1023 1660 1054 est

959 1068 994 1100 id
1023 1069 1181 1110 tempus,
1224 1070 1393 1111 quoniam
1419 1071 1564 1112 praeter
1595 1079 1659 1103 ex-

959 1119 1217 1160 spectationem
1272 1128 1367 1152 nunc
1421 1120 1569 1153 transiit.
1619 1138 1656 1144 --

959 1169 1074 1210 dictus]
1108 1169 1243 1208 «Quem
1273 1162 1390 1211 paullo
1420 1170 1502 1202 ante
1532 1178 1659 1203 omnes

959 1218 1126 1251 dicebant
1166 1219 1200 1251 in
1236 1218 1479 1252 difficillimam
1515 1227 1558 1252 ac
1591 1228 1659 1261 pe—

958 1268 1150 1301 riculorum
1178 1268 1322 1310 plenam
1346 1269 1547 1311 profectum
1576 1277 1658 1302 esse

959 1318 1241 1360 expeditionem,
1285 1319 1324 1350 ut
1365 1318 1482 1351 facere
1519 1317 1659 1352 solebat

958 1367 1165 1400 Hercules.»
1185 1386 1223 1391 —
1240 1377 1260 1400 ο
1270 1367 1373 1410 plebs]
1390 1367 1655 1409 significatione,

957 1420 996 1450 ut
1018 1418 1064 1450 ita
1089 1417 1208 1450 dicam
1222 1442 1230 1457 ,
1264 1417 1393 1458 nobili,
1431 1419 1473 1450 ut
1506 1419 1562 1451 est
1583 1418 1659 1451 for—

958 1467 1052 1499 mula
1083 1467 1179 1509 apud
1210 1467 1282 1500 Cic.
1306 1476 1374 1509 pro
1396 1468 1485 1501 Mur.
1513 1467 1555 1500 ⁴:
1589 1476 1658 1508 po-

951 1518 1035 1558 pulo
1054 1517 1208 1558 plebique
1231 1517 1413 1550 Romanae.
1449 1517 1655 1558 Eademque

956 1565 1107 1599 formula
1123 1568 1179 1599 est
1192 1566 1294 1599 Verr.
1311 1567 1349 1607 5,
1372 1565 1426 1607 ⁴4,
1443 1566 1513 1607 36„
1538 1567 1573 1599 in
1587 1568 1657 1599 Au-

957 1617 1049 1658 gusti
1070 1617 1284 1649 testamento
1306 1617 1414 1649 Tacit.
1445 1617 1535 1649 Ann.
1554 1617 1586 1654 4,
1603 1616 1651 1655 8.,

956 1666 1042 1699 Plin.
1067 1668 1196 1707 Paneg.
1222 1666 1276 1699 32.
1303 1665 1386 1707 (Cfr.
1408 1666 1545 1698 Becker
1559 1667 1651 1699 Rom.

954 1716 1090 1749 Alterth.
1118 1716 1159 1747 11.
1186 1715 1217 1748 ⁴.
1242 1724 1277 1757 p.
1302 1715 1390 1757 ⁴37.)
1417 1716 1506 1748 Hinc
1525 1717 1653 1757 poetae

956 1765 1031 1798 solo
1052 1774 1086 1797 v.
1107 1765 1199 1805 plebs
1226 1773 1292 1807 pro
1318 1763 1449 1806 populo
1473 1765 1523 1797 uti
1550 1766 1654 1806 pote—

955 1816 1049 1854 rant,
1079 1815 1118 1846 ut
1140 1814 1198 1846 hic
1227 1814 1389 1847 Horatius
1413 1815 1449 1846 et
1469 1814 1564 1855 Virg.
1589 1815 1650 1846 Ge.

955 1866 992 1904 2,
1018 1864 1101 1897 509:
1126 1865 1189 1896 Per
1210 1873 1329 1896 cuneos
1342 1882 1362 1887 —
1376 1863 1652 1904 —plobisquepa-

955 1918 1117 1954 trumque.
1157 1914 1200 1946 Et
1222 1912 1307 1946 falsa
1330 1914 1476 1946 omnino
1500 1914 1556 1946 est
1569 1914 1654 1946 Bos-
1709 1950 1722 1964 l

955 1965 1062 1997 schae
1086 1963 1351 2005 interpretatio:
1389 1963 1436 1995 «O
1461 1962 1550 1996 levis
1574 1962 1653 2005 ple-

953 2013 1097 2052 becula,
1123 2021 1232 2054 quem
1247 2011 1355 2045 modo
1371 2012 1547 2046 credebas
1561 2013 1653 2045 Her-
1671 2012 1673 2014 ’

954 2063 1041 2096 culis
1068 2063 1136 2095 ritu
1169 2061 1332 2094 venalem
1359 2063 1475 2095 morte
1512 2061 1652 2094 laurum

952 2114 1120 2156 petivisse
1144 2114 1180 2144 et
1196 2113 1231 2145 in
1246 2112 1442 2153 perniciem
1455 2119 1651 2154 properare

954 2173 1073 2203 suam,
1119 2172 1204 2195 ecce
1240 2161 1357 2195 salvus
1392 2163 1428 2194 et
1459 2161 1574 2194 victor
1607 2169 1650 2192 ex

953 2213 1119 2255 Hispania
1142 2212 1234 2244 redit
1248 2213 1255 2243 l
1269 2223 1285 2240 ι)

996 2264 1029 2296 2.
1064 2263 1173 2295 Morte
1200 2261 1327 2294 venalis
1349 2260 1404 2293 est
1435 2260 1554 2292 laumas
1575 2259 1649 2292 sive

953 2312 1172 2353 triumphus,
1214 2312 1406 2352 quatenus,
1457 2310 1518 2351 qui
1554 2309 1649 2341 hunc

953 2362 1105 2404 appetit,
1131 2361 1255 2393 mortis
1269 2358 1467 2402 periculum
1482 2358 1560 2391 forti
1576 2358 1651 2390 ani-

953 2421 1012 2445 mo
1028 2412 1144 2444 facere
1167 2410 1286 2443 dehet.
1327 2409 1510 2443 Contrario
1526 2407 1645 2447 modo,

952 2461 1205 2502 significatione
1231 2459 1358 2492 eadem
1379 2458 1472 2500 Virg.
1500 2458 1586 2490 Aen.
1612 2457 1646 2496 9,

952 2511 1034 2543 205:
1052 2511 1111 2543 Est
1123 2511 1193 2549 hic,
1211 2512 1257 2542 est
1271 2509 1402 2541 animus
1416 2507 1498 2540 lucis
1507 2510 1648 2540 contem-

947 2564 1028 2601 ptor
1060 2563 1090 2592 et
1121 2560 1220 2592 istum
1251 2559 1315 2599 Qui
1342 2558 1414 2590 vita
1435 2557 1514 2589 bene
1533 2557 1648 2589 credat

952 2611 1037 2649 emi,
1063 2619 1127 2650 quo
1149 2609 1277 2649 tendis,
1301 2608 1467 2641 honorem.
1504 2604 1642 2646 Quintil.

953 2660 990 2700 9,
1015 2661 1052 2692 5:
1093 2660 1182 2692 Emit
1213 2661 1319 2691 morte
1350 2656 1641 2690 immortalitatem
