1722 2904
659 85 738 118 un.
762 84 819 117 m.

866 85 906 116 c.
931 84 1002 116 vu.
1475 81 1558 122 393

400 189 557 231 Noctes
586 201 671 230 non
701 187 796 230 sine
824 186 968 229 multis

456 268 667 312 Insomnis
695 266 885 334 laer-imis
913 267 1011 324 agit.

341 373 467 432 Atqui
497 372 704 417 sollicitae
733 372 906 416 nuntius
935 371 1151 430 hospitae,

341 454 570 511 Suspirare
600 453 762 498 Chloen
792 460 835 497 et
863 453 1067 497 miseram
1097 453 1180 517 tuis
1276 485 1302 491 „

1414 500 1424 510 .-
1510 450 1560 494 lo

397 534 555 578 Dicens
584 533 755 592 ignibus
784 534 872 585 uri,

456 616 605 658 Tentat
629 596 748 658 inille
777 614 896 658 vafer
924 614 1076 658 modis.

343 708 396 753 Ut
424 709 624 771 Proetum
654 707 809 751 mulier
837 706 1004 765 perfida
1033 706 1257 751 credulum

466 770 543 780 Ἢ

348 788 486 833 Falsis
516 788 732 847 impulerit
760 787 1033 838 criminibus,
1066 788 1192 831 nimis

403 870 530 914 Casto
560 868 878 927 Bellerophonti

1509 869 1563 911 ‘15
1593 930 1603 941 .

461 951 675 994 Maturare
704 964 879 1001 necem,
911 949 1053 994 refert.

345 1045 498 1088 Narrat
524 1058 664 1102 paene
694 1043 842 1087 datum
870 1042 1000 1087 Pelea
1031 1044 1206 1086 Tartaro
1222 1077 1231 1093 ,

207 1140 239 1172 7.
263 1139 348 1172 Post
360 1139 455 1171 huuc
469 1147 503 1170 v.
522 1138 642 1171 deficit
656 1138 775 1171 codex
792 1137 816 1170 d
830 1112 1006 1179 usqne&
1022 1137 1140 1170 carm.
1159 1138 1197 1177 9,
1216 1137 1269 1170 ⁴7.
1290 1156 1327 1161 -
1345 1139 1378 1171 9.
1394 1138 1517 1180 Atquin

164 1189 202 1222 1..
219 1207 256 1213 -
274 1189 327 1221 ⁴2.
346 1187 560 1229 Τωηριαιᾱιιε
577 1188 615 1220 τ.
644 1206 673 1211 -
699 1187 753 1221 u.
770 1187 965 1228 ωηψαισήι
979 1188 1016 1220 τ.
1043 1186 1125 1228 (non
1142 1186 1266 1228 nbsc.)
1287 1205 1324 1211 -
1350 1188 1404 1220 15.
1429 1188 1525 1221 boue-

165 1239 328 1280 raptante
349 1239 375 1271 T
395 1238 455 1271 hie
477 1239 515 1271 et
537 1238 601 1270 Od.
627 1238 664 1277 3,
691 1238 751 1278 ⁴2,
776 1237 808 1270 8.

124 1319 162 1358 4,
195 1318 280 1351 208:
318 1318 422 1351 Libra
447 1319 501 1351 die
526 1319 696 1358 somnique
715 1327 820 1360 pares

121 1367 180 1400 ubi
210 1367 324 1409 foecrit
357 1368 471 1400 horas.
519 1369 616 1409 (Aen.
653 1368 693 1407 4,
732 1368 814 1400 636:

121 1417 269 1450 umam
299 1417 526 1458 leuatumque
558 1418 616 1450 dii.
662 1418 704 1450 V.
731 1418 820 1450 Wa-

123 1474 223 1507 gner.
248 1465 320 1499 Cfr.
337 1465 422 1500 Gell.
444 1467 477 1507 9,
502 1466 556 1500 ⁴4.
574 1469 611 1500 et
624 1466 819 1500 Alschefski

123 1514 170 1548 ad
192 1515 267 1548 Liv.
290 1516 329 1555 5,
355 1515 415 1548 ⁴3:
447 1516 627 1549 insanabili
642 1516 820 1558 pemieie.)

167 1565 200 1597 5.
225 1565 258 1597 6.
283 1564 430 1607 Or-iewn]
445 1567 587 1607 portum
604 1567 639 1598 et
650 1566 821 1608 oppidum

124 1614 219 1656 Epiri
239 1614 277 1646 in
309 1614 453 1646 introitu
486 1615 585 1647 sinus
619 1615 820 1655 Hadriatici,

125 1662 231 1696 hodie
263 1663 399 1695 Erikho.
435 1681 472 1687 —
505 1664 639 1705 insana]
673 1664 823 1697 «multos

125 1711 261 1746 imbres
278 1721 321 1745 ac
334 1711 509 1754 procellas
526 1714 773 1746 concitantia.»
783 1732 820 1737 —

68 1756 76 1761 ’
124 1762 381 1802 Post-caprae
405 1763 536 1805 sidua]
563 1762 600 1795 id
622 1764 695 1803 est,
722 1764 825 1805 «post

126 1812 263 1854 Cuprae
274 1813 426 1844 ortum.»
450 1812 565 1852 Capra
574 1814 695 1845 autem
707 1813 824 1853 (Arato

126 1861 211 1894 677:
232 1857 383 1904 Ὠλενίη
392 1858 472 1902 Αἴξ,
490 1861 715 1903 Amalthea.),
732 1871 824 1903 quae

128 1911 248 1943 Iovem
271 1910 440 1943 infantem
463 1910 555 1943 lacte
571 1912 764 1950 nutrierat,
789 1912 824 1944 in

128 1959 246 1992 sidera
275 1959 386 1992 relata
418 1969 488 1992 una
517 1969 600 1993 cum
623 1961 828 2001 pluvialibus

122 2009 253 2042 'Haedis
280 2009 384 2050 (Vir-g.
410 2011 495 2042 Aen.
522 2010 560 2048 9,
590 2010 680 2051 668.)
716 2011 828 2042 oritur

130 2058 188 2090 IV.
212 2057 285 2091 Kal.
311 2058 453 2091 Octobr.
468 2084 476 2098 ,
501 2059 632 2091 occidit
653 2059 725 2091 Kal.
751 2061 823 2092 Ian.

175 2107 208 2140 8.
225 2108 258 2140 9.
274 2108 435 2150 lam-imis]
451 2110 618 2150 «propter
631 2110 667 2141 te
684 2109 824 2147 effusis;

130 2158 196 2190 etsi
219 2166 303 2190 eum
321 2166 388 2199 per
402 2157 568 2190 callidum
583 2158 737 2190 nuntium
751 2159 826 2190 sive

130 2208 362 2249 interpretem
397 2209 508 2239 tentat
539 2207 697 2249 hospita,
732 2207 827 2249 apud

132 2256 233 2288 cuius
254 2256 422 2288 maritum
445 2256 675 2288 devertitur.»

177 2306 229 2337 40.
246 2306 283 2338 44
293 2330 300 2337 .
314 2306 409 2337 tuis-
419 2306 560 2347 iynilms]
574 2307 703 2347 «Gyge,
718 2315 827 2347 quem

133 2356 173 2386 tu
197 2354 366 2386 ardenter
387 2363 522 2387 amas.»
547 2355 715 2394 «Quando
731 2354 827 2388 Delia

133 2403 228 2446 apud
262 2403 362 2436 ovid.
387 2405 465 2436 Am.
491 2404 529 2443 3,
562 2404 600 2442 9,
632 2405 686 2436 56.
723 2404 825 2436 dicit:

131 2452 262 2492 υἱωίειί,
295 2453 374 2484 dum
402 2455 478 2484 tuus
499 2453 587 2494 iynis
607 2462 719 2492 eram,
754 2456 830 2485 tuus

132 2502 220 2542 ionis
249 2510 319 2533 non
353 2503 408 2534 est
441 2501 615 2539 Tibullus,
655 2502 719 2534 sed
753 2503 829 2544 ipsa

135 2549 245 2583 Delia.
291 2551 347 2583 Sic
370 2551 476 2583 etiam
500 2551 536 2583 h.
555 2550 577 2583 l.
596 2552 672 2583 Non
695 2552 750 2583 est
765 2552 830 2592 igi-

134 2599 337 2641 ειη-,1111011
368 2608 451 2633 cum
482 2601 550 2633 ΗΡ.
574 2599 830 2633 substituamus

136 2649 372 2690 tui-imbus.»
437 2666 472 2672 -
507 2650 669 2682 Bosscm.
706 2650 829 2690 remae]

869 1318 935 1350 uad
958 1326 1119 1350 amorem
1142 1316 1307 1359 pellicit.»
1339 1317 1408 1350 Cir.
1428 1319 1564 1351 Ruhnk.

868 1368 913 1401 ad
936 1369 1024 1400 Tim.
1049 1376 1086 1409 p.
1109 1368 1190 1400 246.

912 1418 1030 1450 43-46.
1054 1417 1222 1460 Proetum]
1246 1426 1370 1459 regem
1383 1419 1565 1459 Argivum.

872 1484 907 1490 —
940 1467 1063 1499 mulier
1085 1467 1229 1510 perfida]
1255 1468 1366 1500 Antea
1397 1468 1565 1507 Homero,

870 1516 945 1549 aliis
979 1516 1215 1550 Stheneboea.
1262 1517 1452 1550 Historiam
1489 1516 1567 1561 lege

870 1565 966 1599 lliad.
980 1567 1011 1607 ζ,
1030 1566 1093 1599 455
1104 1575 1159 1608 sq.
1173 1567 1400 1598 Tractaverat
1411 1566 1567 1599 fabulam

871 1615 1067 1657 Sophocles
1082 1616 1117 1648 in
1133 1615 1272 1653 lobata,
1295 1617 1356 1657 qui
1375 1619 1478 1658 pater
1492 1618 1570 1649 erat

871 1664 1119 1697 Sthenoboeae
1129 1690 1136 1704 ,
1162 1665 1348 1706 Euripides
1363 1665 1398 1698 in
1413 1664 1571 1698 Bellero-

872 1714 1006 1756 phonte
1021 1715 1105 1746 etin
1121 1714 1358 1747 Stheneboea.
1386 1715 1456 1747 Cir.
1475 1714 1571 1747 Wcl-

873 1764 959 1796 cker
989 1772 1042 1805 yr.
1071 1764 1272 1804 Trayoodien
1305 1765 1331 1796 1.
1356 1773 1392 1805 p.
1418 1763 1494 1796 447.
1531 1782 1567 1786 -

872 1812 1064 1854 maturare]
1090 1812 1358 1845 «accelerarem
1403 1813 1572 1853 Impellere

874 1863 910 1894 et
934 1862 1118 1902 perpellere
1147 1870 1231 1894 cum
1260 1862 1431 1894 infinitivo
1463 1862 1571 1894 etiam

874 1912 982 1943 Tacit.
1006 1913 1097 1944 Anu.
1123 1910 1181 1949 43,
1206 1910 1260 1943 54.
1286 1912 1323 1942 et
1345 1910 1406 1948 44»,
1432 1911 1486 1942 60.

921 1961 972 1992 47.
1012 1960 1122 2001 Pelea]
1148 1959 1337 2001 Hippolyte
1363 1959 1448 2000 (aliis
1470 1961 1574 2001 Asty-

876 2010 1008 2051 damia)
1022 2035 1030 2049 ,
1055 2010 1190 2048 Acasti,
1214 2009 1309 2050 regis
1331 2008 1433 2047 Iolci,
1463 2018 1570 2048 uxor,

876 2059 969 2092 Pelei
993 2068 1116 2091 amore
1140 2060 1260 2100 capta,
1293 2067 1377 2090 cum
1408 2058 1504 2090 hunc
1526 2057 1572 2090 ad

875 2110 1039 2150 stuprum
1061 2107 1285 2141 sollicitasset
1307 2116 1424 2148 neque
1440 2107 1472 2139 ei
1487 2116 1573 2149 per-

876 2158 1029 2190 suadere
1051 2158 1241 2199 potuisset,
1272 2156 1395 2188 dolore
1418 2156 1571 2197 odioque

875 2207 1019 2240 incensa
1043 2215 1126 2238 eum
1150 2205 1246 2247 apud
1268 2206 1434 2238 maritum
1457 2206 1575 2238 crimi-

876 2258 957 2288 nata
981 2257 1052 2294 est,
1079 2258 1117 2287 ut
1139 2256 1211 2287 vim
1234 2254 1301 2287 sibi
1316 2254 1447 2287 inferre
1464 2263 1571 2287 cona-

876 2308 964 2337 tum.
1011 2303 1070 2337 llle
1101 2306 1222 2336 autem
1250 2304 1304 2336 his
1333 2303 1461 2336 auditis
1489 2313 1575 2337 eum

876 2355 911 2386 in
946 2353 1029 2386 Pelii
1067 2354 1197 2385 montis
1233 2351 1441 2385 solitudines
1473 2354 1574 2394 quasi

877 2403 971 2436 aliud
1002 2411 1111 2444 agens
1141 2402 1303 2440 deduxit3
1339 2411 1410 2443 quo
1439 2402 1575 2435 dormi-

878 2454 961 2485 ente
995 2453 1087 2484 inter
1122 2453 1319 2484 Centauros
1352 2450 1474 2484 relicto
1508 2451 1575 2484 do-

879 2510 979 2535 mum
1002 2510 1169 2534 reversus
1192 2503 1258 2533 est.
1284 2501 1326 2534 Di
1341 2503 1462 2534 autem
1480 2501 1574 2534 Pelei

879 2552 1014 2584 miserti
1048 2549 1243 2583 Volcanum
1274 2550 1320 2583 ad
1351 2559 1434 2583 eum
1465 2551 1575 2583 mise-

878 2603 973 2632 runt.
1014 2600 1076 2633 Hic
1100 2600 1131 2632 ei
1147 2599 1301 2640 gladium
1318 2599 1477 2638 donavit,
1503 2608 1575 2640 quo

882 2650 1077 2682 Centauros
1106 2650 1141 2681 in
1164 2657 1203 2681 se
1233 2649 1407 2682 irruentes
1429 2648 1576 2681 interfe-
