1722 2904
173 93 253 135 4⁶28

685 95 856 127 HORATII
884 95 1107 129 CARMINUM

397 199 446 241 Et
476 213 599 262 sorpr
629 198 731 242 clari
762 198 884 242 ducis
915 205 958 242 et
987 198 1173 242 decorae

507 279 710 337 Supplice
740 280 843 323 vitta

395 386 611 443 Virginum
642 392 799 429 matres
831 386 1123 444 iuvenumque
1153 400 1292 444 nuper

393 467 622 524 Sospitum.
682 468 787 517 Vos,
820 481 846 510 o
878 467 1000 524 pueri
1034 473 1077 510 et
1106 466 1277 525 puellae

1562 467 1615 510 40

395 550 483 590 Iam
515 548 653 590 virum
685 554 908 605 expertae,
940 547 1053 591 male
1083 548 1281 592 ominatis

259 650 290 681 7.
316 650 389 681 cari
411 647 455 688 β,
482 650 571 681 Pott.
598 650 681 681 tres.
710 667 747 672 —
775 649 828 681 Η.
853 653 1004 690 expertes
1026 651 1171 682 auctore
1194 649 1365 690 Cuningh.
1390 650 1426 683 F.
1445 667 1483 673 —
1501 650 1576 683 Non

211 701 322 732 vir-um
353 702 511 740 expertae
538 698 693 731 malebat
724 698 836 732 Bentl.
864 718 901 723 —-
925 700 1025 731 Haud
1045 699 1158 731 vir-mn
1179 702 1338 740 expertae
1360 699 1470 733 edidit
1491 701 1574 733 Pot—

211 750 289 782 tier.
317 749 365 790 (In
382 748 502 781 ultima
515 749 578 781 Ed.
593 749 694 788 Jahn,
721 751 759 781 ut
775 749 864 790 nos.)
879 768 918 773 —
935 750 1116 782 nmninatis
1129 750 1190 789 Bc,
1207 758 1261 791 pr.
1276 749 1314 788 T,
1332 758 1423 782 corr.
1440 749 1478 790 b,
1505 750 1576 783 «di-

214 799 322 832 midia
344 808 428 841 pars
446 799 636 831 Codicum»
654 799 819 840 Bentleii,
845 800 931 832 item
946 801 984 832 L.
1003 798 1196 842 (nominatis
1210 807 1389 841 superscr.
1408 799 1484 832 «vel
1499 800 1573 839 ho»,

211 849 247 881 id
265 850 335 888 est,
361 849 515 881 ominatis
538 858 578 888 c,
605 849 700 890 quod
724 849 843 882 firmat
863 849 986 882 Bland.
1012 848 1222 890 antiquiss),
1246 849 1440 881 imminutis
1460 846 1572 882 Bentl.

211 900 301 931 coni.
329 899 496 940 (ominacis
519 900 627 931 etiam
649 897 695 942 γδ
718 908 774 941 ap.
801 900 942 932 Kirchn.
967 907 1003 941 p.
1029 898 1083 931 36.
1109 898 1177 939 56.)

211 987 243 1019 8.
283 987 437 1027 Supplice
472 986 568 1028 vitta]
608 994 698 1027 quas
735 986 770 1018 in
806 995 869 1019 ca—

917 995 1032 1027 usque
1066 985 1111 1017 ad
1146 985 1271 1018 aetatis
1305 994 1440 1018 annum
1473 985 1544 1018 XX.
1581 987 1618 1018 et

167 1037 238 1078 pite
276 1036 463 1078 gestabant
500 1037 683 1068 matronae
723 1044 865 1076 omnes,
916 1035 1066 1077 amplius
1085 1034 1198 1076 pueri)
1222 1036 1258 1067 et
1278 1035 1425 1076 viraines
1446 1034 1618 1076 (velpuel-

171 1094 241 1127 quo
285 1095 305 1118 a
351 1085 524 1118 libertinis
569 1085 871 1127 distinguerentur
915 1084 980 1127 lae)
993 1086 1074 1117 ante
1089 1083 1339 1117 Cantabricam
1355 1084 1617 1126 expeditionem

171 1135 255 1176 (Tib.
276 1136 311 1175 l,
338 1136 373 1174 6,
401 1136 460 1168 67:
486 1136 538 1168 Sit
556 1137 653 1169 nwdo
668 1139 762 1168 casta
777 1137 866 1175 doce,

171 1186 324 1225 quamvis
355 1195 423 1218 non
448 1186 534 1218 vitta
561 1186 681 1228 ligatos
707 1186 869 1226 Impediat

171 1236 278 1267 crines
292 1245 350 1268 nec
364 1236 449 1268 stola
463 1236 565 1278 longa
574 1235 715 1278 pedes),
739 1236 867 1277 partim

171 1286 204 1317 in
229 1286 340 1318 sacris
363 1286 545 1319 faciendis.
584 1286 687 1328 (Virg.
711 1287 799 1318 Aen.
825 1285 864 1326 4,

170 1336 252 1368 637:
290 1339 389 1376 tuque
421 1336 496 1376 ipsa
523 1337 588 1376 pia
618 1339 688 1377 tege
717 1338 868 1376 tempora

166 1386 262 1417 vitta.
289 1385 358 1418 Cfr.
384 1386 564 1427 Boettiger
586 1386 713 1418 Sabina
734 1386 760 1417 I.
783 1394 863 1427 pag.

168 1435 256 1476 457.)
297 1434 389 1468 Alias
421 1436 528 1468 etiam
558 1436 665 1477 virgis
691 1434 866 1467 involutas

164 1493 251 1526 prae
282 1493 322 1517 se
354 1484 528 1518 ferebant.
583 1486 680 1526 (Aen.
706 1485 743 1524 7,
779 1484 862 1518 237:

163 1534 385 1575 Praeferimus
406 1535 560 1566 manibus
580 1535 681 1566 vittas
703 1543 744 1566 ac
763 1533 866 1566 verba

159 1584 365 1625 precantia.)
383 1584 607 1617 Pontificium
622 1584 750 1616 harum
765 1584 867 1616 vitta-

165 1642 245 1665 rum
273 1642 404 1666 nomen
432 1635 597 1675 supplicia
622 1634 776 1667 servavit
802 1634 866 1665 Sa·-

164 1682 245 1715 lust.
271 1684 344 1724 lug.
370 1683 425 1716 46.

208 1733 239 1765 9.
277 1733 330 1765 ⁴0.
370 1733 512 1775 matres]
548 1733 664 1765 Liviae
697 1733 800 1774 igitur
830 1735 864 1765 et

164 1782 327 1814 Octaviae
346 1783 380 1814 in
396 1791 434 1814 re
452 1782 568 1814 divina
590 1782 749 1815 facienda
774 1783 866 1816 assi-

164 1833 258 1864 stent
279 1834 419 1864 ceterae
436 1834 619 1865 matronae
641 1832 779 1865 nobiles
795 1833 866 1865 Ro-

164 1891 310 1921 manae,
347 1884 481 1915 matres
511 1891 636 1915 eorum
675 1883 863 1922 iuvenum,

165 1933 223 1974 qui
248 1942 267 1965 e
291 1932 385 1965 bello
409 1932 619 1965 Cantabrico
643 1932 729 1966 salvi
752 1933 867 1966 redie-

163 1984 259 2022 rant,
300 1982 468 2015 mulieres
503 1983 608 2024 igitur
639 1984 754 2015 aetate
794 1983 864 2015 iam

164 2032 236 2064 sere
254 2032 568 2074 quadragenariae.
586 2051 623 2056 —
644 2031 715 2073 Vos]
742 2033 863 2072 «Tum,

164 2090 246 2113 cum
269 2082 425 2123 prodibit
439 2082 535 2114 Livia
559 2083 595 2114 et
617 2082 775 2121 Octavia,
800 2090 865 2114 vos

162 2132 295 2172 parcite
313 2133 404 2164 cet.»
429 2133 504 2164 Iam
527 2132 556 2164 si
571 2132 717 2173 virgines
740 2140 761 2163 a
774 2132 867 2172 puch

164 2182 219 2221 lis,
245 2191 264 2214 a
283 2182 399 2222 pueris
413 2182 546 2214 iuvenes
562 2181 862 2221 discriminamus,

163 2240 273 2272 prope
298 2231 556 2265 inextricabiles
581 2233 776 2264 nascuntur
795 2231 865 2264 dif-

164 2280 354 2319 ficultates,
380 2290 471 2322 quas
494 2281 556 2314 tibi
573 2280 761 2314 solvendas
777 2290 864 2324 pro-

168 2332 301 2371 ponent
339 2331 559 2364 Eichstadius
611 2331 784 2373 imprimis
830 2333 866 2364 et

166 2379 360 2413 Liibkerus.
406 2381 542 2419 Quibus
567 2381 733 2414 omnibus
757 2390 866 2414 accu-

164 2430 238 2461 rate
262 2431 463 2470 pensitatis,
502 2440 596 2463 nunc
619 2430 665 2469 ad
688 2431 865 2473 interpre-

164 2479 331 2511 tationem
369 2480 529 2512 omnium
565 2479 863 2522 simplicissimam

164 2528 290 2566 redeo,
329 2538 372 2560 ex
406 2538 476 2570 qua
506 2531 605 2570 pueri
640 2530 747 2563 iidem
781 2532 864 2563 sunt

164 2579 270 2618 atque
300 2579 447 2618 iuvenes,
480 2580 612 2619 puellae
641 2579 792 2612 eaedem
821 2588 863 2612 ac

162 2628 317 2668 virgines.
344 2629 418 2661 Hoc
442 2629 546 2670 igitur
568 2629 671 2662 dicit:
713 2630 798 2661 «Vos
813 2630 864 2662 iu-

165 2685 257 2709 venes
283 2677 336 2717 (ex
370 2678 488 2711 Latina
522 2679 777 2712 consuetudine
807 2678 863 2711 vel

915 1134 980 1167 illis
1014 1134 1155 1176 nuptae)
1186 1135 1276 1167 male
1305 1135 1462 1166 ominans
1484 1135 1618 1175 parcito

912 1185 1037 1224 verbis,
1063 1184 1160 1225 quod
1179 1183 1327 1226 quidem
1342 1184 1518 1216 monitum
1533 1185 1615 1226 apte

915 1235 976 1267 dat
998 1235 1123 1266 iuniori
1146 1234 1269 1274 aetati,
1301 1233 1346 1266 de
1370 1235 1616 1266 matronarum

915 1285 1077 1317 cautione
1101 1292 1261 1317 securus.
1288 1284 1458 1316 Ceterum
1473 1284 1540 1316 etsi
1555 1292 1618 1316 no-

916 1335 1090 1367 tissimum
1125 1334 1180 1366 est
1211 1342 1311 1366 vocc.
1338 1334 1375 1365 et
1405 1333 1550 1375 virginis
1580 1334 1616 1366 et

908 1384 1042 1425 puellae
1064 1383 1109 1416 de
1133 1391 1261 1416 recens
1285 1382 1404 1424 nuptis
1427 1382 1524 1415 haud
1554 1391 1615 1415 ra-

913 1443 953 1466 ro
984 1434 1165 1475 usurpari,
1202 1433 1308 1466 certis
1336 1434 1457 1465 tamen
1481 1432 1616 1474 aliquot

914 1482 1086 1525 exemplis
1103 1482 1388 1516 confirmandum
1404 1483 1470 1515 est.
1492 1483 1557 1516 Od.
1575 1483 1611 1522 2,

913 1534 951 1571 8,
969 1534 1031 1565 22:
1056 1541 1164 1573 nuper
1181 1533 1330 1574 Virgines
1343 1535 1478 1573 nuptae.
1503 1532 1536 1572 3,
1555 1533 1610 1573 22,

912 1583 952 1615 2:
989 1582 1179 1615 laborantes
1208 1585 1304 1614 utero
1331 1582 1474 1623 puellas.
1514 1582 1610 1624 Virg.

914 1634 974 1665 Ge.
991 1632 1025 1672 4,
1043 1631 1119 1665 458.
1156 1632 1351 1674 Eurydice,
1376 1632 1505 1674 Orphei
1527 1640 1615 1665 con-

913 1683 988 1722 iux,
1035 1682 1204 1714 moritura
1241 1682 1365 1722 puella.
1406 1681 1525 1723 Eur-ip.
1560 1681 1610 1714 El.

913 1731 989 1765 48⁴.
1021 1731 1303 1773 Clytaemnestra
1330 1730 1464 1764 iamdiu
1486 1731 1614 1764 marito

913 1782 1031 1815 occiso
1044 1783 1227 1824 superstes
1237 1782 1386 1814 vocatur
1398 1778 1614 1827 κακόφρων

911 1828 1021 1878 κόρα.
1056 1831 1164 1864 Andr.
1195 1830 1269 1864 440.
1306 1831 1437 1864 chorus
1476 1830 1614 1863 Andro—

913 1882 1066 1914 machen
1110 1880 1266 1923 appellat
1308 1875 1343 1912 ὦ
1378 1878 1615 1913 nundinam

914 1929 1063 1974 νύμφα,
1089 1930 1314 1971 eandemque
1329 1939 1363 1962 v.
1381 1929 1458 1963 489.
1473 1925 1615 1963 Ἰλιάδα

913 1978 1046 2027 κόραν.
1073 1998 1111 2004 ·-
1138 1979 1239 2019 Quod
1262 1979 1308 2012 ad
1329 1989 1365 2012 v,
1390 1980 1559 2020 Sospitam
1576 1989 1611 2013 v.

915 2032 967 2064 ⁴0.
1003 2031 1143 2070 attinet,
1181 2030 1238 2062 hic
1273 2038 1417 2071 quoque
1451 2028 1523 2070 illi,
1553 2031 1614 2072 qui

913 2089 1028 2122 nuper
1050 2080 1119 2112 hoc
1143 2088 1290 2113 carmen
1312 2079 1508 2112 admodum
1525 2088 1614 2122 ope-

915 2138 996 2163 rose
1028 2131 1239 2170 tractarunt,
1276 2129 1422 2166 rat-ionis
1452 2129 1614 2171 poeticae

914 2180 1023 2221 ignari
1047 2179 1206 2219 fuerunt,
1232 2188 1316 2212 cum
1337 2179 1512 2219 sospitibus
1532 2179 1611 2221 ipsi,

913 2239 984 2262 non
1012 2230 1194 2269 Horatius,
1228 2230 1450 2271 opponerent
1477 2229 1610 2261 occisos.

914 2280 977 2312 Hic
1001 2280 1097 2312 enim
1120 2288 1186 2312 suo
1202 2279 1278 2311 iure
1301 2280 1486 2320 tamquam
1507 2279 1612 2320 poeta

913 2331 1027 2362 totum
1051 2330 1245 2362 exercitum
1266 2329 1442 2370 «Augusto
1457 2328 1611 2360 victore»

912 2380 1066 2420 sospitem
1100 2379 1237 2412 redisse
1271 2378 1357 2411 dicit
1389 2378 1487 2410 omni
1519 2376 1613 2410 malo

913 2430 1050 2469 omine,
1091 2428 1195 2471 quale
1229 2427 1313 2461 illud
1347 2436 1432 2461 sane
1471 2427 1610 2466 fuisset,

914 2480 1002 2512 scite
1026 2479 1191 2512 devitato.

958 2530 1010 2562 Η.
1029 2530 1117 2562 male
1131 2529 1287 2562 ominans
1296 2529 1332 2561 P.
1345 2527 1392 2569 v.]
1408 2522 1615 2569 «εὐφημεῖ-

913 2588 987 2611 ze.»
1021 2579 1083 2612 Od.
1099 2579 1131 2618 3,
1147 2579 1179 2619 l,
1192 2578 1224 2611 2.
1239 2578 1367 2611 Accius
1385 2577 1421 2609 in
1433 2577 1612 2609 Oenomao

913 2629 1035 2670 (Bothe
1052 2629 1147 2660 Poet.
1167 2636 1264 2661 scen.
1288 2636 1325 2669 p.
1351 2626 1461 2667 226.):
1490 2626 1551 2658 Vos
1570 2625 1615 2657 ite

912 2681 1060 2711 actutum
1090 2681 1189 2718 atque
1218 2685 1316 2718 opere
1347 2684 1472 2718 maqno
1499 2674 1613 2708 edicite
