1722 2904
166 52 248 95 618

391 157 631 202 Praebente
663 158 799 202 divos.

860 159 965 202 Nam
994 159 1088 209 tibi,
1121 172 1208 216 quo
1239 158 1309 202 die

448 241 601 283 Portus
633 239 904 283 Alexandrea
933 239 1117 297 supplex

683 54 855 88 HORATll
881 55 1107 89 CARMINUM

1561 241 1615 283 35

506 322 556 364 Et
585 334 769 364 vacuam
798 321 998 378 patefecit
1026 320 1190 370 aulam,
1230 383 1241 388 γ’

391 429 577 470 Fortuna
606 426 740 470 lustro
770 440 980 484 prospera
1009 427 1132 470 tertio

389 508 494 552 Belli
527 508 743 552 secundos
773 507 962 551 reddidit
989 508 1151 558 exitus,

444 590 726 647 Laudemque
759 596 802 632 et
832 595 1027 646 optatum
1056 590 1242 647 peractis

505 670 699 728 Imperiis
730 669 866 714 decus
899 671 1124 728 arrogavit.

1561 671 1615 714 40

392 778 448 820 Te
480 776 692 820 Cantaber
721 791 807 820 non
837 783 934 820 ante
965 776 1195 820 domabilis

251 922 304 955 35.
330 922 539 954 Alexandria
561 921 649 961 S‚C,
676 922 857 954 alexandri
883 922 956 963 (sic)
974 922 1010 954 T.
1037 921 1266 964 (Alexandrea
1288 931 1468 965 superscr.
1493 922 1588 970 ib.)
1623 964 1626 966 .

164 1046 305 1078 vabant.
359 1047 448 1078 Hine
484 1047 601 1078 ductus
638 1048 674 1079 et
711 1047 863 1087 auspicia

163 1096 423 1137 distinguuntur
447 1105 467 1128 a
490 1097 610 1128 Tacito
625 1098 716 1129 Ann.
735 1098 775 1136 2,
805 1097 860 1130 44.

166 1147 265 1187 (Ann.
298 1146 335 1185 3,
369 1145 427 1178 47:
482 1146 628 1178 Tiberias
650 1164 670 1169 -
692 1164 712 1170 -
733 1147 864 1179 senatui

162 1196 294 1236 scripsit
317 1213 335 1218 -
359 1214 379 1219 -
399 1196 463 1237 fide
497 1205 538 1227 ac
570 1196 693 1228 virtute
725 1197 861 1238 Ζαραῖος,

161 1255 195 1277 se
222 1246 422 1278 consiliis
442 1245 670 1287 superfuisse.)
716 1247 861 1279 Sueton.

165 1297 287 1328 Octav.
309 1296 346 1328 2⁴
364 1305 371 1327 ε
411 1296 549 1328 Domuic
568 1297 730 1336 -partim
750 1297 861 1337 ductu,

156 1347 287 1386 partim
317 1346 476 1386 auspiciis
503 1346 572 1377 suis
586 1365 607 1371 -
620 1363 640 1369 -
654 1346 808 1377 Raetiam
835 1348 866 1377 et

167 1395 345 1427 Vindelicos
367 1404 408 1427 ac
434 1395 597 1427 Salassos.
635 1395 733 1427 ovid.
759 1396 861 1428 Trist.

161 1445 200 1483 2,
228 1445 311 1476 474:
340 1444 513 1485 (Victoria)
540 1444 786 1485 Ausoniumque
801 1445 865 1476 du-

161 1503 232 1526 cem
269 1494 372 1526 solitis
409 1495 621 1527 circumvolet
659 1495 723 1526 alis
736 1513 755 1518 —
770 1495 866 1526 —Per

162 1553 258 1583 quem
282 1544 366 1575 bella
387 1545 488 1585 yeris,
513 1545 608 1576 cuius
622 1553 710 1576 nanc
725 1554 866 1585 corpore

157 1603 310 1635 puynas;
345 1594 537 1634 Auspicium
567 1595 622 1627 cui
645 1596 706 1627 das
736 1596 865 1636 ,orande

161 1644 301 1683 deosque
323 1647 406 1675 tuos.
428 1663 464 1667 —
483 1653 548 1684 quo
571 1645 633 1686 die]
660 1645 768 1683 «Quia
784 1646 864 1686 post

161 1693 366 1733 quindecim
401 1702 513 1726 annos
542 1702 651 1735 quam
685 1695 864 1734 Augustus

160 1742 409 1775 Alexandriam
439 1744 533 1785 cepit
563 1744 605 1784 (a.
638 1753 672 1775 u.
700 1753 731 1776 c.
758 1743 861 1784 724.)‚

161 1792 322 1825 Tiberius
347 1793 476 1825 devicit
499 1793 736 1826 Vindelicos.»
764 1794 806 1834 (a.
824 1802 860 1825 u.

161 1851 192 1874 c.
213 1842 300 1882 739.)
338 1844 454 1874 Aenos
488 1844 621 1876 NANNu.
660 1861 697 1867 --
732 1842 860 1884 Portus]

162 1891 232 1924 Cfr.
274 1892 400 1924 Strabo
440 1893 498 1931 47,
539 1893 571 1925 6.
612 1893 668 1925 VI.
707 1901 743 1934 p.
784 1892 860 1926 493.

162 1941 284 1973 Tzsch.
326 1941 576 1975 Alexandriam
621 1944 743 1975 autem
773 1942 809 1975 h.
837 1941 859 1974 1.

161 1999 226 2031 per
257 1991 575 2036 προσωποποιΐαν
605 1992 699 2033 linge
731 1991 794 2024 tibi
817 1991 862 2024 fi-

161 2049 245 2081 gura
271 2040 453 2081 muliebri,
491 2042 797 2083 quemadmodum
826 2042 860 2074 in

161 2091 316 2123 nummis
339 2090 448 2123 urbes
476 2091 591 2123 solent
619 2092 786 2133 exprimi,
823 2092 862 2123 ut

160 2139 256 2180 apud
294 2140 428 2172 Rascbe
467 2141 549 2172 Lex.
587 2149 684 2172 num.
721 2141 746 2172 I.
778 2148 857 2181 pag.

161 2188 237 2220 349.
276 2190 330 2221 est
353 2188 566 2221 Alexandria
605 2190 697 2231 ipsa,
734 2188 862 2221 mulier

159 2238 280 2276 stans,
328 2240 428 2270 veste
468 2240 673 2278 succincta,
720 2240 860 2271 exserta

159 2286 283 2319 dextra
307 2295 483 2326 mamma,
520 2289 635 2329 capite
662 2287 862 2329 elephanti-

161 2346 242 2369 nam
259 2336 398 2377 galeam
415 2346 543 2378 gerens
555 2363 562 2376 ,
580 2339 614 2370 in
627 2337 695 2370 alio
713 2346 861 2370 nummo

160 2386 322 2418 eiusdem
356 2386 454 2418 urbis
490 2386 574 2419 ibid.
599 2396 679 2429 pag.
705 2387 780 2419 323.
807 2388 863 2420 est

161 2435 288 2468 mulier
312 2436 409 2468 humi
434 2436 615 2469 desidens.
643 2455 681 2460 —
706 2438 770 2469 Vv.
797 2445 862 2477 qao

159 2487 211 2517 die
243 2487 361 2518 Portus
390 2488 458 2518 cet.
496 2495 565 2518 non
612 2487 716 2519 nimis
753 2495 862 2518 accu-

161 2537 235 2567 rate
271 2535 315 2567 de
350 2544 421 2567 uno
447 2536 647 2577 eodemque
681 2537 737 2568 die
766 2537 863 2568 acci-

161 2584 287 2625 pienda
311 2585 492 2623 videntum
523 2586 684 2618 sed'est:
712 2586 861 2619 «eodem

161 2644 271 2676 prope
289 2635 450 2676 tempore
463 2637 706 2668 recurrente.»
729 2635 860 2674 Quodsi

916 1055 956 1078 re
979 1055 1065 1079 vera
1097 1046 1193 1080 idem
1222 1046 1286 1080 fuit
1312 1046 1407 1087 dies,
1442 1048 1498 1081 est
1524 1048 1615 1080 teste

914 1095 1124 1129 Kalendario
1146 1097 1342 1137 Antiatino,
1369 1096 1504 1130 Claudii
1528 1098 1617 1130 tem-

913 1154 1019 1187 pore,
1046 1147 1084 1178 ut
1105 1145 1266 1185 videtur,
1297 1145 1460 1179 confecto
1484 1147 1613 1188 (Inscr.

913 1203 962 1227 m.
997 1196 1070 1228 Lat.
1103 1196 1144 1228 11.
1170 1204 1206 1237 p.
1231 1195 1322 1237 397.)
1356 1197 1393 1228 et
1423 1196 1547 1229 Oresio
1575 1196 1613 1236 6,

915 1245 968 1277 49.
995 1244 1068 1277 Kal.
1094 1244 1228 1285 sextil,
1252 1246 1292 1278 ut
1313 1244 1370 1278 alii
1392 1245 1510 1279 minus
1530 1253 1617 1287 pro-

913 1294 1078 1327 babiliter
1090 1295 1250 1335 tradunt,
1275 1304 1320 1327 iv.
1338 1293 1412 1327 Kal.
1431 1296 1527 1337 Sept.
1547 1295 1613 1336 (29.

914 1353 964 1376 m.
988 1344 1160 1386 Augusti.)
1192 1344 1263 1379 Cir.
1293 1345 1428 1377 Franke
1457 1345 1550 1378 Fasti
1576 1352 1614 1386 p.

914 1394 990 1427 2⁴4.
1015 1396 1134 1436 Longe
1158 1393 1259 1427 aliter
1280 1394 1376 1427 hunc
1397 1393 1519 1427 locum
1534 1395 1618 1437 Sca-

913 1443 1002 1485 liger
1024 1444 1069 1476 de
1093 1444 1242 1477 Emend.
1266 1445 1378 1486 temp.
1407 1444 1449 1476 V.
1475 1453 1511 1486 p.
1535 1443 1612 1478 453.

914 1494 1183 1535 interpretatur:
1199 1494 1284 1527 «Hic
1299 1494 1489 1535 imperium
1499 1494 1616 1535 Augu-

916 1545 959 1577 sti
982 1544 1120 1576 orditur
1142 1553 1162 1576 a
1187 1543 1299 1577 caede
1323 1544 1497 1583 Caesaris,
1521 1551 1615 1576 anno

914 1594 1075 1627 secundo
1110 1594 1256 1627 Iuliano.
1308 1595 1432 1636 Itaque
1469 1593 1614 1627 tertium

914 1643 1065 1676 lustrum
1080 1643 1302 1684 absolutum,
1328 1644 1365 1676 id
1381 1645 1452 1683 est,
1470 1643 1614 1684 quintus

914 1693 1076 1726 decimus
1110 1702 1224 1727 annus
1253 1702 1273 1726 a
1304 1693 1415 1727 caede
1451 1692 1614 1726 Caesaris

914 1752 1027 1776 annus
1051 1744 1217 1785 receptae
1251 1742 1504 1781 Alexandriae,
1543 1742 1615 1774 hoc

914 1795 985 1832 est,
1026 1801 1140 1826 annus
1173 1793 1260 1825 XVI.
1293 1791 1458 1825 lulianus.
1505 1791 1613 1824 Recte

912 1843 1016 1885 igitur
1038 1843 1202 1875 Horatius
1222 1841 1380 1875 definivit
1393 1843 1535 1883 tempus
1550 1841 1616 1874 im—

912 1893 1001 1935 perii
1031 1892 1179 1933 Augusti
1209 1891 1256 1924 ad
1283 1892 1468 1933 receptam
1496 1899 1612 1932 usque

912 1941 1182 1981 Alexandriam,
1228 1949 1403 1974 annorum
1431 1940 1515 1973 xv:
1533 1939 1615 1973 soli-

912 1991 1074 2024 dorum.»
1125 1990 1259 2023 Verum
1291 1990 1343 2022 sic
1375 1989 1470 2024 nulla
1501 1990 1615 2023 inter-

912 2041 1008 2074 cedit
1037 2041 1126 2073 ratio
1155 2040 1248 2072 inter
1273 2039 1525 2073 Alexandriam
1551 2048 1614 2072 ca—

911 2092 1009 2133 ptam
1041 2091 1077 2123 et
1105 2088 1306 2122 Vindelicos
1336 2088 1544 2122 debellatos.
1570 2106 1610 2113 -·

910 2148 1054 2173 vacuam
1069 2156 1088 2163 -
1104 2138 1234 2178 aulamJ
1261 2138 1433 2171 Antonius
1456 2138 1553 2171 enim
1575 2139 1613 2171 et

913 2189 1119 2231 Cleopatra,
1152 2196 1235 2220 cum
1258 2195 1298 2220 se
1328 2187 1364 2220 in
1393 2185 1611 2221 Mausoleum

910 2239 1148 2280 recepissent,
1175 2246 1258 2270 mox
1278 2238 1432 2269 mortem
1447 2235 1515 2270 sibi
1530 2245 1614 2269 con-

911 2288 1102 2321 sciverunt.
1123 2305 1161 2310 —
1177 2285 1333 2328 reddidit]
1353 2294 1496 2319 «rursus
1510 2293 1614 2327 prae·

910 2338 1020 2371 buit.»
1047 2355 1085 2360 —-
1104 2336 1253 2377 peractis
1269 2335 1432 2376 Imperiis]
1457 2333 1612 2368 ubellicis

912 2385 1198 2429 expeditionibus
1222 2387 1258 2418 et
1290 2385 1360 2417 tuis
1393 2384 1546 2426 propriis
1575 2386 1613 2417 et

911 2437 1043 2469 ducum
1066 2437 1208 2468 tuorum
1232 2437 1294 2468 tuo
1317 2433 1463 2467 consilio
1485 2433 1534 2466 ad
1557 2433 1612 2466 fe—

910 2486 1119 2520 licissimum
1136 2486 1269 2518 exitum
1291 2484 1510 2527 perductis.»
1539 2484 1613 2516 Μο-

911 2537 1067 2569 nendum
1084 2537 1153 2568 hoc
1170 2536 1248 2568 erat
1270 2535 1416 2577 propter
1431 2542 1532 2573 eum,
1549 2533 1611 2574 qui

913 2595 1028 2628 nuper
1043 2586 1131 2618 mire
1148 2585 1400 2626 interpretatus
1415 2584 1485 2616 est:
1508 2591 1611 2625 «per-

912 2637 1007 2677 igere
1038 2634 1191 2676 (soloece
1216 2643 1280 2676 pro
1298 2632 1475 2675 peremere)
1499 2633 1611 2674 impe-
