1722 2904
597 65 678 98 Lm.
702 65 759 98 lv.
805 66 845 98 C.
868 65 925 98 VI.

247 168 392 213 Rebus
418 170 591 212 Aeneae
619 167 785 225 potiore
814 167 967 212 ductos

359 249 469 292 Alite
498 262 658 292 muros.

247 356 407 399 Doctor
434 361 609 411 argutae
638 353 792 398 fidicen
827 353 1018 402 Thaliae,

248 434 442 485 Phoebe,
473 434 547 492 qui
574 433 741 477 Xantho
769 433 876 477 lavis
905 447 1029 478 amne
1058 433 1215 483 crines,

248 515 441 576 Dauniae
469 514 654 558 defende
682 514 818 558 decus
846 514 1080 564 Camenae,

360 595 486 639 Levis
515 595 694 654 Agyieu.

167 732 222 764 25.
253 733 383 764 Ductor
410 737 488 773 κψ,
520 734 592 765 tres
616 733 715 764 Torr.
744 748 779 756 --
821 732 967 773 Argivae
988 733 1028 772 S,
1055 733 1090 765 in
1111 741 1183 775 mg.
1207 742 1274 776 pro
1296 743 1372 767 var.
1398 734 1477 768 lect.

121 779 184 824 βγ,
209 781 244 813 F.
273 798 309 804 —
334 781 388 813 28.
410 781 538 822 Aqyleu
559 780 583 812 b
607 782 643 812 et
666 779 794 819 Aldus,
818 780 935 822 Aqileu
956 781 1019 820 Td,
1043 781 1185 823 Ayylleu
1207 782 1246 815 C.

81 899 118 930 in
146 898 262 931 Pison.
288 897 371 930 ⁴56:
409 898 455 929 Et
486 901 517 929 te
548 897 701 930 credibile
732 900 780 928 est

80 946 204 980 Plioebo
225 947 375 979 didicisse
395 947 568 987 mayn’stro.
616 946 779 978 Pseudo-

81 995 144 1029 tib.
169 995 207 1035 4,
242 996 281 1035 4,
317 995 511 1036 478ῑ1ρεο
540 996 621 1027 mihi
652 1005 720 1027 non
749 996 779 1027 si

77 1044 288 1086 praescr-ibat
307 1045 463 1077 eamina
481 1044 636 1077 Phoebus.
658 1063 695 1068 —
720 1054 779 1077 ar-

79 1093 192 1136 quatae]
209 1095 582 1133 «canorae,'sonorae,
600 1092 775 1137 λιγείας»,

82 1142 179 1185 quod
211 1141 389 1176 ἐπίθετον
415 1143 525 1175 Musis
552 1142 674 1175 tribuit
706 1144 777 1175 iam

80 1190 227 1224 Alcman
248 1192 387 1233 Fragm.
412 1192 443 1224 4.
469 1191 617 1224 ductum
640 1201 683 1224 ex
705 1193 778 1224 Ho-

81 1241 216 1274 merico
243 1240 301 1273 illo
327 1241 456 1282 Odyss.
488 1252 536 1280 ω,
568 1242 633 1274 62:
669 1245 778 1274 τοῖον

80 1287 156 1336 γὰρ
188 1286 363 1336 ὑπώρορε
390 1287 525 1332 μοῦσα
554 1286 696 1333 (ἀοιδὴ)
719 1289 777 1323 λί-

81 1349 179 1383 γεια.
210 1338 328 1372 Altera
350 1338 455 1372 lectio
469 1340 616 1381 Aryieae
635 1341 777 1373 inventa

80 1388 220 1422 videnu-
251 1388 298 1421 ab
330 1389 390 1428 iis,
425 1390 486 1431 qui
519 1398 602 1422 cum
635 1393 778 1431 arqutae

80 1438 127 1470 ad
155 1446 285 1470 vocem
317 1438 444 1470 referri
472 1439 675 1480 ignorantes
706 1440 777 1471 hoc

80 1495 160 1520 voc.
190 1487 443 1529 significatione
471 1487 540 1521 sibi
562 1490 645 1520 nota
669 1488 778 1521 «sub-

81 1536 169 1570 tilis»
191 1536 250 1570 vel
273 1537 434 1570 «vafrae»
457 1538 576 1571 minus
599 1538 775 1579 quadrare

79 1585 261 1625 viderent,
283 1587 406 1628 aptam
420 1588 679 1628 oppositionem
701 1587 775 1620 fore

80 1635 250 1668 rebantur
282 1635 328 1667 ad
353 1644 389 1667 v.
418 1637 577 1668 Dauniae
598 1637 773 1669 Camenae.

81 1685 152 1718 Sed
172 1685 263 1717 haec
288 1685 366 1726 ipsa
388 1680 583 1726 ἀντίθεσις
604 1687 640 1718 in
663 1687 777 1718 Hora-

80 1735 129 1768 tio
149 1734 187 1766 h.
210 1733 234 1766 l.
258 1734 376 1767 minus
397 1734 530 1776 placet,
563 1736 630 1767 etsi
652 1735 715 1767 Od.
740 1736 773 1774 Ξ,

81 1784 142 1823 46,
177 1783 232 1815 38.
279 1783 446 1823 Spe-itum
478 1785 605 1816 Graiae
648 1787 777 1816 tenuem

81 1832 245 1865 Camenae
277 1831 344 1864 sibi
377 1832 516 1872 tribuit,
553 1832 687 1865 collatis
710 1832 774 1864 Od.

80 1881 120 1920 3,
145 1881 202 1920 30,
227 1881 280 1913 43.
320 1881 383 1913 Od.
409 1881 447 1921 4,
474 1882 513 1921 3,
536 1882 591 1914 23.
627 1883 716 1923 Epp.
743 1883 774 1921 4,

81 1931 139 1969 49,
156 1926 212 1962 32.
234 1930 380 1971 Aryivae
401 1931 468 1963 etsi
482 1931 661 1972 probabat
674 1932 778 1963 Bent-

16 2014 17 2017 ,
82 1977 191 2018 laius,
215 1979 336 2011 tamen
358 1979 467 2012 edere
487 1989 560 2012 non
580 1981 635 2012 est
654 1988 773 2012 ausus.

123 2027 179 2060 26-
210 2028 341 2060 Xantho
355 2046 375 2052 -
390 2029 505 2070 amne]
529 2030 606 2061 Non
628 2028 674 2060 de
695 2030 777 2060 Sca-

79 2076 241 2116 mandm,
258 2077 404 2110 'rtoadis
415 2077 536 2117 fluvio,
550 2077 616 2110 sed
628 2077 673 2110 de
686 2078 778 2110 eius-

80 2125 166 2158 dem
179 2126 332 2159 nomiuis
343 2126 451 2158 fluvio
462 2127 590 2167 Lyciae
603 2127 777 2168 accipien-

31 2206 35 2209 .
80 2174 168 2207 dum
181 2177 329 2216 propter
343 2177 521 2215 Pataram,
544 2176 650 2208 huius
664 2176 778 2217 regio-

42 2218 48 2222 ’
80 2225 136 2257 nis
151 2224 291 2257 urbem.
331 2226 547 2257 Memoratur
568 2224 624 2257 ille
647 2226 775 2266 Lyciae

81 2273 117 2306 fl.
141 2273 180 2306 ll.
201 2272 240 2313 β.
261 2274 337 2306 877.
365 2292 401 2297 —
429 2274 546 2305 lavis-
561 2275 687 2315 crines]
710 2274 773 2306 Od.

80 2322 121 2362 3,
148 2321 189 2362 4,
212 2322 250 2354 64
269 2331 278 2353 :
316 2323 380 2362 Qui
401 2331 480 2355 rore
496 2332 587 2362 puro
610 2323 778 2355 Castaliae

79 2371 163 2403 lavit
183 2371 297 2404 Crines
316 2371 447 2404 solutos.
492 2373 646 2404 Fuerunt
670 2373 777 2404 scho-

80 2421 190 2454 lastici
218 2421 453 2462 Interpretes,
488 2422 549 2462 qui
571 2421 661 2453 haec
684 2423 778 2454 tam-

81 2478 189 2510 quam
238 2478 504 2511 supervacanea
549 2479 591 2502 ac
627 2469 777 2502 molesta

80 2518 395 2560 reprehenderent.
422 2519 559 2560 Optime
582 2519 778 2560 respondet

0 2564 11 2577 ⁸
81 2567 191 2600 Lebrs
211 2568 264 2600 die
277 2568 386 2600 Hor-en
411 2576 445 2609 p.
464 2568 524 2599 ⁴7:
552 2568 617 2600 «Es
638 2569 680 2600 ist
700 2569 777 2601 kein

81 2616 182 2648 leeres
197 2617 308 2656 Wort,
332 2625 428 2649 wenn
450 2617 536 2650 nach
551 2617 778 2650 Griechischer

826 897 891 929 Art
911 898 1026 929 Hora-z
1048 898 1189 930 anhebt:
1225 899 1428 940 Phoebus,
1454 902 1525 934 der

828 947 880 978 du
902 947 957 978 im
970 947 1292 989 Xanthusflusse
1307 950 1398 982 dein
1410 952 1524 984 Haar

827 995 987 1028 badest.
1036 996 1196 1029 Vielmehr
1216 1006 1251 1029 es
1271 998 1314 1030 ist
1335 999 1409 1032 dom
1424 1000 1523 1033 Grio-

826 1045 907 1076 chen
932 1044 1062 1076 iiber-all
1085 1045 1280 1087 Bedilrfioiss
1299 1048 1387 1080 aeine
1408 1049 1525 1081 Goum-

825 1094 862 1125 in
883 1094 1001 1135 iryend
1021 1094 1113 1126 einer
1132 1094 1316 1128 hen-lichen
1337 1097 1418 1129 oder
1433 1098 1525 1130 sche-

825 1152 890 1174 nen
920 1143 990 1175 und
1023 1144 1237 1185 anmutliiqen
1257 1145 1425 1179 Simalion
1456 1148 1524 1180 ⁸601·

824 1201 870 1224 zu
890 1193 1251 1234 veryeqenwwtiyena

869 1242 924 1274 27.
949 1242 1004 1273 28.
1028 1242 1203 1284 Dauniae]
1228 1244 1444 1284 «Latinae»,
1474 1244 1522 1277 ab

826 1291 971 1331 antiquo
993 1289 1139 1332 Apuliae
1162 1293 1317 1325 nomine.
1345 1294 1458 1333 «Fac,
1483 1295 1525 1326 ut

827 1341 981 1373 Carmen
996 1349 1118 1372 meum
1140 1340 1302 1374 seculare
1325 1342 1451 1375 honori
1473 1345 1526 1375 at-

827 1398 897 1431 que
918 1391 1128 1432 ornamento
1151 1391 1197 1422 sit
1221 1392 1322 1432 poesi
1344 1393 1522 1425 Latinae.»

829 1457 866 1462 —-
890 1439 1002 1479 Levis]
1026 1438 1236 1479 «imberbis,
1269 1442 1443 1482 perpetuo
1467 1443 1523 1474 iu-

825 1488 960 1520 venis.»
1002 1487 1137 1521 Gallim.
1163 1489 1292 1530 Hymn.
1316 1490 1428 1531 Apoll.
1454 1487 1545 1523 36:'

826 1537 901 1569 Καί
923 1546 989 1569 κεν
1011 1533 1072 1569 ἀεὶ
1094 1535 1213 1578 καλὸς
1243 1538 1307 1570 καὶ
1341 1535 1403 1571 ἀεὶ
1435 1540 1524 1580 νέος

827 1582 876 1619 οὔ
916 1596 1009 1618 ποτε
1049 1586 1194 1626 Φοίβου
1229 1587 1408 1630 Θηλείαις
1441 1586 1521 1622 οὐδ’

826 1631 951 1668 ὅσσον
983 1636 1045 1668 ἐπὶ
1075 1634 1194 1677 χνόος
1214 1631 1311 1679 ἦλθε
1333 1641 1519 1684 παρειαῖς.

826 1685 925 1718 Falso
959 1694 1137 1718 nonnemo
1171 1695 1286 1727 nuper
1307 1689 1524 1731 asseveravit

825 1737 1002 1767 Acronem
1026 1736 1061 1766 et
1084 1735 1364 1776 Porphyrionem
1391 1736 1520 1778 legisse

825 1784 922 1823 lenis,
960 1785 1067 1824 atque
1091 1784 1314 1824 aptissimum
1337 1785 1423 1817 dixit
1444 1787 1521 1827 epi-

827 1833 949 1864 theton
964 1832 999 1863 h.
1016 1831 1039 1863 1.
1057 1833 1203 1864 minime
1219 1841 1305 1865 sane
1321 1842 1521 1875 congruens

825 1881 882 1913 vel
905 1883 1052 1922 propter
1074 1882 1240 1913 carminis
1263 1883 1417 1922 initium;
1456 1892 1522 1916 ve-

824 1939 906 1962 rum
928 1931 964 1962 in
986 1931 1170 1971 utriusque
1187 1931 1252 1962 Ed.
1270 1932 1404 1964 Veneta
1421 1932 1518 1965 4484.

824 1981 924 2012 recte
956 1980 1012 2012 est
1042 1979 1142 2017 levis;
1178 1980 1214 2011 in
1236 1981 1375 2012 Acrone
1397 1982 1520 2022 utique

824 2029 888 2061 Ed.
913 2027 1016 2061 Basil.
1039 2028 1135 2060 4580.
1163 2030 1239 2060 est:
1270 2030 1366 2061 Lenis
1387 2030 1423 2061 in
1444 2039 1523 2062 ver—

825 2078 892 2117 bis,
911 2078 1076 2118 corrupte
1092 2085 1157 2118 pro
1172 2077 1278 2117 Levis,
1302 2079 1464 2110 imberbis.
1482 2098 1518 2102 —

823 2126 969 2168 Aqyieu]
1003 2125 1158 2158 Macrob.
1184 2127 1255 2158 Sat.
1282 2128 1319 2166 4,
1344 2128 1387 2159 9;
1425 2128 1523 2167 Apud

826 2177 971 2208 Graecos
983 2175 1099 2215 Apollo
1121 2175 1260 2215 colitur,
1286 2177 1343 2216 qui
1359 2176 1521 2223 θυραῖος

824 2227 982 2263 vocatur,
1021 2225 1155 2264 eiusque
1191 2233 1274 2256 aras
1316 2229 1394 2258 ante
1434 2227 1523 2267 fores

826 2283 906 2306 suas
927 2273 1110 2313 celebrant,
1144 2274 1255 2314 ipsum
1281 2275 1392 2307 &vitm
1413 2279 1445 2307 et
1465 2276 1521 2307 in-

826 2323 945 2354 troitus
959 2323 1219 2355 demonstrantes
1226 2327 1412 2364 potentem;
1436 2325 1522 2356 idem

825 2372 940 2412 Apollo
974 2373 1066 2412 apud
1091 2372 1165 2404 illos
1191 2376 1224 2405 et
1249 2369 1404 2416 ἅγυιεὺς
1432 2383 1523 2406 mm-

826 2424 994 2461 cupatur,
1030 2422 1127 2461 quasi
1146 2422 1210 2453 viis
1225 2423 1439 2463 praepositus
1458 2432 1522 2454 m·-

827 2470 932 2502 banis.
978 2469 1049 2502 Cfr.
1075 2470 1189 2503 Schol.
1214 2470 1300 2503 Plat.
1324 2481 1360 2513 p.
1385 2471 1461 2504 944.
1479 2472 1518 2504 Β.

826 2519 890 2552 Ed.
931 2520 1084 2551 nostrae.
1137 2519 1259 2561 Apollo
1297 2521 1451 2562 Agyieus
1486 2521 1522 2552 in

827 2569 981 2601 nummis
1003 2568 1272 2602 Ambraciorum
1296 2572 1349 2602 est
1372 2570 1407 2602 in
1433 2568 1523 2603 uul-

828 2617 880 2650 ler
902 2618 1040 2650 Denkm.
1067 2619 1091 2650 i.
1117 2619 1156 2650 N.
1182 2619 1214 2650 Ξ.
