1722 2904
168 63 249 105 622

394 170 555 225 Fruges
586 174 627 210 et
657 168 770 225 agris
800 167 958 211 rettulit
987 167 1147 210 uberes

678 63 850 97 HORATH
874 63 1100 99 CARMINUM

1590 167 1615 208 Ue

396 250 443 291 Et
474 249 595 306 signa
626 256 772 291 nostro
804 248 988 292 restituit
1018 249 1107 291 Iovi

452 331 636 387 Derepta
669 329 924 372 Parthorum
955 328 1156 386 superbis

509 410 707 453 Postibus
739 417 780 453 et
810 423 994 453 vacuum
1024 408 1178 453 duellis

396 518 541 558 lanum
573 515 737 567 Quirini
769 514 921 558 clausit
951 521 994 558 et
1022 515 1219 559 ordinem

395 599 572 641 Rectum
602 596 798 653 evaganti
828 596 949 639 frena
978 596 1176 640 licentiae

1566 595 1618 638 ’10

454 678 601 721 lniecit
631 677 878 735 emovitque
909 677 1059 735 culpas

257 824 287 856 7.
313 823 456 862 Direpta
479 830 604 853 omnes
629 821 700 852 mei
724 822 761 852 et
784 822 960 860 Pottierii,
998 822 1083 854 item
1107 821 1204 854 Iahn.
1246 822 1299 863 (Ut
1321 830 1404 861 nos,
1432 821 1577 863 Cruquii

213 873 310 914 duo.)
341 890 369 896 -
402 873 434 903 9.
459 872 580 903 Ianum
605 871 782 911 Quirinum
812 880 855 903 ex
876 872 1065 904 Passeratii
1096 872 1132 903 et
1160 871 1186 903 1.
1213 871 1267 903 Fr.
1293 870 1459 903 Gronovii
1482 870 1574 903 coni.

214 923 249 954 F.
287 921 434 963 (Quirini
459 929 583 953 omnes
622 921 752 959 nostri,
792 920 956 961 Bentleii,
997 919 1177 961 Pottierii.)
1219 937 1258 944 —-
1301 920 1399 952 clusit
1431 919 1518 952 cod.
1554 930 1578 963 y

213 971 470 1011 Vanderburgii
507 971 723 1012 (nostrorum
762 969 902 1011 nullus).
939 988 976 994 —
1018 971 1071 1003 40.
1110 973 1140 1003 et
1160 970 1301 1012 vaganti
1323 970 1478 1003 Pottierii
1500 968 1579 1012 ple—

213 1022 326 1062 rique.
358 1040 392 1043 —
420 1022 474 1052 Μ,
501 1020 702 1059 dimovitque
725 1021 761 1052 T.

212 1154 286 1186 5-8.
310 1153 436 1185 rettulit
451 1152 575 1192 uberes]
594 1150 648 1184 vel
665 1152 866 1193 propterea,

169 1203 265 1245 quod
288 1203 360 1243 agri
388 1211 454 1244 per
475 1201 568 1234 bella
592 1200 704 1233 civilia
741 1200 868 1233 vastati

167 1262 256 1295 pace
288 1252 448 1284 restituta
484 1251 603 1283 denuo
647 1250 866 1283 colebantur.

168 1303 232 1335 Od.
265 1302 303 1341 4,
340 1303 380 1342 5,
418 1301 476 1334 48:
516 1302 632 1333 Nutrit
660 1310 747 1333 rura
775 1301 870 1333 Ceres

167 1352 324 1391 almaque
356 1351 535 1383 Faustitas.
590 1350 659 1383 Cir.
696 1350 869 1392 imprimis

167 1400 289 1433 Vellei.
316 1401 356 1440 Ξ,
385 1401 446 1433 89;
486 1400 594 1432 Rediit
624 1401 732 1432 cultus
753 1400 868 1441 agris,

167 1452 274 1483 sacris
309 1451 430 1490 honos,
469 1451 631 1483 securitas
662 1450 868 1490 hominibus,

167 1503 261 1532 certa
275 1501 394 1540 cuique
412 1509 528 1531 rerum
550 1509 691 1532 suarum
708 1500 870 1540 possessio

169 1552 236 1582 cet.
274 1568 310 1573 ——-
342 1551 596 1590 nostro-Iovi]
634 1551 795 1591 Propert.
829 1549 868 1589 3,

170 1601 228 1639 Η,
259 1599 318 1632 44ῑ
358 1599 566 1641 (Cleopatra)
595 1599 686 1632 Ausa
707 1599 778 1631 Iovi
808 1609 872 1632 ηυ-

167 1652 236 1681 stro
263 1649 442 1681 latrantem
465 1658 629 1689 opponere
650 1649 803 1681 Anubim.
831 1667 868 1672 —

167 1698 326 1739 Derepta]
367 1707 515 1739 “magno
555 1707 638 1731 eum
676 1699 793 1731 studio
829 1707 871 1730 ac

168 1747 298 1780 laetitia
328 1747 521 1780 detracta.»
562 1747 664 1780 Silius
697 1748 754 1788 40,
781 1748 869 1780 599:

167 1798 230 1838 ite,
266 1798 357 1829 ocius
378 1807 478 1830 arma
505 1798 672 1838 Deripite,
709 1807 728 1830 ο
746 1798 869 1839 pubes,

169 1848 307 1888 templis.
354 1848 603 1880 Necessarium
632 1857 712 1881 esse
737 1849 873 1888 derepta

169 1897 255 1929 vidit
286 1897 357 1929 iam
397 1898 537 1929 Cortius
576 1897 622 1929 ad
658 1898 790 1930 Lucan.
831 1898 869 1937 4,

169 1946 252 1978 239:
278 1947 429 1978 iuventus
451 1947 609 1987 Deripuit
623 1947 731 1979 sacris
752 1947 872 1988 adfixa

164 1996 341 2036 penatibus
362 2005 473 2028 arma.
495 2015 533 2020 —
552 1997 764 2039 Parthorum]
781 2005 814 2029 a.
833 2006 869 2028 u.

170 2055 201 2078 c.
227 2045 302 2078 734.
330 2045 394 2078 Od.
429 2046 465 2086 3,
502 2047 541 2086 5,
578 2048 610 2078 5.
650 2047 716 2079 Dio
739 2046 799 2086 54,
837 2046 869 2078 8.

169 2095 268 2127 ovid.
296 2096 386 2127 Fast.
412 2096 449 2135 5,
475 2096 551 2128 585.
579 2095 648 2128 Cfr.
675 2096 721 2128 ad
745 2095 784 2135 4,
811 2095 868 2135 ⁴4,

169 2144 222 2177 42.
246 2163 281 2168 —-
306 2145 461 2187 Postibus]
487 2146 590 2187 Apud
607 2146 755 2178 Parthos
772 2146 872 2186 signa

169 2195 233 2226 ista
252 2195 370 2227 Crassi
386 2195 422 2227 et
437 2195 576 2227 Antonii
598 2194 633 2227 in
648 2194 767 2236 regiae
782 2194 871 2227 atrio

170 2243 325 2276 nonnulli
357 2244 574 2276 arbitrantur
604 2244 708 2276 affixa
740 2244 869 2283 fuisse.

170 2294 235 2326 etsi
259 2294 345 2335 Epp.
367 2294 403 2333 4,
431 2294 488 2333 48,
515 2295 574 2326 56;
601 2294 669 2326 Sub
692 2295 789 2333 duce,
815 2294 872 2334 qui

170 2343 298 2383 templis
308 2344 509 2375 Parthorum
523 2344 622 2385 sigma
636 2345 756 2386 refigit.
782 2345 872 2376 Pro-

170 2392 245 2434 prie
270 2393 370 2425 Marti
394 2392 500 2426 Ultori
535 2394 635 2434 signa
667 2402 686 2424 a
720 2393 870 2426 Phraate

170 2444 381 2484 recuperata
420 2443 645 2475 consecravit
674 2444 870 2484 Augustus;

171 2492 235 2523 sed
257 2491 418 2524 consulto
441 2494 544 2533 poeta
568 2501 710 2525 summo
732 2492 871 2534 imperii

171 2542 317 2573 Romani
343 2541 480 2573 custodi
509 2550 551 2573 ea
582 2542 743 2574 restituta
775 2541 869 2573 dicit.

171 2591 319 2632 Interpr.
350 2591 427 2623 Maii
444 2591 490 2623 ad
507 2591 599 2632 Virg.
618 2587 705 2623 Aen.
725 2592 764 2629 7,
784 2591 868 2623 606:

173 2640 303 2672 «Huius
338 2641 417 2672 facti
453 2642 556 2673 notae
595 2642 896 2682 repraesentan»

919 1152 977 1182 tur
1005 1151 1040 1182 in
1071 1159 1175 1191 arcu,
1207 1151 1269 1193 qui
1291 1153 1347 1184 est
1369 1151 1464 1184 iuxta
1487 1151 1620 1185 aedem

918 1202 959 1234 D.
978 1200 1087 1234 Iulii.»

963 1251 994 1283 9.
1042 1251 1162 1283 Ianum
1205 1251 1359 1293 Quirini]
1405 1251 1463 1284 Sic
1504 1252 1618 1285 codd.

919 1309 1063 1340 omnes⁷
1089 1308 1154 1341 pro
1170 1308 1242 1341 qua
1257 1299 1410 1333 lectione
1425 1301 1535 1343 recipi
1551 1310 1622 1334 non

919 1349 1078 1381 debehat
1092 1350 1280 1382 Passeratii
1296 1350 1388 1383 coni.
1411 1351 1532 1383 laum
1544 1351 1624 1391 Qui-

917 1399 1032 1431 rinum
1061 1398 1167 1431 ducta
1190 1407 1234 1431 ex
1257 1399 1413 1432 Macrob.
1436 1400 1507 1432 Sat.
1525 1400 1558 1440 4,
1583 1401 1621 1433 9:

918 1449 1286 1481 invocamw--Iaemwn
1292 1449 1513 1490 Quiritum--
1526 1450 1624 1490 quasi

919 1498 1079 1531 bellorum
1098 1501 1282 1539 potentem,
1310 1498 1353 1531 ab
1374 1499 1492 1540 hasta,
1517 1508 1620 1540 quam

920 1548 1038 1580 Sabini
1059 1549 1168 1580 curim
1187 1551 1328 1588 vocam
1363 1550 1400 1581 et
1420 1549 1517 1582 Suet.
1540 1549 1618 1582 Oct.

920 1599 984 1631 22:
1022 1599 1142 1631 Ianum
1177 1599 1356 1639 Quirinum
1386 1599 1486 1631 semel
1521 1602 1622 1639 atque

919 1649 1041 1681 itemm
1052 1658 1076 1680 a
1086 1648 1221 1680 condita
1235 1648 1319 1680 Urbe
1331 1649 1531 1680 memoriam
1545 1651 1624 1682 aueo

921 1707 1018 1730 suam
1062 1698 1216 1730 clausum
1258 1698 1295 1729 in
1330 1697 1436 1730 multo
1473 1697 1624 1730 breviore

921 1748 1078 1788 temporis
1103 1747 1212 1788 spatio
1239 1750 1332 1779 terra
1356 1743 1513 1788 mnqwo
1538 1756 1625 1788 pace

916 1802 1024 1839 parta
1046 1801 1096 1830 ter
1117 1797 1224 1829 elusit.
1264 1795 1374 1829 Lucil.
1401 1795 1493 1829 Gerl.
1518 1805 1555 1839 p.
1580 1798 1619 1837 2,

921 1847 961 1880 3:
981 1850 1083 1888 pater
1096 1847 1206 1886 Mars,
1229 1846 1327 1878 Ianu'
1353 1846 1507 1887 Quirinu’
1519 1850 1622 1886 pater

921 1898 990 1929 cet.
1015 1897 1150 1929 Verum
1173 1894 1336 1929 consulto
1352 1904 1374 1928 a
1389 1894 1622 1928 formularum

922 1954 1089 1978 sermone
1124 1945 1319 1978 recessisse
1352 1944 1532 1986 putandus
1566 1946 1624 1977 est

920 1996 1044 2037 poeta,
1070 1995 1109 2027 ut
1132 1994 1178 2027 sit
1198 1995 1303 2026 Ianus
1319 1994 1519 2033 Quiritium.
1542 1995 1622 2036 lpse
1686 2011 1687 2014 =

921 2045 1099 2085 Augustus
1113 2044 1150 2076 in
1170 2045 1327 2077 Monum.
1351 2044 1542 2085 Ancyrano
1555 2042 1619 2076 Ed.

922 2094 1055 2127 Franzii
1077 2102 1113 2135 p.
1132 2093 1169 2125 34
1186 2102 1194 2125 :
1219 2092 1366 2134 cumque
1387 2093 1431 2126 ab
1448 2093 1533 2126 Urbe
1546 2101 1624 2126 con—

921 2143 993 2175 dita
1025 2146 1103 2175 ante
1134 2151 1188 2174 me
1217 2142 1340 2174 Ianum
1371 2142 1549 2183 Quin'uuam
1575 2142 1625 2175 bis

921 2193 1055 2225 ommno
1095 2192 1282 2234 (regnante
1318 2193 1434 2225 Numa
1471 2192 1508 2224 et
1541 2192 1624 2234 post

920 2241 1054 2275 bellum
1083 2242 1255 2274 Punicum
1282 2242 1441 2283 primum
1467 2250 1501 2274 a.
1525 2250 1562 2274 u.
1587 2250 1620 2274 c.

921 2292 997 2325 5⁴9.
1033 2291 1185 2324 clauswm
1215 2291 1317 2332 fuisso
1351 2292 1523 2332 prodatur
1551 2299 1623 2323 mo-

919 2341 1067 2382 moriae,
1087 2344 1138 2373 ter
1151 2349 1204 2373 me
1212 2340 1369 2382 principe
1381 2343 1516 2373 senatus
1529 2340 1624 2372 clau—

922 2391 1064 2423 dendum
1094 2398 1162 2422 osse
1187 2390 1323 2423 consuit.
1361 2390 1404 2432 (a.
1428 2398 1465 2422 u.
1488 2398 1520 2423 c.
1544 2389 1620 2422 725.

922 2440 997 2472 729.
1025 2439 1173 2480 Quando
1200 2440 1347 2472 tertium
1362 2439 1399 2471 id
1414 2438 1549 2472 factum
1564 2438 1621 2478 sit,

922 2498 994 2522 non
1017 2489 1139 2531 liquet.
1165 2490 1382 2527 massonum,
1409 2485 1470 2531 ‹iui
1491 2487 1620 2521 3.·144.

923 2540 958 2572 id
987 2539 1124 2579 tribuit,
1161 2539 1247 2571 satis
1280 2538 1447 2571 remtavit
1467 2537 1621 2575 Franke.

922 2598 965 2622 ac
995 2589 1121 2621 Norisii
1154 2589 1278 2621 Cenot.
1305 2588 1373 2620 Pis.
1391 2587 1432 2627 2,
1458 2587 1512 2620 ⁴0.
1539 2595 1624 2620 sen·

923 2640 1070 2672 tentiam
1105 2638 1150 2671 de
1183 2647 1214 2671 a.
1242 2637 1318 2671 748.
1349 2636 1623 2680 praeferendam
