1722 2904
183 89 265 131 476

699 79 870 113 HORATH
894 75 1118 110 CARMINUM

297 193 386 234 Dos
417 195 482 232 est
511 199 664 244 magna
693 182 934 241 parentium

354 271 494 314 Virtus
527 275 568 312 et
598 272 796 310 metuens
827 261 1002 306 alterius
1031 258 1110 301 viri

302 355 428 397 Certo
459 348 635 393 foedere
665 345 838 390 castitas
850 359 860 395 3

356 435 407 476 Et
441 442 624 490 peccare
654 427 774 471 nefas
810 430 883 468 aut
912 421 1097 480 pretium
1130 424 1196 462 est
1229 416 1350 460 mori.

302 541 339 584 Ο
371 536 568 597 quisquis
597 533 713 577 volet
741 530 895 588 impias

1581 518 1635 561 25

359 618 526 664 Caedes
557 622 600 660 et
628 613 793 658 rabiem
823 609 973 654 tollere
1004 607 1201 655 civicam,

277 754 331 787 24.
357 752 505 793 pretium
531 748 635 782 emori
662 744 846 780 Pulmanni
869 742 1040 784 optimus,
1076 735 1286 771 Bersmanni
1315 741 1408 766 unus
1432 732 1469 765 et
1489 731 1598 764 Bent-

235 804 292 837 leii
315 813 364 842 ω,
384 801 532 842 pretium
553 797 640 830 mori
663 796 831 838 quattuor
854 791 1023 825 Pottierii.
1051 789 1103 832 (Ut
1125 795 1208 827 nos,
1237 783 1389 825 BbSTc.)
1416 801 1452 806 —
1490 782 1546 815 25.
1571 781 1598 812 Ο

238 854 323 894 quis,
350 852 423 893 quis
442 868 461 874 -
482 867 501 873 -
516 845 682 881 civicam?
706 844 807 886 quasi
823 851 866 875 ex
882 840 1054 874 Diomede
1070 849 1105 882 p.
1124 838 1199 871 3⁴7.
1224 837 1262 869 P.
1276 833 1388 868 Bentl.
1410 851 1447 856 -
1474 831 1530 864 26.
1555 829 1596 876 et]

238 907 298 936 aut
321 902 434 942 Sc‚Ct.

196 1023 327 1055 nitatur
341 1046 348 1060 ,
366 1019 429 1051 ubi
445 1025 526 1050 eam
541 1018 710 1048 coercere
728 1013 895 1049 conetur;

197 1073 307 1104 immo
323 1068 502 1102 interdum
522 1067 618 1108 ipsas
635 1063 784 1097 civitatis
799 1061 897 1102 leges

197 1119 329 1153 violare
353 1118 517 1151 audeat.»

240 1196 294 1227 24.
319 1195 373 1226 22.
406 1194 475 1225 Dos
497 1190 560 1232 est]
588 1188 711 1230 «Apud
735 1185 809 1219 illas
835 1194 900 1217 na-

196 1245 311 1277 tiones
333 1244 480 1275 naturae
498 1239 754 1274 convenienter
775 1236 902 1268 etiam-

199 1304 294 1327 nunc
327 1293 488 1326 viventes
523 1290 677 1322 maxima
710 1285 902 1319 mulierum

200 1345 265 1377 dos
301 1344 356 1376 est
388 1340 534 1382 insignis
567 1339 699 1377 virtus,
737 1335 899 1374 castitas,

201 1403 292 1436 quae
316 1393 455 1425 certum
479 1389 627 1429 coniugii
650 1387 795 1429 pactum
824 1392 904 1417 ser-

201 1452 290 1476 vans
318 1442 363 1474 ab
396 1440 546 1473 aliorum
567 1438 726 1470 virorum
750 1443 904 1468 consue-

202 1493 323 1526 tudine
348 1490 551 1523 abhorret.»
591 1486 702 1519 Plaut.
727 1484 901 1525 Amphitr.

203 1544 224 1575 2
237 1569 244 1583 ,
262 1543 300 1582 2,
317 1541 381 1574 207
399 1550 405 1571 :
430 1540 506 1572 Non
529 1547 588 1580 ⁶9⁰
611 1537 706 1568 illam
728 1535 836 1566 dotem
857 1532 905 1564 mi

203 1601 271 1625 esse
305 1592 404 1630 duco,
446 1597 532 1629 quae
564 1588 622 1619 clos
660 1585 783 1617 dicitur
791 1592 803 1622 ,·
842 1582 906 1614 Sed

200 1641 401 1683 pudicitiam
434 1642 465 1671 et
493 1638 655 1678 pudorem
693 1637 724 1666 et
756 1633 906 1665 sedatum

204 1692 411 1733 cupidinmn,
437 1690 545 1721 Deum
566 1689 704 1724 metum,
726 1685 907 1724 parentum

206 1749 355 1774 amorem
398 1742 427 1772 et
466 1740 645 1779 coynatwm
678 1732 904 1766 concordiam.

208 1792 270 1833 (De
294 1792 394 1830 Rooy
417 1788 463 1821 ad
486 1784 631 1820 Martial.
656 1793 693 1826 p.
719 1783 773 1815 74.
798 1781 909 1821 iungit

202 1840 398 1882 parentium
443 1846 570 1879 mayna
614 1835 740 1877 virtus,
785 1831 907 1872 utique

207 1889 343 1932 prave.)
372 1907 408 1912 —-
432 1884 638 1928 parentium]
672 1881 772 1916 Conf.
792 1880 855 1912 Od.
874 1878 906 1917 3,

209 1941 249 1980 ⁴,
279 1939 339 1971 ⁴3:
379 1938 558 1970 clientium.
598 1934 662 1967 Od.
692 1933 729 1972 3,
758 1931 818 1970 24,
846 1928 907 1962 ⁴4:

208 1989 419 2030 sapientium.
455 1986 568 2028 Epod.
599 1985 635 2024 4,
663 1983 724 2015 2οῑ
766 1981 911 2020 Serpen-

210 2040 304 2072 tiwm.
329 2037 439 2079 Volgo
456 2032 720 2075 distinguebant
731 2031 912 2071 parentum

211 2099 230 2121 a
254 2099 287 2121 v.
310 2096 450 2129 parem,
477 2085 632 2127 genitor,
665 2082 701 2114 et
718 2078 912 2121 parentium

212 2149 231 2172 a
255 2148 289 2171 V.
310 2146 457 2179 parens,
483 2134 668 2167 obediens.
690 2148 726 2154 —
754 2126 910 2169 metuens]

215 2186 536 2229 «φυλασσομένη,
561 2182 778 2215 abstinens.»

257 2262 310 2294 23.
337 2261 391 2294 24.
433 2260 529 2292 Certo
550 2255 694 2299 foedere]
729 2251 913 2286 Artissime

216 2313 342 2352 iunge:
381 2309 562 2347 «castitas,
593 2313 685 2347 quae
709 2301 914 2335 fidelissimo

216 2369 297 2393 cum
333 2360 460 2391 marito
504 2355 639 2389 foederi
680 2352 837 2385 innititur
874 2357 916 2380 ac

217 2411 414 2443 servatur.»
436 2425 471 2446 -ς
499 2408 693 2446 Etpeccare
707 2400 812 2444 nefas]
838 2400 917 2431 «ln-

217 2461 341 2492 haeret
387 2459 422 2490 in
469 2464 595 2489 eorum
642 2453 768 2486 animis
818 2448 916 2482 nefas

219 2518 299 2542 esse
323 2507 535 2540 adulterium
558 2503 781 2537 committere
806 2507 919 2532 nove-

219 2559 372 2599 runtque
398 2558 533 2589 certam
557 2555 634 2586 eius
658 2558 813 2593 poenam
844 2548 917 2581 fore

219 2607 382 2639 ultimum
407 2604 651 2647 supplicium.»
689 2619 723 2623 —
754 2596 917 2640 pretium]

221 2659 259 2689 ut
282 2653 395 2698 τιμή,
421 2650 577 2697 μισθός,
603 2649 817 2691 vocabulum
841 2655 920 2680 me-

947 1009 1069 1047 dium;
1094 1007 1130 1039 h.
1154 1005 1178 1038 l.
1205 1004 1251 1037 de
1273 1011 1401 1045 poena.
1441 1001 1562 1033 Iuven.
1588 997 1642 1037 ⁴3,

948 1059 1032 1091 405:
1080 1057 1139 1090 Ille
1176 1061 1308 1087 crucem
1342 1051 1472 1084 sceleris
1498 1049 1646 1090 pretium

948 1109 1042 1148 tulit,
1060 1107 1113 1138 hic
1128 1104 1295 1137 diadema.
1317 1119 1353 1125 —-
1371 1103 1418 1133 est
1426 1098 1525 1140 mori]
1544 1097 1647 1137 Quod

947 1159 985 1191 in
1001 1156 1088 1191 Cod.
1105 1153 1219 1188 Pulm.
1237 1152 1422 1194 repertum
1438 1150 1475 1182 et
1488 1157 1509 1180 a
1524 1148 1650 1180 Baxte-

948 1216 1006 1248 ro,
1035 1203 1243 1242 Sanadono‚
1273 1203 1431 1234 Gesnero
1459 1197 1650 1238 receptum

950 1257 1006 1290 est
1027 1255 1153 1293 emori,
1185 1261 1230 1284 ex
1251 1249 1354 1284 solito
1378 1245 1590 1289 compendio
1611 1254 1647 1278 v.

950 1309 996 1339 est
1030 1305 1150 1337 ortum
1182 1300 1335 1333 videtur.
1380 1297 1498 1330 Emori
1529 1295 1650 1328 autem

950 1355 1068 1397 potius
1091 1353 1136 1386 de
1159 1349 1310 1384 naturali
1332 1348 1449 1380 morte
1472 1353 1582 1387 quam
1604 1343 1650 1376 de

950 1403 1103 1437 violenta
1124 1400 1338 1442 usurpatur,
1362 1398 1490 1438 atque,
1528 1395 1568 1426 ut
1591 1393 1653 1426 do-

952 1456 1024 1488 cuit
1039 1451 1287 1491 Dillenburger
1300 1474 1308 1489 ,
1325 1447 1488 1480 nostrum
1504 1445 1560 1477 est
1576 1443 1654 1475 «ah-

951 1504 1097 1542 sterben,
1123 1502 1278 1534 animam
1293 1492 1487 1535 redderet,
1511 1494 1551 1526 ut
1566 1500 1653 1525 sane

953 1555 1009 1587 est
1041 1551 1137 1595 apud
1171 1550 1245 1583 Cic.
1270 1548 1373 1580 Tusc.
1400 1546 1440 1586 4,
1460 1544 1499 1577 8:
1537 1542 1655 1575 Emori

953 1605 1052 1644 nolo,
1096 1602 1152 1634 sed
1186 1608 1240 1632 me
1271 1606 1339 1630 esse
1369 1597 1540 1628 monitum
1571 1591 1656 1624 nihil

954 1654 1103 1687 aestima
1144 1651 1181 1683 et
1214 1647 1358 1682 Celsum
1380 1646 1421 1684 5,
1444 1643 1510 1677 26:
1549 1649 1674 1684 mem-¹

955 1704 1075 1742 brwm,
1120 1700 1209 1740 quod
1252 1695 1433 1738 paullatim
1479 1691 1652 1725 emoritur.

956 1754 1031 1785 Hoc
1054 1751 1159 1783 dicit:
1193 1746 1328 1780 «omnis
1350 1741 1512 1777 adultera
1534 1750 1555 1773 a
1577 1747 1657 1772 ma-

956 1803 1024 1834 rito
1064 1799 1294 1841 cognatisque
1328 1794 1499 1827 necatur»
1513 1816 1522 1831 ‚
1561 1797 1654 1822 non:

960 1851 1054 1884 «sibi
1077 1851 1154 1892 ipsa
1177 1847 1332 1880 mortem
1347 1841 1560 1877 consciscit»
1573 1865 1582 1880 ,
1606 1838 1657 1870 uti

958 1900 1097 1942 accepit
1119 1899 1316 1935 Gesnerus,
1341 1894 1459 1926 minus
1482 1891 1564 1932 apte
1586 1889 1659 1921 Lu-

959 1951 1089 1983 cretiae
1114 1944 1319 1987 exemplum
1342 1942 1507 1975 afferens.

1002 2001 1045 2032 25
1054 1998 1131 2031 -27.
1149 1997 1175 2028 O
1187 1993 1336 2036 quisquis
1345 1991 1429 2033 cet]
1442 1988 1659 2023 Exclamatio

960 2047 1195 2082 confidentiae
1211 2070 1218 2084 ,
1242 2045 1283 2076 ut
1304 2043 1352 2075 ait
1366 2040 1468 2074 Hand
1481 2040 1582 2072 Turs.
1599 2037 1657 2070 IV.

960 2108 995 2141 p.
1021 2097 1096 2131 353.
1144 2097 1183 2128 In
1201 2091 1347 2127 Bentleii
1366 2088 1659 2130 interrogatione:

962 2150 988 2181 0
1009 2144 1106 2188 ἐ(μιίε,
1139 2145 1213 2185 quis
1234 2160 1254 2166 -
1267 2160 1287 2166 -
1301 2160 1321 2165 -
1346 2138 1517 2173 civicam?
1554 2136 1659 2169 nimis

962 2196 1174 2230 divelluntur
1196 2191 1404 2226 sententiae.
1430 2187 1660 2227 «Quicunque

962 2254 1129 2281 amovere
1169 2241 1355 2276 conabitur
1383 2237 1517 2272 scelera
1548 2234 1663 2269 bello-

962 2305 1043 2330 rum
1078 2293 1232 2328 civilium
1261 2292 1298 2324 et
1336 2288 1492 2323 stabilire
1531 2293 1665 2328 perpe-

963 2349 1062 2380 tuam
1077 2352 1217 2387 pacem,
1242 2342 1273 2374 is
1297 2340 1328 2372 si
1349 2338 1462 2377 volet,
1487 2338 1527 2368 ut
1549 2335 1666 2375 singu-

964 2396 1080 2429 larum
1114 2393 1257 2425 urbium
1288 2390 1383 2422 cives
1418 2387 1518 2428 grato
1546 2384 1664 2417 animo

967 2447 1100 2479 statuas
1125 2451 1207 2475 cum
1236 2438 1463 2480 inscriptione
1486 2436 1586 2468 PArm
1605 2431 1663 2465 vel

966 2497 1111 2528 PAnfflvrl
1128 2491 1252 2534 (huius)
1271 2494 1364 2523 rium
1377 2487 1409 2519 ei
1421 2485 1565 2528 ponant,
1583 2482 1665 2515 ante

968 2545 1086 2578 omnia
1109 2542 1291 2575 refrenare
1311 2536 1459 2570 debebit
1472 2532 1662 2572 licentiam,

969 2603 1060 2636 quae
1078 2601 1172 2625 nunc
1190 2591 1224 2623 in
1240 2587 1406 2622 omnibus
1419 2584 1530 2618 rebus
1551 2580 1668 2614 domi-

969 2644 1115 2677 natur.»
1145 2659 1178 2663 -
1214 2635 1366 2679 quaeret]
1394 2640 1556 2676 quaerere
1579 2631 1615 2663 h.
1641 2628 1666 2662 l.
