1722 2904
154 63 236 105 522

268 169 334 219 Et,
368 169 630 226 quandoque
667 170 882 226 potentior

671 65 844 98 HORATII
869 66 1095 101 CARMINUM

324 250 448 307 Largi
481 250 734 294 muneribus
766 251 909 295 riserit
939 251 1115 301 aemuli,

265 329 452 374 Albanos
484 345 620 388 prope
651 339 692 374 te
724 332 843 376 lacus

322 412 458 455 Ponet
486 425 772 456 marmoream
802 413 882 456 sub
914 413 1035 456 trabe
1066 412 1210 456 citrea.

265 523 352 567 Illic
381 523 564 581 plurima
594 523 769 567 naribus

1550 417 1606 459 20

246 675 299 707 48.
337 675 458 716 Lar-,qis
490 673 702 714 bSc,LCtFJ.
741 674 859 716 (Lar-92·
891 673 1005 716 Β,λψ,
1031 683 1123 707 corr.
1147 673 1196 715 β,
1231 670 1317 709 item
1343 677 1498 710 Pottierii
1522 678 1558 718 4,

194 725 233 764 7,
258 724 296 764 8,
324 724 375 756 47.
403 723 570 756 Praetulit
593 724 701 756 etiam
723 723 849 765 Bentl.)
878 740 914 746 —
940 724 995 757 20.
1021 723 1126 757 citrea
1147 724 1194 765 B,
1219 723 1341 758 Bland.
1360 726 1558 768 antiquiss„

194 773 347 806 Pottierii
372 774 407 813 4,
433 774 470 813 7,
497 773 543 813 8.,
570 773 708 806 Comm.
737 774 864 815 Cruq.,
890 774 943 807 LC
970 774 1006 806 et
1034 772 1230 813 Bentleius‚
1265 775 1437 809 varietate
1464 777 1561 810 haud

194 824 411 855 memorata:
449 823 575 863 Cypria
596 822 753 863 bc,tFM,
791 824 922 864 Cyprea
944 824 983 863 S,
1021 824 1107 857 item
1129 821 1175 867 γδ
1197 833 1255 867 ap.
1280 825 1421 858 Kirchn.
1446 827 1487 859 N.
1517 827 1557 866 Q.

196 874 276 905 Hor.
303 883 337 915 p.
364 873 417 906 36.
444 874 497 906 56.
527 873 578 914 (Ut
601 882 677 913 nos,
702 873 746 913 J.)

152 1013 205 1050 <ex
223 1009 323 1043 solita
338 1009 395 1042 illa
419 1010 572 1051 imagine
589 1009 652 1042 Od.
671 1009 711 1049 3,
729 1009 784 1049 26,
802 1010 848 1050 2.)

149 1059 300 1099 efficiet,
326 1061 366 1091 ut
388 1060 545 1092 victricia
569 1060 628 1091 tua
652 1067 751 1091 arma
774 1058 852 1091 ubi-

147 1118 217 1150 que
242 1108 471 1142 celebrentur
492 1108 764 1151 proferaturque
787 1110 852 1143 im-

149 1159 290 1200 perium
314 1160 448 1191 tuum.»

194 1209 246 1240 47.
274 1209 327 1241 48.
346 1209 400 1248 Et,
421 1208 634 1250 quandoque]
661 1209 723 1241 «Et
735 1217 851 1250 quan-

152 1258 342 1300 docunque
355 1258 504 1291 rivalem
521 1259 587 1291 etsi
603 1257 754 1300 largiora
769 1268 851 1292 mu-

147 1317 233 1341 nera
258 1308 394 1340 amicae
419 1308 631 1341 offerentem
653 1310 798 1350 proprio
815 1310 851 1342 et

146 1358 277 1390 decore
302 1359 338 1390 et
359 1358 499 1399 ingenio
515 1358 640 1390 vicerit
655 1359 751 1400 apud
767 1368 850 1392 eam

146 1408 310 1448 adeoque
327 1406 424 1440 illum
441 1407 626 1440 deriserit»
644 1409 712 1440 cet.
738 1409 847 1450 Iunge

140 1457 310 1498 potentior
330 1457 539 1497 mwneribus,
566 1466 696 1499 «quam
718 1466 849 1491 mune—

145 1516 228 1547 ra»,
265 1516 335 1539 non
360 1515 443 1540 cum
466 1506 541 1540 aliis
563 1508 677 1540 riserit
702 1508 850 1541 muneri-

145 1557 215 1589 bus.
234 1573 269 1579 -
293 1557 399 1598 Laryi
414 1574 434 1580 -
448 1574 468 1580 -
483 1557 606 1589 aemuli
621 1557 786 1599 praefero
803 1567 847 1591 ex

143 1608 355 1640 auctoritate
381 1606 467 1640 Cod.
494 1608 678 1649 antiquiss.
703 1609 742 1640 B.
790 1609 847 1641 Sic

145 1657 360 1691 constructio
396 1666 540 1698 quoque
578 1657 619 1690 fit
653 1657 848 1700 elegantior

144 1709 251 1749 atque
274 1707 416 1740 Horatio
440 1707 588 1749 dignior.
625 1708 716 1747 Quin
738 1708 846 1741 etiam

143 1758 212 1790 hoc
235 1757 337 1798 longe
361 1757 549 1790 acerbius:
592 1757 701 1790 «Nihil
736 1757 847 1790 habet

143 1806 325 1847 aemulus,
357 1815 421 1839 cur
443 1806 676 1849 praeferatur,
700 1808 845 1850 praeter

143 1857 281 1889 divitias
305 1856 569 1898 tantummodo,
602 1865 691 1898 quas
715 1857 845 1890 identi-

143 1907 228 1939 dem
250 1905 346 1948 large
370 1906 574 1948 profundit,
605 1906 672 1939 sed
693 1906 841 1946 frustra;

142 1958 178 1988 tu
214 1956 311 1988 enim
344 1964 428 1988 eum
460 1956 573 1989 vincis
607 1957 643 1988 et
671 1956 785 1989 forma
808 1958 845 1989 et

141 2005 322 2038 nobilitate
351 2006 387 2038 et
415 2005 615 2038 facundia.»
656 2005 757 2046 (v.⁴3
773 2006 842 2047 sq.)

141 2056 256 2096 Atque
314 2053 448 2088 facilius
503 2054 843 2088 accommodabatur

141 2103 357 2136 adiectivum
391 2104 437 2136 ad
469 2105 673 2147 proximum
710 2113 841 2138 nomen

141 2163 248 2195 quam
273 2154 318 2186 ad
340 2153 576 2196 longinquius.

185 2203 238 2235 49.
262 2203 406 2236 Albanos
420 2221 440 2227 —
454 2221 474 2227 -
489 2203 592 2245 lacus]
627 2203 691 2238 Ubi
715 2205 842 2237 contu-

140 2251 224 2285 leris
259 2252 533 2286 delineationem
577 2252 668 2286 illius
706 2254 841 2286 tractus

141 2301 236 2343 apud
259 2302 440 2344 Nibbyum
468 2303 607 2345 Viayqio
631 2304 671 2335 11.
696 2311 731 2345 p.
759 2303 811 2335 33.
830 2329 838 2343 ,

141 2351 279 2385 videbis
322 2354 489 2393 quattuor
525 2352 624 2386 lacus
661 2352 710 2385 ibi
748 2353 840 2385 anti-

140 2401 258 2442 quitus
289 2401 356 2434 sibi
386 2402 568 2444 proximos
600 2402 724 2443 fuisse,
772 2403 837 2443 ita,

139 2453 178 2483 ut
201 2452 300 2492 quasi
330 2451 614 2493 quadrangulum
642 2452 836 2485 efficerent.

140 2500 226 2532 Sunt
260 2501 289 2542 4)
314 2500 413 2534 lacus
435 2500 592 2534 Albanus
614 2502 758 2543 proprie
783 2501 839 2534 di-

141 2550 237 2588 ctus;
263 2550 293 2590 2)
318 2549 416 2583 lacus
438 2551 687 2589 Nemorensis;
713 2550 743 2592 3)
769 2552 838 2583 La-

139 2598 247 2639 9hete0
262 2624 268 2638 ,
287 2600 362 2632 sine
375 2600 518 2632 nomine
530 2601 693 2642 propri0;
719 2599 750 2641 4)
768 2601 838 2633 La-

140 2656 199 2687 90,
225 2649 302 2690 099i
322 2649 411 2682 Valle
424 2649 571 2682 Aricina.
607 2650 646 2692 ln
670 2658 711 2682 ea
734 2650 837 2691 igitur

900 1010 1045 1051 regione
1089 1010 1231 1044 videtur
1274 1012 1446 1046 Maximus
1483 1011 1602 1046 villam

899 1059 1081 1093 habuisse.
1129 1061 1323 1094 parietinas
1354 1061 1532 1104 Nymphei
1566 1064 1603 1096 et

901 1109 1040 1142 delubri
1061 1119 1174 1152 prope
1193 1110 1293 1145 lacus
1308 1109 1434 1144 Albani
1450 1113 1602 1146 emissa-

899 1160 992 1192 rium
1013 1161 1218 1193 etiamnunc
1239 1169 1430 1203 superesse
1449 1162 1602 1195 testatur

899 1209 1068 1242 Bianconi
1101 1210 1207 1251 Opere
1237 1211 1264 1244 1.
1301 1219 1382 1253 pag.
1408 1211 1483 1243 490.
1530 1211 1601 1245 Sed

899 1258 1002 1291 villae
1025 1260 1156 1292 horum
1178 1260 1432 1301 Maximorum,
1466 1261 1507 1293 ut
1527 1261 1601 1294 volt

898 1307 973 1348 ille,
1005 1308 1071 1342 has
1095 1317 1176 1342 esse
1199 1308 1368 1352 reliquias
1390 1311 1471 1352 quis
1492 1319 1600 1353 prae-

899 1357 1034 1391 stabit?

941 1408 996 1439 20.
1022 1407 1135 1451 trabe]
1171 1408 1379 1450 «trabibus,
1416 1411 1599 1452 contigna-

898 1458 1009 1498 tione,
1038 1457 1170 1491 tholo.»
1189 1477 1226 1484 -
1250 1459 1373 1502 citrea]
1398 1460 1498 1493 Hanc
1511 1459 1595 1494 lect.

898 1507 985 1539 Cod.
1011 1508 1037 1540 B
1061 1507 1224 1550 praetuli.
1278 1509 1433 1550 Vereor,
1459 1518 1505 1542 ne
1532 1509 1598 1550 Gy-

892 1557 974 1597 pria
1001 1558 1078 1590 orta
1107 1558 1152 1590 sit
1180 1566 1225 1590 ex
1246 1557 1303 1591 illa
1325 1557 1429 1600 longe
1452 1558 1594 1592 diversa

895 1607 989 1639 trabe
1004 1607 1130 1648 Cypria
1144 1607 1207 1640 Od.
1227 1609 1260 1648 4,
1279 1608 1311 1648 4,
1329 1608 1403 1649 43.,
1429 1617 1497 1642 nec
1518 1616 1598 1641 ma-

895 1665 1053 1699 gnopere
1087 1656 1206 1699 placet
1233 1658 1330 1690 deam
1352 1658 1456 1699 cypri
1487 1657 1596 1691 locari

894 1706 954 1738 sub
976 1707 1070 1739 trabe
1093 1707 1230 1748 Cypria.
1264 1707 1400 1740 Verum
1415 1706 1595 1750 appellare

894 1755 978 1789 hcet
1000 1757 1109 1789 etiam
1134 1755 1235 1789 Plinii
1256 1755 1377 1790 locum
1402 1757 1444 1790 H.
1462 1757 1504 1790 N.
1530 1756 1592 1798 43,

895 1806 968 1845 46.,
1005 1805 1068 1838 ubi
1102 1806 1148 1839 de
1177 1807 1266 1839 citro
1289 1806 1381 1839 inter
1403 1805 1471 1839 alia
1502 1806 1594 1840 haec

893 1853 1079 1896 leguntur:
1115 1855 1595 1898 mophrm--maqnum

892 1905 963 1937 iam
976 1905 1053 1937 huic
1067 1905 1184 1938 wrbori
1197 1905 1356 1938 honorem
1370 1905 1503 1945 tribuit,
1526 1914 1595 1938 mo-

891 1957 1044 1987 moratas
1075 1963 1120 1987 ea·
1147 1963 1189 1988 ea
1220 1955 1367 1997 referens
1395 1955 1594 1996 templomam

890 2007 1039 2037 veterwm
1065 2005 1328 2047 conliqnationes
1357 2005 1594 2045 quandamque

891 2054 1179 2087 immortalitatem
1221 2054 1388 2087 materiae
1429 2054 1467 2087 in
1501 2055 1594 2088 tectis

891 2106 1011 2136 contra
1030 2104 1116 2136 vitia
1137 2104 1252 2137 omnia
1273 2104 1501 2145 incon-«aptae.
1531 2105 1593 2138 Mi-

890 2154 986 2186 nime
1017 2153 1123 2195 igitur
1143 2153 1312 2187 audiendi
1343 2155 1428 2187 sunt
1461 2154 1591 2196 partim

890 2202 932 2242 ii,
965 2203 1027 2244 qui
1056 2202 1102 2235 de
1132 2202 1272 2236 laminis
1295 2204 1434 2236 tantum
1457 2203 1589 2243 citreis,

890 2251 1021 2294 quibus
1043 2252 1209 2285 inductae
1233 2253 1304 2297 sint
1322 2252 1460 2293 trabes,
1484 2253 1591 2286 inter-

888 2302 1091 2343 pretantur,
1126 2302 1256 2343 partim
1279 2302 1340 2343 qui
1363 2310 1407 2335 ex
1427 2301 1507 2344 ipsa
1538 2302 1590 2334 hi-

889 2351 996 2384 storia
1019 2351 1168 2384 naturali
1185 2353 1222 2384 et
1235 2351 1333 2385 cedri
1350 2353 1387 2384 et
1401 2352 1479 2384 citri
1502 2351 1586 2385 lect.

889 2400 1015 2442 cypria
1025 2401 1216 2443 probatum
1227 2401 1377 2434 iverunt.
1394 2402 1441 2434 Iis
1452 2402 1584 2441 autem,

889 2451 949 2492 qui
978 2451 1046 2483 hoc
1079 2450 1284 2492 praeferunt
1298 2476 1306 2491 ,
1352 2451 1434 2484 ante
1469 2451 1586 2484 omnia

887 2499 1113 2542 probandum
1152 2501 1219 2533 erit
1252 2500 1412 2541 Cypriam
1446 2499 1585 2533 trabem

888 2550 940 2582 sic
964 2549 1059 2582 nude
1077 2550 1147 2583 dici
1167 2558 1234 2592 pro
1248 2549 1406 2590 coar-ina,
1432 2549 1585 2582 maxime

888 2608 970 2632 cum
993 2599 1165 2639 Libanus,
1199 2599 1316 2640 Syria,
1342 2598 1447 2632 Creta
1472 2598 1585 2639 magis

888 2650 994 2682 etiam
1024 2657 1133 2691 quam
1156 2649 1296 2692 Cyprus
1329 2647 1446 2682 cedris
1468 2647 1585 2680 abun-
