1722 2904
166 70 248 112 536

683 71 854 103 HORATII
878 70 1103 104 CARMINUM

332 176 398 218 Me
428 182 550 218 tener
580 174 716 218 solvet
743 174 918 225 vitulus,
950 174 1097 218 relicta

332 256 463 299 Matre
493 257 567 314 qui
597 255 727 314 largis
756 255 994 299 iuvenescit
1021 254 1168 298 herbis

503 338 550 379 In
579 351 676 380 mea
706 343 804 379 vota
818 371 826 385 ,

332 438 486 479 Fronte
518 443 716 480 curvatos
746 436 933 478 imitatus
962 435 1084 492 ignes

332 517 519 560 Tertium
549 517 676 560 lunae
706 516 929 560 referentis
959 521 1121 565 ortum,

331 599 426 650 Qua
456 606 599 642 notam
629 598 771 647 duxit,
803 596 956 639 niveus
985 595 1145 647 videri,

505 680 657 723 Cetera
685 676 838 720 fulvus.

1557 681 1612 722 60

249 775 303 806 55.
332 774 554 806 iuveniscitB.
584 792 621 797 -
646 773 699 806 58.
725 773 836 805 orbem
859 782 900 813 c,
926 773 991 806 sed
1006 780 1187 815 superser.
1204 775 1337 814 ortum,
1361 775 1402 807 ut
1422 775 1459 808 in
1473 773 1567 818 βγω,

205 825 391 865 praeterea
415 823 548 856 habent
571 823 683 856 orbem
705 823 835 855 decem
856 821 1027 862 Bentleii,
1067 823 1149 855 octo
1171 824 1335 864 Pottieri;
1371 828 1484 857 ortum
1505 833 1569 857 su-

204 881 341 914 perscr.
367 873 479 905 orbem
502 873 536 905 d.
563 873 688 914 (ortum
712 871 880 915 Bbspea.)
918 889 953 895 —
994 872 1048 905 59.
1075 872 1184 905 tramit
1213 872 1300 906 Cod.
1333 874 1464 916 Regiae
1485 874 1565 907 Soc.

205 921 268 964 (λ.)
295 941 330 945 -
357 922 411 955 60.
435 923 543 963 fulvos
566 923 710 964 antiqua
733 921 910 964 scriptura
931 923 969 954 B.

205 1002 322 1035 54-56.
355 1003 470 1044 solvet]
498 1004 600 1035 «voto
616 1012 636 1035 a
653 1011 711 1035 me
734 1011 863 1036 conce-

161 1054 256 1093 pto.»
279 1070 313 1074 -
333 1052 472 1093 vitulus]
494 1052 653 1085 Modeste
669 1054 862 1094 pauperta-

162 1103 235 1134 tem
262 1110 365 1134 suam
388 1102 527 1134 Antonii
551 1101 679 1143 opibus
703 1103 860 1144 opponit,

162 1159 308 1192 prorsus
323 1152 363 1183 ut
378 1151 440 1183 Od.
459 1152 492 1191 2,
511 1152 572 1191 47,
591 1151 651 1184 32:
676 1152 745 1184 Nos
758 1152 865 1184 humi—

163 1200 227 1232 lem
247 1200 404 1241 feriemus
425 1210 562 1242 aquam.
618 1201 693 1233 Hoc
719 1209 862 1242 quoque

161 1249 354 1282 dicendum
367 1251 443 1282 erat
458 1251 606 1292 propter
617 1250 863 1283 incredibilem

161 1299 344 1331 novissimi
389 1299 591 1341 interpretis
635 1300 838 1341 opinionem
853 1325 861 1340 ,

162 1348 222 1389 qui
251 1348 288 1380 in
319 1349 374 1380 his
406 1348 595 1389 symbolici
626 1350 747 1382 nescio
778 1349 864 1391 quid

161 1397 352 1438 quaesivit,
371 1398 472 1438 quasi
487 1407 574 1430 vero
590 1398 754 1431 Horatius
771 1399 866 1431 dice-

162 1448 228 1486 ret,
248 1454 329 1479 sese
345 1455 432 1488 prae
447 1448 598 1480 Antonio
611 1448 736 1489 exigua
753 1448 864 1481 facul—

162 1497 232 1528 tate
250 1496 387 1537 poetica
410 1497 612 1538 praeditum
636 1506 727 1531 esse.
754 1516 789 1521 -
807 1507 865 1531 ro-

160 1546 241 1577 licta
255 1546 375 1586 matre]
401 1545 651 1579 «delactatus».
678 1548 795 1580 Gnoss.
824 1566 860 1571 -

161 1595 277 1636 largis]
296 1594 595 1635 «abundantibus,
613 1596 728 1628 laetis»
740 1622 748 1635 ,
766 1597 863 1638 quod

161 1645 278 1686 ipsum
300 1653 334 1676 v,
361 1654 541 1677 nonnemo
565 1645 781 1679 substituere
804 1656 864 1679 vo-

161 1693 224 1725 luit
246 1694 299 1733 ei,
340 1703 411 1735 quo
435 1695 600 1728 Horatius
625 1704 711 1728 usus
735 1697 800 1728 est.
823 1715 859 1720 —-

161 1743 355 1783 iuvenescit]
389 1743 589 1784 «paullatim
613 1744 652 1776 fit
675 1745 858 1785 iuvencus,

161 1794 202 1824 ut
223 1801 243 1824 a
267 1801 326 1824 me
349 1792 552 1826 immolatus
575 1802 657 1826 mea
679 1795 762 1826 vota
790 1794 862 1827 sol-

161 1843 255 1873 vat.»
281 1841 351 1874 Cfr.
380 1842 443 1874 Od.
463 1842 500 1882 3,
527 1842 585 1882 23,
614 1843 673 1875 tt:
699 1843 765 1876 Aut
787 1852 862 1876 cre-

162 1891 223 1923 scit
243 1890 380 1923 Albanis
400 1891 436 1923 in
458 1891 576 1924 herbis.

205 1940 259 1972 57.
295 1940 434 1981 Fronte]
472 1942 553 1982 «qui
585 1941 753 1975 cornibus
781 1943 863 1975 imi-

164 1991 258 2022 tatur
280 1991 399 2022 Lunae
425 1991 549 2023 tertiae
564 2016 572 2031 ,
599 1991 634 2023 id
658 1993 732 2032 est,
757 1993 862 2025 tertio

162 2040 244 2081 post
281 2039 507 2073 interlunium
545 2040 625 2081 die,
677 2041 862 2083 figuram.»

164 2088 341 2130 Significat
382 2090 457 2122 eius
498 2098 630 2122 cornua
668 2090 862 2123 admodum

165 2147 245 2171 esse
290 2147 399 2180 parva
444 2139 639 2201 ipsumque,
678 2139 860 2172 tenellum

165 2187 332 2220 Moschus
355 2188 392 2227 2,
419 2188 484 2220 87:
505 2182 585 2220 Ἳσά
608 2189 639 2220 τ’
664 2188 721 2222 ἐπ
745 2185 863 2231 ἀλλή-

166 2236 269 2270 λοισι
324 2238 417 2283 κέρα
461 2234 635 2271 ἀνέτελλε
691 2237 862 2297 καρήνου

155 2282 335 2330 Ἀντυγος
371 2284 568 2330 ἡμιτόμου
617 2287 759 2335 κεραῆς
796 2283 864 2322 ἅτε

167 2334 291 2370 κύκλα
314 2335 491 2380 σελήνης.
541 2338 721 2371 Claudian.
740 2339 784 2371 de
801 2340 866 2372 Ra-

167 2388 229 2428 ptu
253 2389 352 2420 Pros
378 2389 413 2428 4,
441 2389 515 2421 428.
542 2389 588 2421 de
611 2388 738 2421 vitula:
766 2389 865 2430 pedi-

165 2437 224 2468 bus
246 2445 333 2476 quae
354 2438 502 2470 nondum
518 2439 662 2478 proterit
688 2448 776 2471 arva
796 2440 866 2471 Nec

166 2495 253 2517 nova
276 2487 414 2519 limatae
435 2488 588 2519 curvavit
602 2489 755 2529 yermina
768 2489 865 2529 fron-—

168 2536 218 2566 tis.
250 2555 285 2559 —
314 2537 458 2569 Tertiwm
472 2555 490 2560 -
505 2554 525 2560 -
541 2538 662 2578 ortum]
687 2538 781 2578 Virg.
802 2539 862 2570 Ge.

170 2586 207 2623 4,
234 2584 319 2617 432:
356 2589 433 2618 ortu
459 2590 603 2626 quarto,
641 2588 724 2620 item
749 2587 793 2619 de
816 2586 866 2618 lu-

911 1005 1083 1045 pararunt
1114 1004 1212 1037 Ovid.
1248 1006 1330 1039 Met.
1365 1007 1403 1047 7,
1440 1007 1515 1040 479.
1566 1007 1612 1040 de

911 1051 1016 1085 luna:
1059 1054 1136 1086 Tres
1157 1054 1299 1087 aberam
1319 1059 1449 1097 noctes,
1472 1060 1512 1089 ut
1531 1065 1612 1089 cor—

910 1111 982 1134 nua
1008 1106 1079 1135 tota
1091 1103 1218 1135 coirent
1229 1105 1470 1147 Essa-erantque
1483 1105 1610 1143 orbum

912 1145 977 1179 sed
1001 1146 1147 1186 frustra3
1172 1155 1256 1180 nam
1286 1147 1380 1181 clare
1401 1149 1460 1182 hic
1481 1149 1614 1191 signifi-

913 1197 970 1227 cat
990 1171 1240 1237 plenilunium,
1273 1199 1312 1230 ut
1333 1198 1477 1231 Heroid.
1502 1199 1542 1238 2,
1570 1198 1610 1231 3:

913 1245 1048 1278 Cornua
1069 1255 1145 1278 cum
1162 1247 1279 1279 Lunae
1299 1248 1398 1288 pleno
1417 1248 1516 1281 semel
1536 1248 1614 1282 orbe

913 1295 1061 1327 coissent.

956 1345 1011 1377 59.
1042 1345 1096 1377 60.
1135 1346 1211 1386 Qua
1230 1348 1346 1378 notam
1371 1347 1486 1388 dumet]
1522 1356 1613 1390 «qua

911 1395 1013 1435 parte
1048 1395 1170 1427 notam
1203 1396 1376 1428 contraxit
1405 1397 1441 1429 in
1465 1396 1612 1430 fronte.»

913 1445 1072 1486 Propert.
1099 1445 1136 1484 4,
1161 1445 1199 1484 5,
1234 1445 1300 1478 46;
1324 1445 1368 1478 Et
1388 1446 1491 1478 timor
1509 1446 1615 1487 infor-

911 1502 1000 1525 mem
1031 1494 1128 1526 ducet
1159 1494 1195 1526 in
1232 1503 1291 1527 ore
1321 1498 1458 1536 notam
1489 1496 1612 1537 sicque

913 1542 1055 1575 colorem
1084 1543 1204 1576 ducere
1234 1552 1301 1585 pro
1328 1552 1458 1578 moro
1478 1543 1614 1577 tralati-

913 1592 1001 1624 tium
1025 1593 1089 1625 est.
1130 1591 1195 1625 Alii
1222 1602 1267 1625 ex
1289 1592 1396 1634 gloss.
1421 1595 1541 1627 tramit.
1569 1612 1607 1618 —-

911 1642 1028 1675 niveus
1047 1642 1165 1683 macra]
1192 1643 1340 1676 Theocr.
1359 1644 1419 1684 44,
1436 1644 1502 1678 2οε
1527 1642 1614 1678 λευ-

912 1692 1052 1738 κοτὲρα
1068 1689 1217 1734 πακτᾶς
1231 1691 1410 1726 ποτιδεΐν.
1431 1694 1531 1727 Conr.
1547 1693 1612 1730 od.

914 1742 951 1781 4,
978 1742 1037 1782 49,
1062 1742 1095 1775 8.
1116 1743 1299 1784 —ceteraJ
1323 1744 1464 1786 utEpp.
1491 1744 1530 1784 4,
1555 1742 1611 1784 40,

913 1791 932 1823 3
955 1792 991 1823 et
1010 1792 1064 1823 50.
1086 1810 1123 1815 —
1138 1792 1260 1834 fravas]
1287 1793 1451 1826 eiusdem
1472 1792 1614 1834 originis

912 1849 989 1874 voc.
1016 1850 1059 1874 ac
1091 1843 1254 1876 nostrum
1288 1843 1374 1885 falb,
1405 1841 1480 1876 Ital.
1509 1842 1611 1884 salbo,

914 1890 997 1923 Gall.
1014 1892 1126 1933 fauce.
1151 1892 1285 1926 Mosen.
1310 1892 1363 1926 Id.
1379 1893 1419 1933 2,
1438 1891 1508 1926 84:
1533 1887 1611 1925 Τοῦ

912 1939 943 1972 δ’
968 1937 1056 1983 ἤτοι
1083 1938 1129 1974 τὸ
1151 1941 1224 1984 μὲν
1246 1938 1343 1975 ἄλλο
1363 1941 1483 1986 δέμας
1509 1938 1615 1984 ξαν-

912 1988 1126 2037 θόχροον
1140 1987 1266 2032 ἔσκεν,
1282 1989 1434 2033 Κύκλος
1448 1990 1480 2024 δ’
1492 1987 1614 2038 ἀργό-

913 2050 1010 2081 φεος
1043 2041 1178 2085 μέσσῳ
1210 2039 1404 2088 μάρμαιρε
1433 2039 1610 2085 μετώπῳ.

914 2090 1014 2123 Conf.
1040 2091 1143 2123 Hom.
1167 2090 1266 2124 Iliad.
1284 2096 1332 2133 ψ,
1357 2090 1434 2124 454.
1455 2109 1492 2114 —
1509 2091 1614 2123 Victi-

913 2148 995 2172 mae
1029 2139 1182 2172 formam
1212 2139 1371 2173 similiter
1403 2139 1514 2173 refert
1544 2139 1610 2172 Od.

914 2189 952 2229 3,
979 2189 1037 2229 43,
1070 2189 1101 2222 4.
1142 2190 1297 2222 Fuerunt
1326 2190 1387 2231 qui
1417 2189 1613 2232 reprehen-

914 2239 1041 2271 derent
1084 2239 1188 2271 huius
1238 2240 1404 2272 carminis
1426 2263 1429 2266 Α
1454 2239 1610 2278 exitum,

912 2290 1039 2330 poetae
1075 2288 1223 2320 artificio
1256 2297 1384 2330 pamm
1421 2287 1611 2321 intellecto.

912 2336 1084 2370 Videlicet
1096 2346 1259 2370 summus
1271 2334 1562 2380 ἐνθουσιασμὸς
1576 2337 1612 2369 in

913 2387 1150 2429 placidissima
1163 2396 1205 2420 ac
1216 2386 1377 2429 religiosa
1389 2386 1495 2420 flituri
1506 2387 1614 2420 sacri-

914 2438 983 2470 ficii
1006 2438 1213 2478 cogitatione
1236 2437 1381 2470 tandem
1404 2437 1610 2479 adquiescit.

916 2487 1122 2528 (mat-minis
1135 2488 1294 2521 extrema
1309 2487 1454 2529 stropha
1469 2495 1490 2519 a
1506 2486 1613 2519 totius

915 2537 1089 2578 poematis
1124 2537 1294 2577 gravitate
1325 2545 1368 2568 ac
1397 2535 1612 2569 sublimitate

916 2586 1111 2628 discrepat:
1131 2586 1259 2619 desinit
1273 2586 1308 2618 in
1323 2584 1471 2618 vitulum
1486 2583 1613 2618 mulier

168 2641 222 2665 na.
263 2634 327 2667 Alii
351 2635 479 2676 orbem,
516 2636 561 2668 ad
585 2636 681 2683 quod
704 2645 737 2668 v.
763 2644 866 2669 com-
916 2635 1070 2668 formosa
1094 2636 1290 2677 superneb»
1314 2633 1480 2674 Srziimn.)

1559 235 1695 297 55x
