1722 2904
194 105 276 147 354

679 77 683 80 ι
710 104 882 137 HORATll
908 104 1133 138 CARMINUM

418 209 672 266 Nostrisque
702 208 880 252 ductum
914 207 1198 251 seditionibus

419 289 585 334 Bellum
616 288 788 349 resedit.
850 288 1048 332 Protinus
1079 294 1122 332 et
1151 301 1306 346 graves

1592 289 1646 331 30

479 372 568 414 Iras
600 378 643 414 et
672 370 857 413 invisum
885 375 1088 433 nepotem
1107 369 1402 444 42(th

530 452 682 494 Troica
710 464 842 509 quem
874 434 1044 508 peperit
1073 448 1302 516 saceglos,

419 557 540 600 Marti
570 556 819 609 redonabo;
850 555 970 599 illum
999 569 1080 613 ego
1110 554 1277 599 lucidas

422 638 535 681 lnire
566 637 720 687 sedes,
754 637 918 699 ducere
947 636 1135 691 nectaris

276 771 329 803 30.
362 770 479 811 aramis
501 769 536 801 b.
567 788 602 793 —
628 768 682 801 32.
711 769 811 801 Troia
840 770 987 801 auctore
1016 767 1160 800 Heinsio
1184 766 1311 808 Beati„
1337 768 1372 801 F.
1401 786 1437 791 —
1462 768 1515 800 33.
1542 777 1602 810 09⁰

232 828 303 852 om.
322 820 359 852 T.
381 837 417 842 —
443 818 496 852 34.
522 819 651 861 ducere]
676 819 800 851 discere
822 818 909 858 ch,
936 826 1027 850 corr.
1053 818 1087 857 S,
1112 814 1300 859 βκξχψω,
1325 825 1380 860 pr.
1405 827 1438 850 ν.
1458 819 1495 850 et
1520 815 1596 850 var.

231 869 311 902 lect.
336 879 362 901 ι.
390 869 441 911 (Ut
465 877 543 908 nos,
568 877 622 910 pr.
649 869 689 908 S,
714 868 870 900 Pottierii
894 868 931 908 4,
956 868 994 907 3,
1021 868 1057 907 6,
1085 867 1143 908 43,
1169 868 1229 908 45,
1254 867 1323 908 23.)

230 987 373 1020 29-34.
414 986 566 1028 ductum]
609 985 888 1028 «productumw

186 1045 254 1069 usu
276 1035 443 1069 omnibus
466 1037 551 1069 satis
575 1037 682 1075 noto;
708 1036 760 1069 sic
783 1036 891 1068 etiam

186 1087 319 1119 trahere
352 1086 472 1118 belluam
505 1085 572 1118 Sal.
604 1086 678 1126 lug.
705 1084 760 1118 64.
806 1086 887 1117 Tac.

186 1137 273 1169 Hist.
299 1137 336 1175 2,
363 1135 417 1168 34.
451 1153 488 1158 -
526 1135 751 1178 seditionibus]
787 1134 888 1167 ovid.

186 1186 288 1218 Trist.
316 1186 328 1217 4
345 1210 352 1225 ,
378 1186 398 1217 2
411 1209 420 1225 ‚
446 1186 488 1217 5:
514 1185 677 1218 Mulciber
690 1185 726 1217 in
743 1185 888 1223 Troiam,

183 1244 248 1279 pro
288 1235 390 1267 Troia
426 1234 539 1266 stabat
584 1235 724 1275 Apollo,·
774 1234 891 1275 Aequa

190 1286 297 1317 Venus
329 1284 483 1324 Teucris,
516 1283 629 1317 Pallas
661 1284 781 1324 iniqua
810 1283 886 1325 fuit.

186 1334 255 1375 (Sic
291 1333 386 1375 apud
418 1334 493 1366 Liv.
518 1332 581 1373 45,
608 1333 661 1365 49.
713 1333 891 1365 domestica

184 1384 299 1416 seditio
317 1384 372 1415 est
388 1382 588 1416 «discordia
605 1383 696 1415 inter
714 1382 888 1429 fratres»)

190 1451 227 1457 —
250 1433 381 1474 resedit]
408 1434 468 1465 «ut
491 1433 599 1465 maris
622 1433 743 1465 aestus
767 1432 891 1464 sedata

186 1484 401 1524 tempestate
417 1507 425 1521 ,
451 1482 502 1515 sic
527 1482 784 1523 compositum,
809 1481 891 1513 fini-

185 1533 263 1565 tum
297 1533 354 1565 est
374 1531 511 1564 bellum
534 1539 663 1564 eversa
686 1531 822 1563 Troia.»
850 1547 886 1553 —

185 1581 355 1624 Protinus]
383 1590 448 1614 «ex
469 1581 540 1614 hoe
562 1581 735 1622 temporis
757 1581 891 1622 puncto

166 1632 222 1664 ‘in
256 1631 450 1664 futurum.»
513 1631 555 1664 Ut
586 1632 713 1672 poeta,
758 1629 891 1663 nullam

185 1680 296 1713 habet
307 1681 482 1713 rationem
495 1681 653 1712 aetatum
665 1679 757 1712 inter
767 1680 890 1712 Troiae

186 1729 365 1763 excidium
388 1730 424 1762 et
445 1728 583 1762 Romuli
607 1729 823 1762 adscensum
855 1729 890 1761 in

189 1778 330 1813 caelum
353 1779 640 1820 praeteritarum.
669 1796 705 1801 -
729 1778 890 1820 nepotem]

188 1828 420 1868 «Romulum,
446 1829 566 1862 Martis
590 1827 736 1860 filium.»
766 1828 895 1861 Dicen-

189 1878 278 1911 dum
300 1877 358 1910 vel
379 1878 451 1911 hoc
473 1879 572 1918 erat,
605 1886 691 1910 cum
712 1877 807 1910 male
835 1876 894 1910 alii

188 1928 409 1970 interpretati
420 1928 491 1960 sint
507 1936 639 1960 «unum
651 1928 892 1969 posterorum,

190 1974 422 2021 ἀπόγονον.»

233 2053 287 2085 32.
326 2051 467 2094 Troica]
500 2052 594 2092 virg.
619 2053 707 2084 Aen.
737 2052 774 2090 4,
808 2051 891 2083 449;

192 2103 293 2134 Tro'ia
305 2110 414 2143 yaza,
431 2101 494 2133 ubi
506 2102 683 2142 Wagner:
716 2099 894 2133 «Alteram

190 2151 359 2190 formam,
387 2151 537 2190 Troicus,
561 2150 703 2182 videtur
717 2149 894 2191 pedestris

191 2201 302 2232 oratio
327 2199 395 2232 sibi
417 2199 635 2232 vindicare.»
674 2198 793 2231 Troica
814 2207 894 2231 ser—

191 2250 285 2281 vavit
319 2250 428 2282 etiam
461 2249 548 2282 Iahn
580 2249 616 2281 et
646 2249 818 2282 Meineke.
855 2266 901 2284 —.

191 2298 356 2340 sacerdos]
381 2298 439 2330 Ilia
464 2299 538 2331 sive
565 2299 637 2331 Rea
669 2297 790 2336 Silvia,
822 2298 895 2329 Ve-

192 2346 307 2387 stalis,
349 2357 368 2379 e
408 2348 579 2389 sanguine
618 2348 768 2380 Troiano
802 2348 892 2387 orta,

193 2405 276 2428 cum
299 2398 402 2438 pater
426 2398 502 2430 eius
525 2398 688 2430 Numitor
710 2396 755 2430 ab
775 2398 894 2430 Aenea

193 2445 433 2478 descenderit.
496 2446 628 2479 Vestae
669 2449 812 2486 autem,
855 2447 895 2478 ut

194 2495 283 2527 deae
325 2495 515 2535 Troianae,
559 2496 786 2529 sacerdotem
823 2504 894 2528 non

193 2544 377 2586 significat,
402 2545 452 2577 uti
476 2545 622 2586 quidam
644 2545 764 2578 voluit.
805 2544 894 2578 Vide

195 2594 405 2627 Excursum.

239 2667 291 2698 33.
308 2667 361 2700 34.
386 2667 504 2709 Marti]
530 2668 681 2710 «quippe
694 2667 764 2702 filio
776 2677 893 2703 meo.»

940 986 1027 1018 Iuno
1051 986 1201 1019 Martem
1229 984 1365 1019 lactans
1394 986 1450 1018 est
1472 986 1508 1018 in
1529 986 1644 1019 Museo

938 1035 1112 1068 Pio-Clem.
1138 1036 1163 1067 Ι.
1189 1035 1228 1067 Τ.
1245 1034 1277 1068 4.
1306 1053 1343 1058 —
1366 1035 1546 1078 redonabo]
1569 1036 1644 1068 Hoc

939 1084 1052 1118 verbo
1075 1085 1168 1117 inter
1190 1084 1383 1126 scriptores
1406 1093 1503 1118 nunc
1519 1093 1644 1127 super-

940 1134 1040 1167 stites
1063 1142 1156 1166 unus
1180 1134 1344 1167 Horatius
1366 1142 1455 1167 usus
1477 1134 1639 1174 videtum

939 1182 1004 1216 alia
1043 1182 1298 1224 significatione
1335 1183 1400 1215 Od.
1436 1184 1474 1223 2,
1511 1184 1551 1224 7,
1592 1183 1640 1224 3.,

939 1233 975 1265 h.
1002 1231 1025 1265 l.
1050 1241 1117 1274 pro
1140 1233 1268 1265 donare
1295 1233 1385 1274 (Cic.
1410 1232 1457 1265 ad
1486 1233 1582 1266 Fam.
1608 1234 1642 1273 5,
1696 1248 1698 1250 ·

939 1281 954 1315 4
972 1291 980 1314 z
1012 1282 1207 1315 inimicitias
1226 1283 1278 1315 rei
1296 1282 1450 1323 publicae
1477 1282 1638 1324 donare.)

939 1333 976 1364 ct
1009 1332 1211 1371 condonare,
1246 1332 1283 1364 in
1313 1331 1461 1365 alicuius
1493 1332 1644 1373 gratiam

939 1381 1044 1414 alicui
1073 1380 1206 1423 aliquid
1235 1381 1420 1414 remittere
1450 1380 1507 1415 vel
1537 1382 1641 1423 igno-

939 1439 1055 1463 scere.
1076 1447 1114 1454 -—
1139 1430 1408 1473 lucidas-sedes]
1431 1431 1532 1464 ovid.
1558 1431 1641 1465 Met.

941 1480 998 1520 45,
1033 1480 1117 1512 858:
1154 1481 1306 1521 Iuppiter
1339 1488 1435 1512 arces
1468 1480 1643 1521 Temperat

939 1530 1115 1562 domerias,
1154 1528 1251 1562 Iliad.
1276 1539 1321 1570 α,
1346 1529 1434 1562 532:
1463 1526 1643 1573 αἰγλήεν-
1693 1559 1695 1561 .

939 1588 1007 1619 τος
1036 1574 1309 1621 Ὀλύμπου.’-
1335 1579 1470 1621 ducere]
1507 1579 1548 1612 ut
1577 1578 1641 1612 Od.

941 1629 977 1669 4,
1012 1629 1072 1668 47,
1105 1629 1161 1661 22.
1210 1628 1275 1661 Od.
1307 1627 1346 1668 4,
1386 1629 1444 1668 ⁴2,
1483 1627 1558 1668 ⁴4„
1591 1630 1646 1663 est

943 1686 1046 1711 «cum
1064 1677 1219 1719 quadam
1243 1677 1422 1720 voluptate
1445 1677 1643 1719 obducere,

941 1727 1176 1767 sorbillare»;
1233 1728 1284 1761 ita
1333 1724 1460 1772 σπᾷν,
1519 1724 1644 1762 ἕλκειν

942 1775 1061 1811 οἶνον.
1086 1777 1152 1810 Alii
1166 1778 1303 1818 discere,
1327 1778 1425 1819 quod
1447 1777 1641 1820 explicant:

944 1835 1175 1860 «assuescere
1220 1826 1409 1870 saporibus
1452 1827 1643 1861 nectaris.»

943 1877 1076 1910 Reiecit
1110 1877 1204 1910 hanc
1240 1875 1323 1910 lect.
1362 1875 1543 1910 Bentleius
1575 1877 1645 1910 hac

943 1926 1080 1959 ratione
1114 1926 1261 1959 ductus:
1303 1925 1422 1967 «quod
1457 1926 1642 1966 dsscamw,

944 1984 1037 2016 quae
1067 1974 1125 2008 vel
1157 1974 1401 2008 difficultatem
1426 1974 1484 2008 vel
1506 1977 1644 2009 metum

943 2023 1001 2057 vel
1025 2024 1205 2058 fastidium
1231 2024 1400 2058 habent.»
1445 2025 1517 2058 Sed
1543 2027 1643 2058 recte

944 2075 1040 2107 hunc
1061 2083 1169 2107 usum
1190 2075 1406 2116 perpetuum
1433 2083 1516 2108 esse
1538 2083 1646 2116 nega-

943 2124 994 2156 vit
1015 2123 1318 2165 Vanderburgius.
1359 2123 1457 2156 Ovid.
1482 2125 1524 2157 A.
1544 2125 1586 2158 A.
1603 2124 1641 2164 3,

944 2174 1006 2206 27:
1026 2182 1092 2214 per
1111 2182 1164 2205 me
1186 2173 1359 2205 discuntur
1373 2182 1515 2206 amores.
1541 2173 1645 2207 Clau-

945 2223 1038 2255 dian.
1064 2221 1213 2264 Epithal.
1239 2223 1335 2262 ⁴30..
1362 2222 1425 2255 ubi
1445 2223 1566 2256 Venus
1588 2222 1644 2256 lo—

945 2272 1082 2313 quitur:
1114 2272 1219 2305 Viuite
1240 2272 1418 2305 concordes
1439 2275 1471 2305 et
1491 2275 1644 2305 nostrum

944 2322 1058 2354 discite
1084 2330 1224 2360 muman
1259 2321 1380 2354 Oscula
1404 2322 1496 2355 mitte
1514 2326 1640 2356 sonent.

944 2372 1045 2413 Rapt.
1085 2373 1249 2413 Proserp.
1289 2372 1327 2411 2,
1367 2371 1432 2404 367
1444 2380 1452 2403 z
1489 2372 1644 2405 manin&

943 2421 1113 2454 consortia
1145 2421 1259 2454 discite
1289 2421 1414 2461 somni,
1453 2420 1499 2454 de
1531 2420 1642 2454 rebus
1680 2452 1681 2455 ,

943 2471 1066 2512 utique
1089 2470 1311 2512 gratissimis,
1346 2479 1474 2503 verum
1502 2469 1548 2503 de
1576 2479 1643 2504 ue-

945 2522 1041 2552 ctare
1075 2519 1231 2562 potando
1265 2519 1387 2553 nescio
1417 2518 1504 2561 quid
1531 2518 1643 2553 habet

944 2568 1100 2609 ridiculi,
1141 2569 1239 2611 quod
1271 2578 1342 2602 uon
1374 2569 1565 2603 senserunt
1595 2569 1639 2608 ii,

945 2619 1006 2661 qui
1036 2627 1153 2660 nuper
1181 2619 1305 2652 discere
1334 2626 1459 2652 rursus
1488 2616 1642 2660 amplexi

945 2669 1038 2702 sunt.
1063 2668 1212 2702 Omnino
1234 2667 1269 2701 h.
1288 2667 1310 2700 l.
1327 2667 1494 2710 provenit
1514 2665 1560 2700 ab
1582 2666 1638 2707 iis,
