1722 2904
611 73 691 106 ΗΒ.
715 72 772 104 111.
819 71 858 103 C.
883 70 953 103 XX.

1446 63 1529 106 457

314 177 397 221 Ibit
426 177 636 234 insignem
664 167 864 232 repetens
891 171 1151 222 Nearchum,

318 257 488 302 Grande
516 263 752 305 certamen,
783 254 859 298 tibi
887 253 1049 312 praeda
1077 246 1220 302 cedat,

482 337 616 380 Maior
644 350 698 380 an
727 335 809 379 illa.

262 448 265 450 ’
316 443 511 493 Interim,
543 443 647 486 dum
674 449 719 485 tu
749 441 916 486 celeres
944 440 1118 497 sagittas

318 524 506 574 Promis,
536 523 644 567 haec
673 522 824 566 dentes
855 521 969 565 acuit
996 519 1231 566 timendos,

1479 515 1532 559 ⁴0

316 604 486 648 Arbiter
513 617 682 662 pugnae
710 603 909 661 posuisse
938 601 1054 645 nudo

487 684 575 728 Sub
606 683 718 742 pede
746 683 931 742 palmam

321 793 472 835 Fertur
501 796 544 834 et
571 789 655 832 leni
684 802 883 832 recreare
911 795 1038 832 vento

181 937 215 969 8.
245 935 356 974 aedat,
389 934 503 967 Maior
530 942 576 965 an
597 933 658 964 illa
685 932 834 965 norman
861 930 1068 973 Peerlkamp
1099 932 1136 963 et
1166 931 1283 973 Haupt
1311 928 1358 963 ad
1380 929 1490 962 Ovidii

139 984 286 1018 Halieut.
310 993 346 1027 p.
371 983 430 1017 40.
463 983 558 1015 cedat
578 982 692 1015 Maior
720 991 768 1014 an
787 981 837 1013 iun·
859 981 952 1014 Libri
975 982 1012 1013 et
1032 979 1147 1020 Edd„
1182 979 1290 1012 etiam
1309 978 1341 1012 J.
1366 979 1493 1021 (maior

139 1035 266 1068 enodat
286 1043 332 1067 aa
351 1033 402 1066 iu·
423 1033 473 1074 T.)
499 1050 536 1056 —
560 1034 642 1085 Post
663 1041 697 1064 v.
722 1031 754 1064 9.
780 1030 899 1063 deficit
921 1026 1042 1063 Codex
1064 1029 1089 1062 d
1109 1037 1225 1071 usque
1249 1028 1296 1062 ad
1311 1029 1431 1062 Carm.
1449 1027 1489 1068 4,

138 1085 176 1124 2,
201 1084 255 1117 34.
283 1102 320 1107 -
345 1084 378 1116 9.
403 1082 518 1115 colens
539 1082 576 1114 T.
598 1099 633 1105 —
653 1082 706 1114 40.
724 1080 895 1123 timendos]
918 1080 1074 1121 superbos
1097 1079 1277 1112 Gothanus
1301 1077 1401 1112 alter.

89 1199 213 1240 ¹tum.»
241 1207 400 1240 Diuum.
424 1215 460 1248 p.
486 1206 555 1246 30.,
580 1213 688 1247 quem
710 1204 791 1237 vide

99 1257 146 1290 de
175 1258 249 1290 toto
275 1255 355 1289 loco
377 1256 516 1297 egregie
540 1255 790 1297 disputantem.

98 1307 161 1340 Est
180 1306 299 1347 igitur:
326 1305 483 1347 =(Atque)
505 1304 541 1337 id
565 1304 710 1346 quidem
728 1305 794 1336 erit

98 1363 267 1396 maguum
289 1355 488 1393 certamen,
524 1362 607 1386 cum
635 1353 700 1385 ibit
722 1355 790 1386 cet.

99 1403 165 1437 Alii
187 1405 393 1446 separantes
410 1412 468 1435 vv.
484 1404 614 1445 ,qr-ande
627 1406 793 1435 certamen

99 1463 120 1486 a
140 1463 175 1486 v.
198 1453 388 1486 Nearchum
415 1452 533 1485 minus
560 1453 657 1484 recte
681 1451 793 1493 expli-

99 1504 199 1536 cant:
236 1503 396 1535 «Grande
429 1503 484 1535 est
515 1505 720 1534 certamen.»
751 1515 790 1524 ι-

100 1553 191 1586 Cum
219 1551 356 1593 volgata
387 1552 483 1584 cedat
510 1552 640 1592 Maior,
672 1561 718 1583 an
745 1551 795 1582 illi

99 1600 324 1644 probabilem
346 1600 615 1643 explicationem
637 1610 707 1633 non
730 1600 795 1632 ad-

100 1652 232 1691 mittat,
262 1652 384 1693 recepi
407 1651 474 1683 HP.
501 1652 536 1682 et
558 1650 697 1692 Hauptii
724 1650 795 1690 (qui

101 1701 169 1733 ΗΡ.
197 1709 269 1733 non
297 1701 457 1742 inspecto
480 1700 515 1731 in
541 1699 638 1731 idem
663 1699 795 1739 incidit)

101 1757 266 1791 sagacem
288 1758 330 1782 ac
356 1748 554 1781 facillimam
580 1749 798 1781 emendatio-

101 1807 186 1831 nem
210 1800 323 1839 σοάαι,
346 1799 460 1831 Maior
482 1807 527 1830 an
552 1799 612 1830 illa
640 1800 717 1839 (aan
739 1797 796 1829 illa

100 1848 224 1880 victrix
238 1847 354 1880 futura
370 1847 474 1888 sitm),
500 1848 558 1880 cui
581 1847 676 1880 favet
689 1848 797 1880 etiam

101 1896 357 1938 Dillenburger.
411 1897 479 1929 ΗΡ.
523 1905 605 1929 eam
645 1896 798 1929 firmavit

100 1945 179 1978 loco
194 1946 280 1988 Epp.
307 1947 345 1986 4,
364 1946 423 1986 40,
441 1946 501 1978 35:
533 1947 644 1978 minor
664 1947 700 1978 in
722 1955 799 1979 cer-

104 1996 228 2028 tamine
255 1996 363 2037 lonyo.

93 2078 99 2081 ,
146 2046 199 2078 40.
235 2046 344 2078 dentes
376 2045 482 2086 acuit]
519 2045 620 2084 Quod
654 2046 796 2087 proprie

102 2093 196 2127 valet
221 2094 266 2126 de
292 2103 378 2136 apro
406 2093 512 2136 (Iliad.
540 2093 579 2134 λ,
608 2094 691 2127 446ε
723 2092 798 2137 θή-

102 2154 181 2188 γων
197 2141 335 2177 λευκὸν
349 2140 501 2176 ὀδόντα.
533 2144 676 2177 Hesiod.
701 2145 795 2177 Scut.

104 2193 207 2226 Herc.
234 2202 268 2225 v,
298 2194 378 2226 388:
420 2191 537 2236 Θήγει
566 2191 608 2226 δέ
639 2203 681 2225 τε
714 2192 799 2226 λευ-

103 2240 175 2275 κὸν
190 2240 341 2275 ὀδόντα.
369 2244 464 2284 Virg.
483 2245 543 2275 Ge.
561 2243 600 2282 3,
624 2243 727 2284 255.‚)
753 2243 798 2275 ad

45 2322 48 2324 ,
103 2292 245 2325 leonem
268 2292 460 2333 transtulit,
500 2294 540 2324 ut
577 2269 731 2334 S⁷criptor
753 2293 798 2325 ad

105 2342 258 2374 Herenn.
272 2342 312 2382 4,
326 2342 380 2382 39,
397 2343 457 2374 54;
481 2342 565 2374 sicut
587 2351 604 2374 e
625 2350 728 2373 cavea
750 2342 799 2374 leo

103 2391 222 2423 missus
242 2409 261 2415 -
284 2409 321 2432 -‚
345 2400 466 2424 acuens
487 2392 605 2423 dentes.
635 2391 720 2423 Mira
744 2390 799 2423 illa

105 2439 209 2473 lectio
245 2441 399 2481 superbos
435 2449 500 2482 pro
534 2441 693 2472 timendos
722 2442 799 2472 orta

106 2489 245 2522 videtur
267 2499 286 2523 e
306 2490 410 2531 gloss.
437 2489 659 2532 «105uperbus
643 2490 800 2522 »arbiter

103 2548 247 2580 imam-

152 2589 188 2620 44
206 2589 288 2621 -43,
321 2589 460 2631 Arbiter]
488 2586 727 2635 βραβευτής,
745 2590 800 2621 iu—

842 1204 975 1246 praeda
1006 1212 1087 1236 esse
1118 1202 1218 1243 velit,
1252 1204 1373 1236 utrum
1399 1203 1537 1244 Pyrrho

842 1253 997 1296 palmam
1013 1254 1183 1296 porrigat,
1201 1262 1246 1286 an
1260 1251 1398 1295 puellae
1413 1261 1536 1285 amore

841 1312 1045 1346 percussae.
1085 1321 1122 1326 -
1153 1303 1263 1344 fertur
1289 1302 1448 1344 posutsso]
1483 1302 1539 1334 Si-

842 1362 950 1394 gnum
972 1353 1041 1385 hoc
1057 1352 1167 1385 fastus
1182 1361 1225 1385 ac
1239 1351 1440 1394 superbiae,
1465 1359 1537 1393 quo

841 1403 876 1435 in
899 1411 964 1436 suo
987 1402 1132 1435 arbitrio
1154 1403 1311 1445 positum
1334 1410 1415 1435 esse
1431 1410 1538 1444 prae-

842 1453 954 1484 mium
976 1452 1130 1485 ostendit
1151 1454 1257 1494 atque
1281 1452 1327 1484 de
1350 1452 1461 1493 ipsius
1485 1451 1538 1484 fa-

842 1511 927 1534 vore
962 1503 1140 1535 certantes
1171 1510 1284 1543 prope
1318 1501 1468 1534 deridet.
1498 1517 1534 1524 -—

842 1552 942 1594 nudo]
964 1551 1125 1584 «Nudum
1146 1551 1279 1593 pedem
1292 1560 1358 1593 pro
1374 1552 1447 1584 toto
1463 1559 1541 1583 cor-

843 1610 930 1643 pore
950 1601 1045 1633 nudo
1062 1601 1130 1633 dici
1146 1600 1309 1641 arbitror,
1333 1602 1374 1632 ut
1386 1599 1541 1642 pulchri-

844 1650 955 1682 tudini
988 1650 1144 1683 confisus
1178 1659 1264 1682 suae
1299 1659 1390 1691 puer
1422 1650 1540 1682 nudus

845 1700 986 1733 adstare
1024 1700 1193 1741 fingatur,
1234 1702 1416 1741 tamquam
1452 1699 1541 1732 alter

846 1749 1015 1791 Cupido.»
1039 1750 1165 1782 Bonis.
1191 1750 1267 1782 Huc
1291 1749 1387 1781 ducit
1411 1750 1538 1788 etiam,

845 1799 942 1841 quod
964 1799 1133 1832 humeros
1153 1808 1238 1831 sane
1260 1798 1376 1831 nudos
1399 1798 1542 1839 refrige-

846 1850 910 1881 rat.
937 1847 1067 1881 «Soleis
1090 1848 1177 1881 laxis
1199 1849 1357 1881 innixus»
1384 1850 1481 1880 certe
1497 1848 1543 1881 si—

846 1898 1012 1940 gnificare
1047 1905 1118 1930 non
1150 1899 1277 1939 potest.
1314 1914 1349 1920 —-
1376 1897 1540 1939 palmam]

846 1948 1013 1980 victoriae
1038 1948 1187 1988 signum.
1234 1949 1284 1979 Ita
1306 1949 1345 1979 ut
1366 1948 1542 1989 interpre-

846 1998 976 2036 temur,
992 1996 1172 2038 postulant
1181 2006 1237 2028 w.
1251 1996 1382 2028 Arbiter
1390 2005 1538 2038 puynae.

847 2048 903 2078 Sic
922 2047 958 2078 in
979 2045 1148 2086 gallorum
1170 2045 1443 2086 gallinaceorum
1466 2055 1543 2079 cer-

848 2096 978 2128 tamine
1002 2095 1097 2136 apud
1125 2095 1317 2127 Panoskam
1342 2096 1454 2127 Bilder
1475 2105 1543 2128 an-

847 2146 934 2177 tiken
955 2145 1077 2177 Lebens
1099 2145 1136 2176 T.
1162 2145 1202 2176 X.
1227 2144 1259 2177 4.
1284 2145 1377 2177 inter
1402 2146 1543 2178 utrum-

848 2203 917 2235 que
941 2195 976 2226 in
999 2193 1074 2226 solo
1098 2194 1189 2225 iacet
1211 2193 1339 2234 palma.
1381 2193 1455 2235 (Alii
1479 2203 1543 2227 ex-

847 2243 994 2285 plicant:
1032 2243 1094 2274 «in
1121 2242 1249 2275 lectulo
1279 2243 1398 2276 iacens
1424 2242 1543 2276 excal-

849 2295 990 2332 ceatus,
1028 2292 1151 2324 dextro
1185 2301 1287 2325 crure
1321 2301 1431 2335 super
1462 2294 1544 2326 sini-

848 2343 962 2374 strum
985 2341 1116 2383 posito,
1148 2340 1246 2374 laeva
1264 2342 1383 2382 palma
1408 2342 1541 2383 (manu)

848 2391 957 2432 tangit
993 2391 1124 2432 pedem
1156 2391 1336 2431 dextrum,
1381 2392 1416 2424 id
1448 2391 1544 2433 quod

849 2440 1077 2482 negligentiae
1100 2442 1240 2482 signum
1263 2450 1343 2474 esse
1366 2442 1488 2482 aiunt.)
1505 2460 1540 2464 —

843 2490 991 2531 posuisse
1005 2508 1025 2514 -
1039 2508 1059 2514 -
1080 2491 1200 2522 Fertur
1221 2494 1251 2522 ct
1265 2508 1285 2513 -
1298 2490 1463 2531 recreare]
1489 2490 1543 2522 Ad

848 2540 1132 2572 coniunctionem
1169 2539 1327 2572 infinitivi
1374 2539 1461 2581 perf.
1509 2541 1544 2571 et

848 2598 966 2631 praes.
1002 2589 1064 2622 cfr.
1100 2588 1216 2622 Valer.
1257 2590 1346 2622 Max.
1375 2590 1413 2628 2,
1439 2588 1476 2628 4,
1502 2589 1540 2620 2:

110 2638 194 2678 dex,
225 2639 306 2679 quia
328 2647 439 2680 penes
462 2638 578 2680 ipsum
605 2640 673 2678 est,
700 2638 799 2671 cuius
848 2639 989 2672 Senatus
1031 2639 1177 2672 consiaco
1220 2642 1354 2671 cautum
1398 2641 1461 2677 est,
1504 2646 1544 2670 nc
