1722 2904
217 69 299 111 (556

754 73 924 106 HORATII
948 73 1119 106 EPODON

443 175 604 227 Quodsi
638 176 805 233 pudica*
827 177 980 220 mulier
1011 178 1052 219 in
1083 184 1247 235 partem
1280 179 1395 223 iuvet

498 258 680 300 Domum
712 265 840 315 atque
871 258 1020 301 dulces
1051 258 1235 310 liberos,

1611 264 1664 304 40

443 338 601 381 Sabina
631 339 769 396 qualis
801 346 874 382 aut
902 347 1079 396 perusta
1109 339 1272 384 solibus

502 421 692 464 Pernicis
723 435 831 463 uxor
860 420 983 478 Apuli
1003 456 1010 470 ,

443 503 622 545 Sacrum
654 502 831 545 vetustis
862 509 1055 550 exstruat
1086 502 1211 559 lignis
1242 503 1383 546 focum

498 583 617 626 Lassi
650 582 731 625 sub
762 582 994 626 adventum
1023 584 1123 627 viri

443 663 746 721 Claudensque
777 664 901 707 textis
932 664 1121 708 cratibus
1152 665 1310 750 laetum
1340 679 1475 723 pecus

1610 667 1664 710 46

497 746 689 788 Distenta
719 745 852 788 siccet
881 745 1047 796 ubera,

303 865 354 898 43.
381 867 524 897 Sacram
546 868 575 896 et
597 865 731 897 vetustis
755 866 841 897 Cod.
869 864 1035 898 «Silvius»
1060 866 1156 907 apud
1173 866 1280 908 Cruq.
1299 892 1305 906 ‚
1331 875 1393 900 sex
1412 867 1524 900 Codd.
1544 868 1616 900 ficti

260 914 422 953 Valartii,
458 915 634 955 MuretuS,
673 923 716 947 ex
751 915 851 947 cuius
886 914 949 947 Ed.
975 916 1109 948 Veneta
1137 915 1234 959 apud
1256 916 1404 950 Paulum
1427 918 1621 950 Manutium

260 965 355 997 ⁴559.
392 973 562 1006 recepere
597 965 734 1004 Zeune,
771 964 933 1005 Mitsch.,

259 1016 467 1055 Sacramque
489 1016 622 1048 velastis
645 1015 837 1048 Lambinus
861 1017 952 1048 coni.

958 965 1124 1008 Doering.
1150 966 1195 1008 (et
1217 967 1320 1000 eiecit
1347 967 1452 1000 huius
1475 968 1618 1010 nepos);

215 1115 327 1147 «inter
363 1115 452 1146 haec
491 1114 687 1147 venationis
722 1115 913 1156 operisque
934 1119 940 1151 1
1006 1114 1059 1148 43.
1085 1114 1139 1148 44.
1165 1115 1310 1148 Sacrum
1329 1116 1475 1159 vetustis]
1499 1115 1664 1149 Nonnulli

215 1165 336 1197 rustici
361 1165 513 1197 studia.»

257 1213 374 1246 39-42.
399 1215 473 1246 Iam
490 1213 534 1245 ab
557 1212 802 1247 libertinarum
817 1223 916 1247 amo-

214 1273 271 1303 re,
312 1272 420 1305 quem
455 1263 671 1303 detestatur,
712 1264 835 1298 transit
867 1264 914 1296 ad

214 1314 417 1354 coniugium
452 1313 518 1346 sibi
557 1313 765 1355 optandum.
804 1331 841 1337 —
877 1315 914 1347 in

210 1363 354 1405 partem]
380 1372 482 1395 «eam
505 1372 673 1396 curarum
697 1364 914 1397 domestica-

212 1421 312 1452 rum,
338 1422 429 1454 quae
447 1413 493 1444 ad
516 1414 702 1446 strenuam
724 1413 913 1447 mulierem

211 1463 354 1504 proprie
378 1463 574 1504 pertinent.
600 1462 641 1495 ἑν
662 1463 805 1509 μέρει.»
845 1464 915 1496 Eu-

213 1513 279 1569 rip.
316 1511 365 1544 El.
402 1513 455 1544 74.
500 1511 639 1545 Electra
671 1513 717 1545 ad
749 1508 915 1560 αὐτουρ-

212 1559 293 1605 γόν,
313 1562 369 1594 cui
386 1562 421 1594 in
437 1562 701 1595 matrimonium
717 1563 797 1595 data
815 1565 911 1595 erat:

212 1611 280 1644 Δεῖ
308 1609 355 1654 δή
385 1621 434 1653 με
457 1607 714 1644 κάκέλευστον
737 1613 792 1653 εἰς
816 1607 913 1645 ὅσον

213 1661 338 1693 σθένω
376 1658 540 1700 Μόχθου
578 1661 911 1703 ’πικουφίζουσαν,

212 1708 265 1752 ὦς
302 1707 398 1757 ῥᾷον
435 1712 573 1757 φέρῃς,
622 1712 913 1755 Συνεκκοιιίζειν

212 1761 277 1794 σοὶ
301 1759 462 1802 πόνους·
496 1758 581 1802 ἅλις
603 1760 635 1793 δ’
660 1772 760 1803 εχεις
783 1757 915 1804 Τᾶξω-

212 1811 280 1843 θεν
299 1806 421 1868 ἔργα·
461 1807 531 1843 τάν
567 1809 703 1854 δόμοις
741 1811 772 1844 δ’
808 1809 914 1855 ἡμᾶς

213 1856 335 1919 χρεών
354 1857 668 1918 Ἔξευτρεπίζειν·
702 1860 860 1896 εἰσιόντι
883 1861 913 1894 δ’

213 1908 352 1957 ἑογάτῃ
383 1908 558 1957 Θύραθεν
587 1907 659 1954 ἡδὺ
683 1908 823 1945 τᾶνδον
850 1908 914 1945 εὑ-

213 1962 359 2007 ρισκειν
387 1958 525 2002 καλῶς.
563 1981 599 1984 -
625 1962 803 2004 Sabina]‹
803 1971 913 2004 ‹qua-

212 2010 265 2044 les
304 2020 384 2044 esse
424 2010 540 2043 solent
577 2011 727 2044 Sabinae
762 2020 911 2044 severae

215 2061 288 2101 (Od.
315 2061 351 2099 3,
378 2061 415 2099 6,
442 2060 509 2101 39.)
543 2062 579 2093 et
612 2060 776 2093 laborum
805 2070 913 2103 quam

215 2112 367 2143 maxime
396 2110 588 2143 tolerantes
612 2112 674 2143 aut
696 2110 829 2144 similes
857 2111 912 2143 his

215 2160 345 2202 Apulae
364 2156 650 2202 ἦλιόκαυστοι.»
678 2162 812 2194 Duram
828 2161 914 2193 anti-

214 2219 366 2251 quarum
398 2210 607 2242 Sabinarum
639 2211 747 2242 vitam
777 2210 914 2243 descri-

215 2260 266 2291 bit
288 2260 386 2292 ovid.
414 2260 504 2291 Med.
532 2261 611 2292 Fac.
638 2261 690 2292 Μ.
717 2261 801 2292 Stat.
830 2259 910 2292 Silv.

214 2311 252 2348 5,
279 2310 292 2341 4
310 2335 317 2349 ,
338 2310 414 2341 ⁴22:
448 2311 536 2341 Velut
550 2310 660 2350 Apula
675 2310 801 2342 coniux
816 2308 914 2351 Agiri-

213 2359 305 2391 colae
332 2360 430 2399 parci
451 2359 503 2391 vel
524 2360 590 2391 sole
615 2360 738 2401 infecta
766 2359 911 2399 Sabino,

216 2410 308 2448 Quae
328 2409 416 2440 videt
438 2409 564 2441 emeriti
590 2410 661 2440 iam
690 2412 913 2449 prospectan-

214 2458 299 2489 libus
321 2459 421 2489 astris
446 2458 582 2498 Tempus
603 2460 715 2491 adesse
728 2459 812 2499 viri,
832 2467 915 2499 pro-

211 2517 290 2547 pere
310 2516 503 2548 mensasque
525 2511 678 2548 torosque
698 2509 837 2541 Instruit
851 2518 913 2540 ex-

213 2560 401 2596 spectatque
432 2566 549 2589 sonum
585 2558 752 2599 redeuntis
788 2558 910 2589 aratri.

219 2625 253 2628 —
293 2606 457 2648 Pernicis]
495 2616 549 2648 pr.
581 2607 672 2648 «qui
711 2606 810 2639 facile
848 2615 914 2648 per

216 2657 354 2687 montes
385 2656 540 2695 enititur,
578 2655 690 2697 agilis,
728 2657 910 2698 impiger.»

962 1164 1006 1196 de
1030 1165 1156 1198 Mureti
1180 1166 1285 1207 coni.,
1310 1165 1451 1207 Valart,
1477 1167 1515 1199 ut
1537 1167 1585 1199 ait
1601 1167 1664 1200 ho-

961 1223 1020 1247 mo
1044 1214 1270 1255 intestabilis,
1297 1224 1317 1248 e
1341 1224 1405 1248 sex
1427 1216 1560 1249 Codd.:
1595 1216 1664 1249 Sa-

960 1273 1055 1296 crum
1087 1267 1118 1297 et
1149 1265 1301 1304 vetustis,
1349 1264 1416 1298 sed
1449 1274 1533 1298 eum
1567 1266 1663 1299 veris
1686 1259 1690 1278 '¹

962 1314 1074 1347 Codd.
1100 1315 1328 1348 retinendum
1361 1311 1571 1348 ἀσύνδετον
1601 1315 1660 1348 id-

961 1364 1075 1404 eirco,
1101 1364 1198 1406 quod
1220 1364 1278 1396 hic
1300 1366 1336 1397 et
1358 1365 1394 1397 in
1415 1373 1518 1407 seqq.
1543 1364 1664 1406 singil-

959 1412 1058 1446 latim
1080 1414 1151 1446 iam
1173 1413 1274 1452 dicit,
1307 1414 1491 1456 quomodo
1514 1416 1661 1448 strenua

961 1464 1088 1496 coniux
1118 1465 1287 1496 maritum
1315 1464 1438 1497 iuvare
1467 1463 1591 1497 soleat.
1622 1482 1659 1488 -

960 1512 1067 1546 Simili
1091 1514 1199 1546 modo
1222 1514 1355 1546 erravit
1376 1513 1569 1547 Lambinus
1593 1514 1662 1547 Sa-

959 1572 1119 1604 crwmqae
1145 1563 1281 1596 vetustis
1307 1563 1418 1596 edens
1431 1589 1439 1603 ,
1474 1563 1663 1597 Turnebus

959 1623 993 1646 v.
1019 1613 1073 1646 39.
1093 1613 1215 1645 iwvans
1235 1622 1454 1655 proponens.
1483 1632 1520 1638 —
1546 1615 1661 1656 Super

960 1663 1039 1696 foco
1063 1662 1211 1695 Laribus
1227 1672 1324 1695 sacro
1339 1663 1439 1696 arida
1455 1662 1548 1704 ligna
1563 1662 1660 1704 large

960 1714 1101 1755 reponit
1123 1714 1159 1745 et
1181 1713 1269 1746 cibis
1285 1714 1498 1755 apparandis
1529 1715 1566 1746 et
1593 1714 1664 1746 sic-

961 1763 1075 1796 cando
1099 1763 1234 1803 sudori,
1259 1763 1568 1804 quemadmodum
1597 1772 1663 1796 ae-

961 1814 1050 1846 state
1085 1812 1218 1845 faciunt
1249 1811 1342 1852 Itali,
1379 1814 1416 1845 et
1446 1811 1576 1845 balneo
1609 1812 1664 1844 fa-

962 1861 1089 1895 ciendo
1115 1860 1249 1904 (Tibull.
1269 1863 1306 1901 l,
1334 1862 1394 1903 ⁴0,
1419 1861 1478 1895 42:
1512 1862 1557 1894 Et
1577 1862 1664 1894 eali-

960 1913 1039 1945 dasm
1064 1912 1148 1954 fesso
1176 1915 1352 1953 comparat
1377 1921 1470 1944 mor
1498 1921 1636 1953 aquam.
1647 1911 1662 1954 )

959 1961 1077 2004 paullo
1093 1963 1174 1994 ante
1190 1962 1257 1993 viri
1279 1961 1486 1994 adventum.
1503 1980 1541 1985 —
1554 1961 1661 2003 Lassi]

962 2011 1083 2053 Lysias
1100 2011 1195 2053 apud
1210 2010 1311 2043 Rutil.
1326 2012 1414 2053 Lup.
1429 2012 1443 2043 4
1461 2036 1468 2051 ,
1486 2011 1524 2043 24
1541 2020 1549 2042 :
1573 2011 1665 2043 Rure

959 2062 1106 2101 rediens,
1135 2061 1277 2100 iudices,
1306 2060 1403 2092 homo
1423 2060 1538 2093 nmior
1557 2063 1660 2100 natu,

959 2120 1082 2153 maeno
1105 2111 1232 2151 calore,
1256 2111 1318 2143 vix
1331 2110 1665 2152 sufferensviaemo—

960 2161 1106 2201 lestiam,
1132 2164 1242 2193 tamen
1263 2161 1314 2192 his
1333 2160 1442 2193 verbis
1463 2164 1588 2202 egomet
1610 2169 1663 2207 me

960 2211 1129 2243 consolor:
1165 2211 1230 2242 Fer
1255 2210 1390 2252 fortiter
1411 2211 1542 2242 demam
1567 2210 1662 2243 labo-

959 2269 1031 2292 rem
1038 2269 1051 2298 ,·
1073 2260 1144 2292 icvm
1159 2259 1250 2292 brevi
1265 2260 1399 2292 donnum
1419 2259 1529 2292 venies
1543 2268 1663 2300 exspe-

958 2313 1085 2348 ctatus‚·
1116 2309 1257 2349 excipiet
1279 2312 1310 2341 te
1331 2309 1551 2350 defatigatm
1581 2309 1662 2341 dili-
1720 2318 1722 2334 1

959 2367 1039 2400 qens
1067 2361 1166 2398 atque
1194 2366 1314 2390 amans
1338 2366 1447 2396 axem
1481 2367 1523 2390 ea
1548 2358 1661 2390 sedulo

961 2417 1003 2440 ac
1032 2408 1149 2440 blande
1177 2407 1484 2448 praeministranda
1512 2408 1662 2440 detrahet

960 2459 1174 2499 languorem,
1199 2460 1230 2490 et
1243 2458 1342 2490 simul
1355 2458 1471 2490 seniles
1483 2457 1661 2490 nutriendo

960 2507 1133 2548 reparabit
1153 2508 1250 2539 vires.
1297 2507 1387 2539 Haec
1407 2515 1460 2539 me
1480 2507 1516 2539 in
1543 2507 1662 2539 itinere

959 2556 1154 2599 reeoyt'tatio
1182 2565 1290 2596 prope
1322 2556 1504 2597 confectwm
1533 2556 1660 2598 confir-
1714 2551 1716 2554 ’

960 2607 1085 2639 mahat.
1099 2607 1225 2638 ,Postea
1240 2614 1319 2638 vero
1334 2613 1410 2638 cum
1424 2606 1558 2638 donmm
1570 2605 1658 2644 veni,

960 2657 1043 2688 nihil
1065 2664 1181 2689 earum
1208 2664 1323 2688 rerwm
1349 2655 1475 2695 inveni,
1510 2655 1567 2688 sed
1596 2663 1660 2695 po·
