1722 2904
556 96 634 130 Lm.
660 97 715 128 ΠΙ.
765 96 803 128 C.
829 92 913 128 XlX.
1423 91 1499 135 451

292 201 355 244 Da
387 200 522 244 noctis
551 199 737 249 mediae,
769 199 843 249 da,
875 212 1003 256 puer.
1036 199 1210 256 auguris
1454 198 1506 240 ⁴0

237 281 457 324 Murenae:
490 281 625 324 tribus
658 287 730 324 aut
758 294 912 323 novem
1164 267 1168 270 ’

301 364 528 407 Miscentur
557 361 722 420 cyathis
750 360 904 418 pocula
934 360 1182 403 commodis.

157 507 209 540 ⁴0.
234 507 321 539 nocti
343 515 434 538 corr.
460 515 491 538 c.
520 522 557 528 —
582 505 706 546 auguri
729 513 760 536 c.
787 520 825 527 —
852 505 904 537 ⁴2.
930 505 1108 537 Miscentor
1130 513 1212 537 cum
1234 505 1415 546 Rutgersio
1431 508 1466 538 et

112 559 152 590 N.
178 557 317 590 Heinsio
340 555 528 589 Bentleius.
555 556 605 596 (Ut
627 563 708 594 nos,
735 554 845 587 Codd.
872 555 943 586 noti
966 554 1116 594 omnes.)

71 681 183 715 lendis
210 682 350 722 vesperi
379 679 560 722 epuletur,
597 688 688 720 quae
712 678 766 711 fe-

71 733 146 764 stae
162 739 305 772 semper
320 730 459 762 erant.»
484 729 668 761 Τυιιπιςιιυε.
699 730 766 760 An-

72 781 190 822 tiquus
219 773 313 812 enim
341 787 454 811 annus
477 779 655 811 Romanus
685 779 766 810 ante

71 830 318 867 Decemviros,
343 837 452 870 quem
475 829 610 860 Numae
634 836 766 860 annum

72 879 208 918 dicunt,
243 877 375 911 lunaris
398 879 491 916 erat,
538 878 583 909 ita
608 879 647 909 ut
670 878 765 909 Luna

73 937 164 961 nova
212 927 280 969 (dte
314 931 399 960 erstc
441 927 668 967 Erschet‘nuny
709 927 768 958 der

72 977 288 1019 Mondsichel)
327 978 461 1010 mensis
500 978 672 1017 cuiusque
706 976 768 1007 ini-

73 1027 158 1059 tium
182 1025 332 1066 faceret,
356 1026 451 1059 unde
472 1034 551 1058 mos
573 1026 630 1057 hic
646 1024 769 1057 Kalen-

73 1076 127 1109 dis
160 1076 196 1108 in
228 1075 402 1108 honorem
423 1077 541 1108 Lunae
574 1083 685 1107 novae
716 1074 769 1107 bi-

72 1125 180 1158 bendi
202 1126 393 1166 antiquitus
421 1133 535 1166 usque
566 1125 611 1157 ad
639 1125 767 1157 Horatii

73 1177 236 1217 tempora
249 1174 390 1207 videtur
405 1183 486 1207 esse
499 1176 671 1207 servatus.
690 1175 770 1206 Dio-

74 1232 152 1265 nys.
170 1223 279 1257 Halic.
306 1224 366 1264 40,
384 1223 438 1256 59.
466 1223 512 1256 ad
527 1233 559 1255 a.
578 1233 613 1255 u.
632 1232 664 1256 c.
683 1223 765 1256 304:

68 1267 183 1316 Ἦγον
203 1271 245 1306 δὲ
265 1270 357 1314 τοὺς
378 1270 506 1315 μῆνας
527 1270 625 1305 κατὰ
653 1270 768 1315 σελή-

73 1332 144 1366 νην
175 1323 243 1355 καὶ
274 1323 501 1356 συνέπιπτεν
533 1324 588 1363 εἰς
610 1319 680 1364 τὰς
701 1322 769 1354 Εἰ-

73 1370 165 1414 δοὺς
187 1368 212 1415 ἧ
235 1371 485 1415 πανσέληνος.

117 1422 170 1455 40.
186 1423 221 1455 Η
231 1447 239 1455 .
262 1423 320 1455 Da
333 1423 437 1454 noctis
450 1422 589 1464 mediae]
609 1421 673 1454 «da
686 1421 770 1454 alte-

73 1480 154 1504 rum
178 1471 345 1514 poculum
374 1473 408 1504 in
431 1472 606 1504 honorem
629 1471 767 1504 mediae

74 1522 204 1561 noctis,
221 1522 257 1554 in
269 1530 377 1563 quam
388 1521 615 1563 protrahetur
627 1529 771 1562 compo-

74 1571 207 1611 tatio»,
240 1570 290 1612 (ut
311 1570 374 1603 Od.
394 1571 430 1610 3,
448 1571 509 1609 28,
534 1571 596 1602 ⁴6:
632 1571 771 1602 Dicetur

73 1620 195 1652 merita
207 1629 279 1652 nox
292 1629 421 1660 quoque
435 1619 586 1661 naenia.)
607 1620 769 1651 «tertium

73 1670 109 1702 in
123 1669 299 1702 honorem
313 1670 395 1702 novi
412 1670 554 1710 auguris
566 1670 767 1702 Murenae.»

73 1719 179 1759 Tres,
203 1718 275 1751 noli
297 1718 477 1758 dubitare,
509 1719 576 1750 hae
599 1721 682 1751 sunt
702 1727 770 1761 po-

74 1769 224 1801 tationes
257 1768 460 1806 distinctae,
503 1777 574 1800 non
606 1777 695 1807 una,
731 1770 771 1801 ut

73 1817 196 1850 volunt
215 1818 427 1860 interpretes
448 1818 630 1856 timentes,
658 1827 703 1850 ne
720 1819 771 1850 ni-

75 1867 143 1899 mis
171 1866 391 1899 vinolentum
421 1875 461 1899 se
492 1869 667 1900 monstret
696 1869 770 1900 Ho-

74 1917 196 1948 ratius.
245 1915 460 1958 Sine-ellipsi
484 1917 547 1949 Od.
573 1917 612 1955 3,
636 1918 677 1957 8,
703 1917 766 1950 ⁴3:

74 1966 190 2006 Smne,
213 1967 406 2006 Maecenas,
430 1967 565 2006 cyamos
587 1967 688 1999 amici
710 1968 771 1999 So-

73 2016 166 2055 spuis
186 2018 327 2047 οωεωπ.
360 2016 493 2048 Eadem
515 2017 655 2057 genitivi
682 2026 770 2050 con-

76 2065 268 2097 structione
291 2066 438 2097 utuntur
460 2067 595 2098 Graeci.
642 2066 770 2099 Melea-

74 2122 139 2155 ger
157 2114 191 2146 in
206 2114 310 2146 Anth.
336 2114 406 2147 Pal.
424 2116 452 2146 1.
467 2123 502 2156 p.
523 2115 586 2147 ⁴22
602 2125 609 2146 :
638 2111 768 2159 Ἕγχει

73 2160 144 2204 τᾶς
164 2162 333 2204 Πειθοῦς
357 2164 422 2196 καὶ
442 2162 632 2210 Κύπριδος
643 2161 768 2197 Ἡλιο-

75 2211 200 2258 δῶρας
213 2237 223 2252 ,
246 2213 321 2246 Καὶ
343 2212 434 2246 πάλι
455 2212 524 2255 τᾶς
546 2211 666 2255 αὐτᾶς
680 2211 769 2248 ἁδυ-

75 2261 193 2306 λόγου
220 2260 399 2309 Χάριτος.
435 2265 574 2297 Marcus
595 2266 769 2305 Argenta-

75 2314 149 2346 rius
174 2313 226 2345 Ib.
251 2322 286 2355 p.
304 2313 385 2345 ⁴43:
408 2310 538 2357 Ἕγχει
560 2312 768 2357 Λυσιδίκης

76 2360 249 2403 κυάθους
274 2361 387 2402 δέκα,
423 2363 492 2406 τῆς
521 2362 562 2396 δὲ
585 2362 767 2406 ποθεινῆς

76 2406 305 2456 Εὖφράντης
320 2407 387 2443 ἕνα
400 2421 489 2454 μοι,
512 2410 636 2457 λάτρι,
661 2411 766 2445 δίδου

75 2458 236 2495 κύαθον.
266 2462 381 2495 Alexis
397 2462 491 2504 apud
507 2463 631 2495 Athen.
657 2464 693 2502 6,
712 2463 764 2496 64.

75 2521 110 2554 p.
138 2512 221 2545 254:
256 2512 357 2551 Παῐ,
392 2509 463 2554 τὴν
484 2509 654 2555 μεγάλην
676 2509 765 2553 δός,

77 2562 231 2602 ἐπιχέας
257 2560 387 2602 Φιλίας
406 2559 579 2602 κυάθους
604 2559 679 2593 τῶν
695 2571 768 2593 πα-

77 2609 220 2655 ρόντων
246 2612 437 2657 τέτταρας·
493 2608 593 2652 Τοὺς
615 2615 714 2657 τρεῖς
734 2610 766 2642 δ’

68 2660 233 2705 ’Ἑρωτος
261 2657 573 2705 προσαποδώσεις
594 2655 764 2706 ὕστερον·

815 697 835 703 -
850 697 869 703 -
885 679 978 724 φέρε
1002 675 1068 710 τὸν
1092 679 1217 724 τρίτον
1240 678 1356 720 Φίλας
1376 675 1510 725 Ἀφρο-

814 726 931 771 δίτης.
966 729 1110 760 Murena
1126 730 1246 761 autem
1258 755 1265 768 ,
1291 738 1361 761 non
1376 731 1514 762 Murae—

815 788 881 818 na,
906 778 1074 812 scribitur
1096 779 1165 811 hoc
1189 787 1320 812 nomen
1342 780 1377 812 in
1402 781 1512 813 Fastis

816 826 1029 869 Capitolinis.

861 878 913 909 Η.
952 878 1004 910 42.
1041 877 1146 910 tribus
1167 882 1228 910 aut
1249 879 1382 921 novem]
1418 879 1513 912 Diffi—

816 925 890 958 cilis
924 926 1013 959 t'acta
1042 929 1096 960 est
1125 927 1229 960 huius
1251 926 1320 960 loci
1342 929 1515 971 interpre-

816 975 899 1007 tatio
915 1001 922 1015 ,
962 977 1043 1017 quia
1076 976 1132 1008 alii
1156 977 1307 1018 cyathos
1329 986 1395 1019 pro
1417 979 1513 1009 certa

816 1033 984 1057 mensura
1011 1024 1159 1065 habent,
1197 1027 1233 1058 et
1255 1026 1386 1066 poculis
1406 1034 1517 1068 oppo-

817 1076 920 1114 nunt,
947 1073 1003 1106 alii
1024 1075 1172 1108 eosdem
1196 1084 1279 1108 cum
1290 1076 1420 1116 poculis
1433 1084 1518 1108 con-

818 1123 977 1156 fundunt.
1018 1126 1107 1157 Nam
1133 1126 1172 1157 ut
1192 1126 1409 1158 Graecorum
1431 1125 1516 1158 illud

816 1173 1066 1216 proverbium:
1092 1170 1119 1217 ἢ
1140 1175 1250 1207 πέντε
1271 1171 1300 1218 ἢ
1318 1177 1387 1222 τρί’
1412 1171 1440 1218 ἢ
1458 1173 1515 1219 μὴ

818 1223 989 1270 τέτταρα·
1014 1224 1158 1257 diverso
1171 1224 1279 1257 modo
1298 1224 1517 1266 explicarunt

818 1274 888 1306 iam
911 1274 1063 1315 antiqui,
1099 1273 1241 1306 Plautus
1273 1275 1308 1307 in
1334 1275 1453 1316 Sticho
1475 1276 1515 1315 5,

818 1323 858 1362 4,
894 1323 959 1356 24:
1012 1323 1135 1364 uVide,
1174 1327 1253 1364 quot
1288 1325 1424 1364 cymas
1459 1326 1518 1357 hos

818 1372 986 1405 bibimus?
1022 1373 1078 1405 St.
1106 1374 1181 1414 Tot,
1220 1377 1298 1414 quot
1320 1375 1426 1427 diqici.
1437 1379 1518 1407 sunt

818 1423 876 1455 tibi
905 1423 941 1454 in
971 1431 1088 1455 manu.
1136 1423 1254 1455 Cautio
1279 1427 1327 1456 est
1355 1424 1513 1456 Graeca:

819 1468 845 1515 ἦ
860 1473 969 1505 πέντε
989 1475 1073 1504 πῖνε
1089 1468 1116 1515 ἦ
1130 1474 1200 1517 τρί’
1217 1468 1245 1515 ἢ
1263 1469 1319 1515 μὴ
1335 1474 1515 1519 τέτταρα,

819 1521 1041 1564 simpliciter,
1077 1523 1111 1554 ni
1146 1522 1260 1562 fallor,
1296 1523 1341 1555 de
1374 1524 1519 1565 poculo-

818 1580 899 1604 rum
937 1580 1107 1611 numero,
1155 1574 1277 1604 contra
1311 1573 1516 1607 Athenaeus

821 1623 880 1660 to,
906 1622 960 1654 28.
985 1630 1020 1663 p.
1047 1621 1122 1654 426.
1149 1624 1184 1653 et
1207 1622 1410 1655 Eustathius
1433 1632 1513 1665 pag.

820 1670 916 1703 ⁴624.
943 1671 988 1703 de
1011 1671 1188 1704 mixtionis
1210 1672 1364 1712 ratione,
1396 1674 1449 1705 sic
1471 1674 1517 1706 de

819 1721 887 1752 hoc
910 1729 1054 1761 quoque
1088 1720 1166 1753 loco
1196 1721 1380 1762 ambigunt
1413 1723 1519 1755 inter-

819 1771 950 1811 pretes.
968 1770 1102 1802 Verum
1117 1771 1349 1811 respicientes
1363 1773 1516 1805 maxime

818 1829 852 1851 v.
876 1820 1078 1860 miscentur,
1103 1821 1269 1860 cyathos,
1295 1829 1514 1862 mensuram,

818 1868 1065 1910 distinguimus
1080 1878 1102 1901 a
1117 1869 1271 1910 poculis,
1296 1879 1448 1911 quorum
1471 1872 1515 1904 de

818 1927 967 1950 numero
978 1943 985 1957 ,
1003 1920 1044 1950 ut
1056 1918 1092 1950 h.
1106 1918 1128 1950 l.
1149 1919 1183 1950 in
1199 1921 1273 1951 tam
1288 1919 1388 1952 hilari
1404 1929 1516 1953 coena

818 1970 1099 2000 consentaneum
1122 1970 1220 2007 erat,
1258 1968 1342 2001 nihil
1372 1971 1516 2003 omnino

815 2018 1042 2059 praecipitur,
1056 2019 1162 2058 atque
1172 2017 1400 2059 explicamus:
1416 2021 1518 2052 «Sex—

817 2068 926 2099 tarius
965 2076 1048 2099 cum
1078 2068 1218 2099 constet
1247 2067 1319 2100 XII.
1356 2070 1513 2109 cyathis,

817 2117 1012 2149 miscentur
1026 2118 1086 2148 aut
1102 2118 1175 2148 tres
1190 2118 1281 2149 meri
1297 2118 1417 2159 cyathi
1433 2127 1516 2151 cum

816 2175 947 2198 novem
962 2174 1076 2207 aquae
1090 2166 1245 2206 cyathis,
1263 2175 1378 2208 eaque
1394 2169 1516 2201 mixtio

816 2214 1067 2248 infirmioribus
1082 2218 1163 2257 apta
1188 2217 1269 2256 erit,
1294 2219 1354 2249 ant
1373 2218 1514 2250 inversa

815 2266 951 2297 ratione
985 2273 1116 2297 novem
1149 2266 1239 2297 meri
1272 2267 1389 2307 cyathi
1428 2276 1511 2300 cum

817 2314 928 2347 tribus
945 2323 1076 2355 aquae,
1102 2323 1194 2355 quae
1215 2317 1311 2356 potio
1335 2316 1513 2349 validiori-

816 2363 885 2396 bus
900 2364 945 2396 sit
960 2363 1167 2396 destinata.»
1207 2365 1376 2397 Commodi
1391 2369 1511 2398 autem

815 2414 926 2453 cyathi
948 2413 983 2445 h.
1008 2412 1031 2445 l.
1056 2415 1138 2446 sunt
1169 2414 1336 2456 «plenum
1364 2415 1511 2447 modum

816 2462 1008 2502 hahentes,
1044 2463 1188 2504 integri,
1228 2465 1268 2495 ut
1297 2473 1342 2496 ne
1365 2466 1512 2506 propter

816 2512 936 2545 nescio
952 2521 1059 2553 quam
1075 2513 1219 2545 nimiam
1241 2514 1511 2554 temperantiam

817 2563 933 2595 minus
955 2563 1025 2594 vini
1046 2563 1246 2602 hauriatur,
1276 2571 1383 2604 quam
1407 2571 1510 2595 men-

817 2620 900 2644 sura
928 2612 1004 2653 ipsa
1033 2613 1222 2644 continet.»
1271 2612 1334 2652 (Cf.
1362 2613 1509 2653 Rutger-

816 2661 925 2701 sium,
960 2660 1172 2701 Bentleium,
1209 2660 1438 2694 Forcellinum
1478 2662 1510 2694 in
