1722 2904
252 59 336 102 596

768 61 940 94 HORATII
963 60 1189 97 CARMINUM

307 165 377 215 Et,
409 177 522 222 quae
551 177 666 208 nunc
694 163 885 208 humeris
915 164 1155 216 involitant,
1188 164 1428 210 deciderint
1456 180 1618 218 comae,

307 246 428 289 Nunc
459 252 502 289 et
530 245 604 303 qui
636 244 755 289 color
784 252 850 289 est
878 246 1090 303 puniceae
1120 245 1228 290 flore
1258 247 1378 305 prior
1407 261 1558 299 rosae,

306 351 490 395 Mutatus
519 350 770 409 Ligurinum
800 350 842 392 in
871 350 1024 394 faciem
1053 352 1230 396 verterit
1259 351 1500 411 hispidam,
1675 355 1701 396 5

338 510 371 542 ὅ.
396 509 596 551 Liyurinwm
617 507 843 547 BbSc‚LCtF:
880 507 1040 549 Ligurine
1062 507 1150 542 Cod.
1176 517 1279 542 meus
1302 509 1342 549 d,
1373 509 1444 542 duo
1467 510 1654 551 Torrentii,

292 558 472 592 Bentleius
496 559 531 590 et
554 558 598 590 M.

248 706 345 735 νεῖτε
360 699 488 744 Μηδὲν
501 695 597 746 ὑπὲρ
612 695 792 742 θνητούς,
811 692 844 730 ὦ
853 698 947 731 νέοι·
1000 699 1047 731 tia
1071 700 1167 732 esset
1180 708 1346 742 persona.
1379 702 1444 741 Qui
1459 703 1642 737 mutarunt
1664 705 1700 737 in

250 752 345 785 εἰσὶ
367 751 543 797 τρίχες.

292 802 323 834 3.
342 801 374 834 4.
398 800 544 832 humeris
557 797 743 840 involitant]
768 797 949 831 Eiusmodi

248 851 344 884 enim
380 850 480 892 pueri
513 847 709 891 puellarem
742 848 778 879 in
809 856 949 880 morem

248 909 389 934 comam
413 899 567 932 alebant.
602 897 665 930 Od.
683 898 720 937 2,
746 898 785 937 5,
811 897 848 931 2⁴
866 906 945 938 sqq.

247 951 310 983 Od.
327 951 364 990 3,
380 950 434 989 20,
451 948 503 982 44.
522 948 634 990 Epod.
651 948 685 980 Μ
702 973 709 987 ,
724 947 778 980 28.
794 946 945 980 Martial.

247 1001 284 1040 A,
309 1000 346 1032 34
362 1025 369 1039 ,
396 1000 434 1031 6:
465 999 621 1037 Dwmque
643 998 755 1029 decent
775 997 871 1038 fusae
894 997 948 1028 la-

243 1053 318 1082 ctea
351 1049 437 1081 colla
475 1048 594 1087 iubae,
634 1047 720 1079 item
754 1047 799 1079 de
833 1055 946 1088 puero

245 1098 409 1132 delicato.
457 1098 509 1130 De
533 1097 665 1130 semina
687 1096 794 1129 Anth.
821 1095 893 1129 Pal.
919 1097 945 1128 Ι.

243 1157 278 1191 p.
316 1148 379 1180 92.
420 1144 490 1188 τὰς
523 1148 658 1202 τρίχας
685 1166 705 1171 -
722 1164 742 1170 -
769 1142 846 1186 Τὰς
884 1144 948 1178 ἐπὶ

243 1200 327 1239 τοῖς
361 1196 550 1244 σοβαροῖς
579 1192 718 1236 αὐχέσι
752 1194 946 1238 πλαζομέ-

242 1258 323 1290 ν.ας
364 1267 400 1271 -
436 1247 632 1287 deciderint]
667 1245 795 1279 Adulta
824 1247 946 1278 autem

242 1299 357 1331 aetate
374 1297 632 1336 tondebantur,
659 1298 711 1336 et,
731 1296 791 1337 qui
808 1295 945 1329 servilis

241 1348 459 1381 condicionis
471 1348 582 1386 erant,
600 1347 635 1378 in
648 1347 851 1378 ceterorum
864 1354 947 1377 con-

240 1406 428 1431 servorum
461 1405 608 1438 gregem
638 1396 779 1428 iamiam
814 1395 945 1427 transi-

239 1447 350 1486 bant3
375 1446 531 1479 libertini
550 1445 658 1478 alium
679 1444 943 1486 quaesticulum

240 1496 587 1538 circumspiciebant.
624 1493 772 1529 Martial.
797 1495 832 1526 Μ
848 1519 855 1532 ,
875 1494 938 1526 78:

241 1547 396 1580 Tondebit
405 1555 530 1586 pueros
543 1546 614 1577 imm
628 1554 718 1577 nova
732 1547 839 1585 nupta
854 1547 938 1576 tuos.

238 1597 295 1630 Sic
333 1595 515 1628 Smerdiae
550 1594 756 1636 Polycrates
795 1594 942 1636 propter

237 1645 469 1689 ζηλοτυπίαν
490 1644 663 1677 adversus
679 1644 941 1676 Anacreontem

238 1696 356 1729 crines
375 1694 561 1727 detonderi
585 1693 697 1726 iussit.
723 1692 810 1725 Vide
826 1692 941 1734 Bergk

237 1745 283 1777 ad
315 1746 442 1777 Anacr.
482 1744 536 1776 Fr.
573 1742 635 1775 46:
671 1738 886 1787 Ἀπέκειρας
908 1740 939 1773 δ’

237 1791 390 1836 ἁπαλῆς
422 1790 552 1835 κόμης
595 1787 764 1834 ἄμωμον
802 1789 936 1832 ἄνθος.

236 1843 507 1877 Pseudolucian.
542 1843 663 1874 Amor.
697 1842 758 1874 ⁴0:
811 1839 834 1874 ὁ
866 1841 939 1884 μὲν

232 1890 433 1936 Αθηναῖος
460 1887 682 1951 εὖμόρφοις
698 1892 831 1924 παισὶν
847 1889 937 1935 ἐξή-

236 1953 377 1987 σκητο,
420 1942 486 1975 καὶ
524 1941 598 1982 πᾶς
642 1942 795 1984 οικέτης
832 1938 936 1986 αὐτῷ

236 1989 377 2032 σχεδὸν
410 1988 582 2035 ἀγένειος
604 1985 673 2034 ἦν,
711 1992 847 2047 μέχρι
862 1990 932 2024 τοῦ

236 2052 386 2089 πρωτον
446 2037 738 2100 ὖπογραφέντος
798 2036 935 2082 αὐτοῖς

234 2090 331 2131 χνοῦ
368 2092 675 2139 παραμένοντες,
711 2088 864 2124 ἐπειδὰν
894 2090 935 2124 δὲ

236 2140 382 2183 ἰούλοις
414 2142 458 2173 αἱ
478 2141 632 2188 παρειαὶ
666 2139 933 2181 πυκασθῶσιν,

235 2189 440 2234 οἰκονόμοι
462 2191 528 2223 καὶ
550 2189 626 2223 τῶν
644 2186 828 2234 Αθήνησι
854 2200 935 2230 χω-

234 2243 326 2289 ρίων
349 2239 558 2285 κηδεμόνες
581 2235 872 2274 ἀπεστέλλοντο.
895 2259 932 2264 -

230 2292 403 2332 puniceae]
438 2299 653 2333 purpureae.
700 2290 800 2323 Idem
837 2291 935 2323 rota-

232 2349 314 2374 rum
346 2341 505 2373 Aurorae
539 2338 716 2373 ἐπίθετον
750 2341 805 2373 est
837 2340 934 2382 apud

231 2390 326 2431 Virg.
345 2392 432 2422 Aen.
453 2390 510 2429 42,
530 2390 583 2422 77.
615 2390 807 2431 Usurpatur
823 2389 868 2422 de
885 2390 935 2422 vi-

231 2439 315 2472 vido
337 2439 455 2471 colore
478 2438 605 2479 rubro,
630 2439 726 2471 unde
745 2438 873 2472 Gellius
889 2440 930 2471 N.

231 2489 271 2521 A.
287 2488 325 2529 3,
343 2489 376 2521 9.
403 2489 523 2521 dicere
547 2497 655 2521 ausus
680 2489 756 2521 est:
783 2497 930 2530 equum,

231 2538 340 2570 colore
371 2537 686 2578 eoeuberantissimo,
726 2546 824 2577 quem
839 2555 859 2561 -
872 2545 933 2570 nos

231 2605 250 2610 -
266 2605 284 2610 -
296 2588 477 2627 puniceum
500 2587 651 2619 dicimus.

275 2637 306 2668 5.
332 2635 543 2678 Liyurinwm]
567 2636 727 2685 Dictum,
746 2636 847 2678 quasi
864 2637 932 2668 ler-

983 749 1201 784 vvocativum
1215 775 1223 790 ‚
1261 759 1333 784 non
1355 752 1441 785 satis
1463 755 1713 796 perceperant

999 797 1170 832 acerbam
1191 801 1320 841 poetae
1344 802 1580 836 sententiam:
1623 804 1696 844 «te,

998 857 1152 890 puerum
1168 850 1241 882 tam
1256 849 1452 884 formosum
1475 853 1618 894 tamque
1634 862 1699 886 su-

997 897 1153 939 perbum
1169 900 1261 932 cet.»
1297 901 1488 934 Praeterea
1503 902 1564 943 qui
1578 901 1700 944 legunt

997 948 1178 989 Ligurine,
1225 951 1455 984 construunt:
1499 961 1576 985 own
1607 953 1700 985 color

996 1006 1095 1030 rosae
1125 1001 1274 1031 mutatus
1297 1001 1435 1033 verterit
1470 1001 1543 1043 (se)
1581 1002 1618 1034 in
1638 1003 1698 1043 fa-

996 1046 1079 1079 ciem
1100 1047 1289 1089 hispidam,
1326 1058 1409 1082 cum
1431 1050 1544 1083 multo
1567 1051 1699 1094 simpli-

997 1096 1072 1128 cior
1105 1097 1150 1130 sit
1183 1096 1292 1130 altera
1326 1100 1416 1132 ratio
1449 1101 1556 1142 atque
1592 1096 1696 1135 huius

997 1146 1163 1179 carminis
1180 1146 1289 1180 indoli
1305 1149 1596 1182 convenientior:
1621 1159 1697 1183 cum

995 1196 1087 1228 color
1107 1200 1256 1229 mutatus
1278 1198 1385 1239 atque
1409 1199 1581 1232 evanidus
1596 1200 1698 1242 Liqu-

994 1245 1108 1278 rinwm
1140 1247 1277 1279 verterit
1302 1248 1338 1279 in
1367 1248 1490 1289 faciem
1510 1249 1694 1291 midam,

995 1294 1031 1327 id
1055 1296 1126 1336 est,
1163 1296 1195 1328 ei
1225 1296 1402 1329 induxerit
1431 1297 1560 1331 faciem
1581 1299 1695 1341 hispi-

995 1344 1091 1377 dam.
1139 1344 1263 1378 Tibull.
1291 1346 1330 1385 ⁴,
1355 1347 1394 1386 8,
1419 1347 1456 1379 34
1477 1357 1484 1379 :
1511 1348 1634 1381 Carior
1647 1352 1696 1382 est

994 1403 1080 1427 auro
1102 1395 1246 1435 iuvenis,
1280 1396 1334 1428 cui
1367 1396 1454 1428 levia
1473 1397 1601 1439 fugent
1623 1399 1695 1432 Ora

992 1453 1051 1476 nec
1066 1444 1243 1485 amplexus
1263 1445 1396 1486 hispida
1418 1446 1525 1479 barba
1546 1448 1633 1480 terit.
1654 1466 1692 1472 —

991 1493 1176 1535 hispidam]
1211 1494 1407 1528 «hirsutam
1441 1496 1549 1537 atque
1585 1506 1693 1539 aspe-

991 1553 1114 1583 ram»;
1140 1552 1213 1576 non
1236 1553 1319 1577 cum
1342 1544 1435 1578 aliis:
1463 1546 1579 1587 «rugis
1603 1555 1692 1579 con-

992 1595 1143 1626 tractam
1167 1594 1202 1626 et
1232 1594 1448 1627 horridam.»
1488 1596 1566 1628 Non
1595 1597 1693 1630 enim

991 1652 1116 1677 senem
1145 1643 1244 1685 fingit
1272 1643 1340 1677 sibi
1364 1645 1527 1678 Horatius
1555 1647 1692 1688 Liguri-

990 1703 1077 1727 num
1099 1694 1271 1736 pristinae
1295 1694 1486 1736 superbiae
1508 1698 1693 1738 poeniten-

990 1747 1065 1778 tem
1114 1743 1219 1785 (quae
1268 1744 1415 1786 quidem
1453 1746 1690 1787 ingratissima

991 1793 1117 1826 fuisset
1139 1793 1293 1835 imago),
1319 1793 1385 1826 sed
1411 1794 1578 1828 iuvenem
1603 1804 1692 1837 pue-

989 1842 1112 1876 rilibus
1145 1843 1246 1876 hisce
1280 1843 1464 1877 amoribus
1506 1853 1577 1877 non
1617 1846 1690 1878 iam

989 1894 1133 1934 aptum;
1167 1893 1335 1934 quocirca
1358 1902 1427 1926 nec
1450 1902 1483 1926 v.
1509 1894 1691 1938 decidmnt

989 1943 1156 1984 «propter
1188 1941 1345 1975 vetulam
1380 1944 1534 1976 aetatem
1572 1943 1690 1976 deflu-

987 1992 1126 2024 xerint»
1178 1991 1427 2034 explicandum
1475 1995 1546 2034 est,
1597 1994 1684 2028 sed:

987 2041 1121 2074 «cultro
1143 2043 1306 2075 resectae
1330 2041 1494 2075 fuerint.»
1521 2043 1688 2086 (Opponl-

985 2092 1043 2123 tur
1073 2100 1162 2131 puer
1202 2091 1310 2124 adhuc
1353 2091 1480 2125 lubrico
1519 2102 1687 2135 qenamm

983 2141 1155 2182 splendore
1183 2141 1379 2182 conspicuus
1405 2141 1508 2184 Apul.
1541 2143 1624 2176 Met.
1651 2143 1683 2184 9,

983 2191 1038 2223 22.
1053 2191 1137 2222 Stat.
1150 2189 1404 2223 FlaccusAnth.
1414 2190 1486 2224 Pal.
1496 2192 1538 2225 11.
1555 2201 1590 2234 p.
1606 2191 1682 2226 457.

983 2240 1161 2272 invehitur
1182 2240 1219 2274 in
1241 2240 1509 2274 adolescentem
1539 2242 1685 2275 iamiam

983 2290 1201 2336 φρίσσοντα
1223 2291 1395 2334 γενείοις,
1421 2292 1458 2324 et
1473 2292 1589 2324 Strato
1600 2300 1681 2333 pag.

984 2340 1060 2373 455.
1079 2339 1358 2373 adolescentium
1370 2341 1504 2387 τρίχας
1518 2340 1683 2374 absolute

982 2386 1051 2431 τὰς
1073 2386 1270 2436 φθονερὰς
1290 2390 1419 2431 vocat.)

1028 2440 1059 2472 6.
1095 2439 1173 2481 heu]
1212 2440 1340 2472 Poetae
1372 2440 1427 2472 est
1449 2438 1656 2472 exclamatio
1671 2464 1680 2480 ‚

983 2498 1054 2522 non
1069 2490 1189 2532 pueri,
1213 2490 1254 2521 ut
1273 2488 1329 2522 alii
1348 2488 1537 2522 voluerunt
1557 2489 1683 2522 distin—

983 2539 1100 2571 ctione
1123 2539 1268 2571 mutata.
1303 2556 1340 2563 —
1375 2542 1407 2571 te
1427 2538 1572 2580 speculo]
1607 2539 1682 2572 An-

981 2587 1220 2629 tiquissimum
1264 2586 1370 2629 gloss.
1413 2590 1445 2620 te
1479 2587 1515 2620 in
1550 2587 1682 2628 spemdo

981 2637 1167 2678 comparet
1200 2637 1270 2669 iam
1304 2637 1339 2669 in
1369 2636 1500 2670 Codice
1523 2637 1572 2670 Β.Ι
1610 2636 1680 2670 Sed
