1722 2904
674 90 844 123 HORATH
870 90 1094 124 CARMINUM

325 195 506 238 Dextras
536 193 751 244 obarmet‚
785 206 998 250 quaerere
1028 192 1196 243 distuli,

326 276 414 318 Nec
444 274 555 317 scire
586 274 648 317 sas
681 280 746 317 est
775 273 942 325 omnia3
972 298 1029 304 —
1060 273 1139 316 sed
1170 272 1244 316 diu

384 357 575 412 Lateque
605 354 805 398 victrices
836 360 1035 397 catervae

440 435 638 479 Consiliis
670 434 836 478 iuvenis
870 434 1058 477 revictae

327 541 538 590 Sensere,
571 539 677 597 quid
707 552 830 582 mens
860 539 962 589 rite,
994 538 1101 596 quid
1131 538 1299 583 indoles
1551 541 1606 583 25

325 621 489 663 Nutrita
517 620 664 663 faustis
696 619 778 663 sub
808 618 1101 676 penetralibus

382 702 555 749 Posset,
588 700 694 757 quid
723 699 902 756 Augusti
933 706 1139 756 paternus

244 822 299 853 ΞΛ.
331 821 479 853 obarmet
508 828 687 861 superscr.
715 818 797 851 «vel
826 819 910 850 sub»
935 818 975 859 d,
1002 819 1171 851 subarmet
1193 827 1224 851 c.
1253 837 1290 842 —
1314 818 1370 852 24.
1393 827 1566 860 repressae

203 880 293 903 corr.
311 869 338 910 β
350 896 357 910 ,
381 868 578 909 Bentleius,
595 869 736 901 reiectae
750 868 909 901 Wadius.
931 886 967 891 —
985 869 1039 900 26.
1057 868 1187 910 faustis]
1203 869 1327 901 sanctis
1339 868 1452 901 Bentl.
1470 870 1562 902 coni.

202 977 255 1008 24.
287 976 340 1007 22.
378 974 542 1014 obarmet]
576 975 720 1006 Praeter
746 974 860 1005 Hora-

157 1026 244 1058 tium
284 1025 353 1056 hoc
388 1023 501 1056 verbo
540 1023 595 1055 usi
633 1024 715 1056 sunt
753 1023 858 1054 etiam

158 1074 334 1107 Ausonius
371 1073 487 1115 Epigr.
523 1073 579 1104 25.
620 1073 657 1104 et
691 1071 860 1113 Apuleius

159 1125 300 1157 Metam.
333 1124 372 1162 2,
409 1123 463 1155 25.
504 1122 543 1161 9,
581 1122 618 1153 4:
658 1125 777 1153 contra
808 1130 861 1153 mo

157 1181 278 1205 manus
312 1172 435 1212 impias
476 1170 686 1203 obarmabat.
740 1171 859 1203 Lectio

155 1223 325 1254 subarmet
346 1222 427 1254 nata
449 1221 591 1253 videtur
614 1229 657 1252 ex
680 1219 795 1252 littera
815 1220 860 1252 fi-

157 1271 225 1304 nali
245 1271 495 1313 praecedentis
507 1279 540 1302 v.
553 1271 713 1302 Dextras.
733 1288 771 1293 —
789 1270 859 1302 dis-

156 1322 227 1361 tuli]
273 1329 468 1361 «quaerere
503 1319 742 1360 supersedeo,
787 1327 858 1351 non

156 1372 293 1404 vacat.»
324 1387 361 1393 —
393 1370 460 1401 Nec
482 1369 567 1401 scire
586 1369 642 1409 fas
664 1371 711 1400 est
732 1369 856 1408 omnia]

157 1421 231 1453 Hoc
244 1418 390 1461 quidem
406 1417 515 1450 refert
530 1418 858 1458 antiquissimorum

155 1472 359 1510 temporum
381 1475 546 1506 sensum,
584 1475 667 1498 cum
689 1466 858 1499 mortales

156 1519 308 1551 deorum
350 1515 530 1548 voluntate
575 1517 740 1556 negatam
790 1515 857 1548 sibi

155 1577 235 1601 esse
259 1574 381 1598 rerum
404 1565 578 1606 imprimis
602 1565 648 1597 ad
670 1564 857 1606 religiones

154 1617 408 1660 pertinentium
453 1615 690 1655 cognitionem
733 1614 855 1646 timide

157 1666 403 1708 agnoscerent.
441 1666 515 1696 Nec
539 1665 614 1696 sine
639 1673 746 1697 causa
770 1665 857 1696 Sca-

154 1715 242 1757 liger
272 1714 471 1755 comparari
501 1714 603 1746 iussit
625 1713 724 1745 Pind.
750 1715 852 1745 Nem.

155 1766 193 1804 5,
221 1764 283 1796 46:
321 1760 532 1804 στάσομαι·
564 1757 613 1794 οὕ
635 1772 696 1794 τοι
719 1755 856 1794 ἅπασα

155 1812 312 1860 κερδίων
329 1813 517 1845 Φαίνοισα
533 1809 743 1857 πρόσωπον
764 1808 857 1844 ἀλά-

154 1863 225 1895 θει’
249 1859 426 1909 ἀτρεκής·
459 1862 534 1894 Καὶ
556 1859 602 1894 τὸ
625 1859 739 1906 σιγᾷν
761 1860 856 1894 πολ-

155 1910 265 1953 λάκις
299 1911 381 1944 ἐστὶ,
404 1908 636 1951 σοφώτατον
663 1908 854 1957 ἀνθρώπῳ

154 1961 309 2004 νοῆσαι.
337 1980 373 1984 -
403 1962 478 1993 Iam
494 1961 723 1994 manifestum
744 1962 799 1994 est
819 1961 856 1993 id

154 2012 338 2044 Horatium
363 2011 478 2052 egisse
496 2036 503 2050 ,
534 2012 575 2043 ut
597 2010 676 2042 loco
700 2011 745 2042 de
769 2011 856 2043 Vin-

156 2060 277 2093 delicis
323 2059 542 2101 aliquantum
580 2060 852 2099 immoraretur;

156 2110 189 2142 id
215 2109 312 2151 quod
335 2109 468 2151 optime
492 2108 568 2141 fieri
591 2110 732 2150 poterat
754 2117 854 2141 more

155 2159 272 2200 aliquo
288 2158 428 2190 illorum
444 2159 571 2199 insigni
593 2158 830 2191 describendo
845 2168 853 2198 ;

156 2208 261 2249 elegit
284 2208 387 2249 igitur
412 2215 537 2240 eorum
560 2215 728 2247 secures,
765 2216 856 2248 qua-

155 2267 236 2290 rum
260 2258 375 2289 aciem
390 2257 538 2289 Romani
560 2257 645 2289 satis
670 2258 770 2289 erant
793 2266 856 2289 ex-

158 2307 273 2349 perti;
308 2308 415 2347 atque
447 2306 492 2338 ad
523 2314 607 2338 eum
637 2305 747 2338 finem
770 2314 856 2338 usus

157 2358 212 2389 est
235 2355 471 2397 digressione,
498 2364 590 2396 quae
606 2356 776 2400 gravitate
791 2356 858 2387 mi-

158 2406 252 2437 nime
279 2406 387 2437 caret.
435 2405 532 2437 Haec
562 2413 646 2437 cum
675 2413 747 2437 non
770 2405 855 2437 satis

156 2455 401 2496 perspicerent
444 2454 657 2496 interpretes
709 2453 856 2495 quidam

157 2511 374 2544 omnemque
415 2502 510 2535 hunc
555 2501 675 2534 locum
708 2511 856 2544 prorsus

158 2552 311 2584 otiosum
334 2559 413 2584 esse
438 2551 627 2591 ducerent,
654 2551 735 2584 inde
752 2560 772 2583 a
789 2553 858 2584 Gu-

158 2601 241 2639 yeto
270 2609 335 2642 pro
368 2600 516 2632 insititiis
545 2600 612 2632 hos
640 2608 766 2633 versus
789 2600 856 2632 ha-

159 2647 330 2688 buerunt,
358 2650 398 2681 iis
415 2648 540 2681 deletis
557 2649 608 2681 sic
624 2648 855 2684 scribendum

908 974 1174 1015 proponentes:
1230 973 1344 1006 Videre
1373 974 1485 1007 Raetis
1520 974 1608 1007 bella

909 1022 968 1054 sub
996 1022 1131 1063 Alpibus
1155 1023 1307 1055 Drusmn
1337 1027 1504 1065 yerentem
1528 1024 1608 1056 Vin-

910 1071 1028 1110 delici,·
1063 1074 1094 1103 et
1122 1071 1180 1103 diu
1210 1071 1276 1113 (vel
1306 1075 1337 1105 et
1359 1073 1491 1105 omisso
1506 1098 1514 1113 ‚
1551 1073 1609 1106 diu

910 1121 1108 1162 dumtaxat)
1145 1122 1237 1161 cet.;
1284 1130 1355 1163 quo
1397 1122 1545 1164 quidem
1577 1126 1609 1156 et

908 1169 992 1202 nihil
1015 1169 1216 1211 languidius
1240 1171 1432 1212 excogitari
1454 1173 1606 1214 poterat,

909 1228 992 1251 cum
1015 1221 1071 1251 sed
1093 1221 1245 1261 optime,
1281 1222 1321 1253 ut
1343 1221 1439 1263 apud
1463 1222 1609 1254 Cicero-

908 1277 992 1301 nem
1016 1268 1239 1310 srequenter,
1270 1269 1512 1312 subsequatur
1534 1279 1608 1303 πα-

907 1318 1100 1364 ρενθέσεις
1122 1319 1191 1350 hoc
1207 1327 1337 1352 sensu:
1366 1320 1469 1360 «sed,
1494 1321 1534 1352 ut
1549 1329 1605 1360 eo,

907 1367 1002 1400 unde
1037 1368 1218 1409 digressus
1257 1377 1336 1402 sum
1352 1395 1360 1409 ,
1411 1371 1606 1402 revertar.»

907 1418 1056 1449 Omnino
1080 1417 1125 1450 de
1141 1418 1210 1450 hoc
1231 1417 1310 1451 loco
1326 1418 1422 1451 idem
1445 1419 1520 1451 fere
1541 1428 1608 1452 va-

906 1467 971 1506 let,
1008 1464 1106 1508 quod
1137 1467 1182 1500 de
1215 1467 1388 1501 similibus
1415 1468 1608 1510 digressio—

906 1516 1012 1549 nibus
1043 1516 1106 1549 Od.
1132 1516 1171 1556 3,
1205 1517 1264 1557 Η,
1296 1517 1443 1550 47-20.
1473 1517 1538 1550 Od.
1566 1517 1604 1557 3,

907 1566 968 1606 47,
1002 1566 1022 1598 2
1040 1583 1059 1589 —
1077 1567 1108 1598 5.
1126 1591 1134 1606 ,
1160 1574 1273 1607 quae,
1302 1566 1608 1607 quemadmodum

906 1615 1012 1654 haec,
1053 1615 1144 1647 miro
1179 1623 1264 1648 casu
1298 1616 1374 1648 sine
1405 1616 1511 1648 metri
1541 1615 1607 1648 da·-

906 1673 990 1696 mno
1005 1665 1161 1696 resecari
1182 1666 1342 1706 possunt.
1380 1665 1606 1706 Quamquam

906 1714 940 1746 in
973 1714 1042 1746 hoc
1073 1714 1220 1746 artificio
1253 1714 1392 1756 poetico
1423 1715 1605 1747 Horatium

905 1763 1022 1796 minus
1045 1762 1186 1796 felicem
1207 1763 1358 1796 Pindaro
1383 1763 1489 1797 ruisse
1509 1763 1607 1796 haud

905 1820 1008 1853 nego.

949 1862 1004 1894 23.
1030 1861 1084 1895 24.
1116 1862 1281 1902 cataniae]
1304 1863 1427 1903 utpote
1450 1861 1495 1894 de
1518 1861 1605 1894 bar-

905 1910 1013 1943 baris.
1042 1928 1079 1934 -
1106 1911 1267 1951 Consiliis]
1293 1911 1493 1944 «Consilmm
1515 1910 1607 1944 seili-

906 1961 963 1992 cet
977 1960 1239 2000 imperator-mn,
1257 1961 1345 2000 quod
1357 1960 1478 1993 Graeci
1493 1969 1606 2006 στρα-

892 2006 1061 2052 κτήγημιπι
1083 2009 1267 2049 appellant,
1292 2010 1332 2041 ut
1353 2010 1403 2041 ait
1418 2009 1543 2042 Cicero
1558 2009 1604 2042 de

904 2059 946 2090 N.
972 2058 1012 2090 D.
1039 2058 1078 2097 3,
1098 2058 1136 2096 6,
1156 2059 1208 2091 ⁴5.
1245 2058 1302 2090 Sic
1317 2059 1390 2091 Liv.
1410 2058 1448 2098 9,
1467 2059 1528 2098 ⁴7,
1548 2058 1602 2092 ⁴4.

905 2108 985 2139 Tac.
1001 2107 1091 2139 Anu.
1110 2107 1131 2139 2
1145 2132 1153 2147 ,
1170 2107 1225 2139 8.»
1251 2108 1359 2140 ΗΑιιι.
1385 2126 1422 2130 -
1445 2108 1602 2150 revictae]

906 2157 1065 2188 Graviter
1110 2158 1146 2188 et
1191 2164 1275 2188 cum
1318 2157 1354 2188 vi
1385 2157 1537 2189 victrices
1550 2174 1571 2181 —
1585 2174 1605 2181 -

903 2206 1067 2246 revictae,
1104 2214 1270 2248 «prorsus
1292 2206 1424 2246 victae,
1456 2206 1604 2248 perditis

905 2254 1071 2287 omnibus
1105 2263 1196 2296 quae
1229 2255 1385 2288 victoriis
1415 2256 1488 2288 suis
1520 2256 1604 2288 ante

903 2305 1013 2347 partis
1051 2303 1119 2336 sibi
1163 2303 1445 2337 conciliaverant.
1459 2316 1476 2333 n
1529 2305 1601 2338 Cic.

904 2362 969 2396 pro
993 2352 1085 2385 Sulla
1109 2354 1141 2385 4.
1167 2362 1239 2386 non
1268 2354 1385 2386 minus
1418 2352 1604 2394 singulari-

905 2404 981 2435 ter:
1020 2403 1146 2443 perditi
1181 2403 1289 2443 cives,
1324 2402 1478 2435 redomiti
1501 2406 1604 2443 atquo

904 2452 993 2484 victi.
1018 2451 1120 2493 Apul.
1147 2452 1228 2485 Met.
1253 2452 1292 2491 8,
1319 2452 1383 2484 ⁴0:
1408 2452 1604 2484 &mutaretor

904 2501 1031 2533 revicta
1047 2501 1189 2533 Olim-ito.
1217 2500 1458 2542 (Horatianum
1480 2501 1603 2534 autem

904 2549 1058 2582 verbum
1080 2549 1340 2583 restituendum
1362 2548 1502 2582 videtur
1519 2549 1603 2582 Ovi-

906 2598 964 2631 dio
994 2599 1076 2632 Met.
1103 2599 1143 2639 9,
1168 2598 1231 2631 74:
1274 2597 1453 2640 (Hydram)
1489 2597 1603 2630 domui

906 2648 1129 2689 domitamque
1141 2647 1267 2689 peremi
1277 2672 1289 2688 ,
1306 2646 1368 2680 ubi
1383 2645 1439 2680 alii
1453 2647 1599 2686 revinoei,
