1722 2904
601 91 680 124 LIB.
705 91 761 124 111.
811 92 852 125 C.
875 91 1021 124 XXVIII.

1429 89 1504 132 50⁴

488 423 1102 466 mum-

239 537 367 580 Festo
398 536 503 594 quid
532 537 675 594 potius
704 535 775 580 die

292 617 476 674 Neptuni
507 617 690 660 faciam?
718 618 872 661 Prome
901 617 1169 662 reconditum

239 697 360 756 Lyde
390 703 565 741 strenua
594 696 842 741 Caecubum

294 778 568 835 Munitaeque
598 777 756 822 adhibe
786 778 871 822 vim
900 772 1149 836 sapientiae.

155 910 302 944 XXVIII.
326 911 435 942 Inscr.
460 908 553 951 volg.
577 909 628 942 Aa
649 909 771 949 Lyden.
802 928 837 932 —
862 910 978 950 Lydae
999 910 1057 943 bc.
1087 929 1123 933 —
1144 910 1195 943 Aa
1215 911 1327 951 Lyden
1344 920 1471 952 parae-

109 961 213 994 netica
234 959 443 1003 (syllogistice
465 960 512 1000 S.)
536 960 575 992 do
596 959 836 1000 Neptunalibus
857 960 919 992 BS.
948 978 984 983 —
1010 961 1042 993 2.
1065 960 1175 1001 facias
1195 959 1308 993 Bentl.
1330 962 1422 994 coni.

91 1077 259 1111 xxvm.
294 1074 472 1111 Arcessita
503 1077 549 1110 ad
580 1085 620 1110 se
651 1077 766 1110 amica

68 1125 165 1160 solus
189 1135 271 1159 cum
293 1125 368 1160 sola
389 1125 596 1168 Neptunalia
619 1135 766 1168 compo-

69 1175 200 1208 tatione
228 1177 264 1209 et
291 1178 397 1209 cantu
425 1175 592 1209 celebrat.
631 1177 767 1217 Neptu-

69 1223 159 1257 nalia
183 1224 249 1258 alia
267 1234 299 1258 a.
318 1225 353 1258 d.
369 1225 410 1257 X.
431 1225 512 1266 (non
527 1225 583 1265 V.,
608 1226 648 1257 ut
669 1225 766 1257 aiunt

68 1273 141 1314 alii)
175 1273 248 1306 Kal.
279 1275 385 1315 Aug.‚
421 1273 488 1306 alia
518 1274 554 1306 in
590 1275 765 1307 honorem

67 1331 207 1365 pugnae
229 1324 392 1356 Actiacae
416 1322 490 1356 Kal.
516 1324 611 1365 Sept.
630 1331 766 1356 memo-

68 1373 148 1405 rant
182 1372 358 1414 Inscriptt.
390 1373 465 1405 Lat.
498 1373 530 1405 2.
564 1381 601 1414 p.
634 1371 699 1405 394
729 1373 766 1405 et

68 1420 143 1454 398.
172 1420 369 1463 Intelligere
391 1421 530 1454 videtur
551 1421 669 1463 priora
692 1420 761 1462 illa,

68 1479 159 1512 quae
190 1473 282 1504 teste
318 1472 421 1504 Festo
454 1471 609 1504 frondeis
647 1472 738 1504 casis
753 1497 761 1511 ,

68 1529 157 1561 quas
178 1520 315 1553 νηὸν-ας
335 1520 528 1560 vocabant,
553 1521 589 1552 in
611 1521 688 1562 ripa
710 1521 765 1553 Ti-

67 1569 164 1602 beris
195 1570 354 1603 excitatis
386 1572 423 1603 et
449 1571 550 1602 tauro
581 1569 763 1603 immolato

68 1617 351 1651 celebrabantur.
397 1619 473 1658 Quo
499 1621 660 1661 tempore
693 1620 763 1652 hoc

68 1676 215 1701 carmen
237 1668 473 1710 compositum
495 1668 557 1708 sit,
587 1668 763 1701 incertum

67 1719 137 1757 est;
167 1717 379 1750 Kirchnerus
402 1719 438 1750 et
459 1718 663 1759 nuperrime
679 1719 765 1749 Gro-

67 1766 187 1799 tetend
201 1766 383 1809 (Scin-istst.
401 1766 518 1808 Lausi).
537 1767 568 1798 d.
588 1767 707 1799 Horat.
724 1775 760 1808 p.

67 1815 135 1857 30.)
163 1817 429 1858 assignaverunt
451 1824 543 1848 anno
565 1815 642 1848 732.

109 1866 142 1897 2.
177 1865 315 1907 fudam]
346 1860 535 1911 «Ὕστερον
563 1861 759 1911 πρότερον.

66 1915 150 1947 Erat
171 1916 266 1948 enim
288 1916 346 1948 hic
362 1915 466 1948 ordo:
502 1916 648 1948 «Prome
671 1916 763 1948 Cae—

67 1963 217 2004 cubum,
252 1965 292 1997 ut
321 1964 461 2005 (tecum)
489 1963 623 1996 bibam.
671 1964 762 2003 Quid

67 2013 163 2045 enim
191 2013 308 2054 potius
336 2013 425 2046 festo
453 2013 604 2055 Neptuni
627 2013 683 2045 die
708 2013 761 2046 fa-

67 2071 149 2095 cere
172 2063 367 2104 possum‘b·
398 2063 500 2095 Lus.
526 2063 601 2094 Hoc
624 2063 653 2094 si
676 2063 760 2095 satis

66 2110 312 2153 perpendisset
325 2110 517 2151 Bentleius,
532 2111 590 2143 vix
602 2112 762 2153 scripsis-

66 2162 139 2194 set:
163 2160 282 2202 facias.
320 2160 389 2192 Sed
412 2160 447 2192 in
471 2168 631 2192 errorem
655 2160 761 2192 indu-

66 2211 144 2242 ctus
177 2210 232 2242 est
269 2218 312 2242 eo
346 2218 506 2250 quoque,
546 2209 643 2250 quod
676 2219 759 2242 cum

65 2257 244 2300 plerisque
266 2259 466 2299 Interprett.
492 2258 642 2290 credidit
664 2267 761 2291 com-

65 2307 283 2348 putationem
310 2307 401 2338 hanc
430 2307 463 2339 in
490 2307 609 2348 Lydae
632 2307 757 2346 domo,

66 2365 137 2388 non
160 2356 196 2388 in
218 2355 330 2388 Flacci
354 2355 510 2388 habitam
534 2356 634 2396 fingi,
663 2357 759 2398 quod

66 2406 187 2437 contra
211 2406 277 2437 est.
306 2424 340 2427 —
365 2405 491 2446 Prome]
516 2406 663 2446 Propter
679 2406 761 2438 «he-

65 2453 166 2493 rile»,
185 2456 223 2486 ut
237 2455 350 2493 aiunt,
369 2455 435 2486 hoc
453 2454 588 2486 iussum
605 2454 758 2487 nonnulli

66 2503 186 2544 Lyden
210 2512 275 2544 pro
292 2504 420 2534 Horatii
444 2502 555 2534 villica
571 2502 628 2535 vel
652 2503 759 2536 cella-

66 2553 116 2584 ria
139 2552 350 2584 habuerunt.
384 2551 458 2584 Noli
482 2551 648 2584 credere:
675 2562 757 2585 nam

64 2599 249 2634 ridiculum
265 2601 387 2633 fuisset
402 2601 574 2642 eiusmodi
597 2610 678 2634 cum
694 2611 758 2635 an-

67 2649 142 2682 cilla
165 2647 384 2692 συμπόσιον
401 2651 506 2683 etiam
529 2650 684 2684 carmine
702 2660 759 2684 ce-

815 1076 968 1111 lebrare.
1013 1077 1083 1110 Sed
1105 1076 1238 1124 ἑταίρᾳ
1258 1076 1444 1111 libertinae
1467 1077 1514 1110 ad

815 1125 1010 1160 solitarium
1038 1128 1237 1160 convivium
1262 1129 1410 1161 vocatae
1432 1127 1515 1160 talia
1539 1170 1544 1173 .

815 1175 942 1210 nullius
978 1176 1110 1211 laboris
1143 1177 1258 1210 officia
1294 1186 1362 1219 per
1395 1177 1515 1210 iocum

814 1225 975 1258 mandari
1005 1227 1170 1268 poterant
1197 1226 1242 1258 ab
1274 1227 1390 1259 amico
1413 1235 1515 1259 com-

814 1275 975 1308 modiore
992 1277 1043 1316 et,
1062 1284 1134 1317 quo
1148 1275 1294 1308 liberior
1309 1276 1415 1314 foret,
1439 1284 1515 1309 ser-

814 1333 899 1357 vum
921 1323 1057 1357 nullum
1079 1333 1226 1358 mensae
1242 1324 1446 1358 adhibente.
1473 1343 1510 1348 —-

813 1373 1027 1416 reconditum]
1064 1374 1260 1407 «interioris
1294 1375 1398 1407 notae
1435 1373 1509 1415 (Od.

813 1425 852 1463 2,
878 1423 916 1463 3,
941 1424 1000 1465 8.)‚
1029 1424 1113 1457 satis
1136 1424 1240 1465 igitur
1261 1426 1364 1457 vetus
1387 1433 1429 1457 ac
1452 1433 1512 1466 ge-

813 1481 1016 1506 nerosum.»

856 1522 887 1555 3.
918 1522 1066 1564 strenua]
1094 1530 1160 1563 pro
1188 1521 1359 1555 adverbio
1381 1531 1510 1564 prosae

813 1572 900 1603 orat.
947 1572 1009 1604 Est
1038 1571 1160 1612 igitur:
1202 1570 1298 1604 «Noli
1328 1571 1511 1613 defatigari

813 1621 848 1652 in
883 1619 1083 1662 promendo
1119 1620 1284 1653 Caecubo
1319 1630 1363 1653 ex
1392 1621 1512 1654 horreo

813 1669 887 1702 sive
926 1669 1100 1711 apotheca
1136 1670 1270 1701 vinaria
1304 1671 1411 1711 atque
1446 1679 1511 1703 ex-

812 1726 946 1759 pugna,
971 1717 1083 1760 pelle,
1109 1717 1308 1751 liberaliore
1330 1720 1416 1760 potu
1445 1720 1510 1751 tri-

812 1767 957 1799 stiorem
989 1769 1086 1799 tuam
1116 1776 1158 1799 ac
1192 1768 1244 1800 sic
1276 1768 1361 1800 satis
1391 1768 1510 1800 muni-

812 1817 884 1848 tam
901 1816 1073 1849 adversus
1085 1815 1284 1858 voluptates
1300 1818 1509 1857 gravitatem

811 1874 1027 1906 mecumque
1059 1866 1167 1897 Genio
1198 1865 1374 1906 indulge.»
1413 1867 1509 1899 Haec

811 1914 930 1946 omnia
952 1923 1098 1956 prorsus
1122 1915 1239 1947 iocose
1263 1923 1305 1947 ac
1327 1915 1441 1947 facete
1458 1915 1510 1948 di-

810 1965 866 1995 cta
890 1966 988 2005 sunt,
1012 1964 1222 2005 praesertim
1238 1964 1369 1996 munita
1387 1963 1444 1996 illa
1460 1964 1507 1997 ab

810 2013 907 2045 omni
929 2013 1122 2044 tentatione
1156 2013 1322 2053 sapientia
1352 2012 1504 2055 puellae.

810 2062 851 2094 Ut
880 2063 1001 2094 autem
1029 2061 1074 2093 ad
1103 2061 1224 2102 Lyden
1254 2062 1371 2104 potius
1397 2071 1506 2104 quam

809 2110 855 2142 ad
877 2111 995 2152 ipsum
1018 2111 1202 2143 Horatium
1222 2111 1422 2144 referamus
1445 2121 1504 2144 vv.

807 2160 955 2191 munitae
990 2160 1173 2200 sapientiae
1215 2160 1367 2193 suadent
1402 2169 1504 2203 seqq.

807 2210 923 2241 Parcis
944 2210 1012 2241 cet.
1046 2210 1157 2242 Nimis
1178 2208 1344 2242 videlicet
1366 2211 1507 2252 tempe-

809 2260 896 2298 rata,
923 2259 1076 2300 sapiens,
1102 2255 1281 2304 σώφρων,
1301 2259 1413 2292 effuse
1429 2259 1505 2293 lae-

809 2308 894 2339 tanti
905 2308 1047 2339 videtur
1055 2309 1168 2341 amica
1181 2308 1333 2341 fidicina.
1360 2310 1504 2342 «Graeci

809 2356 906 2388 aiunt
933 2357 1006 2388 vim
1035 2357 1225 2398 sapientiae
1255 2356 1416 2389 adhiberi
1437 2367 1506 2400 per

808 2406 965 2437 vinum.»
997 2407 1176 2447 Ponrnvn„
1202 2407 1237 2439 id
1261 2406 1356 2448 quod
1381 2415 1424 2447 ex
1440 2416 1505 2439 an-

809 2455 906 2495 tiquo
944 2455 1248 2495 commentatore,
1289 2455 1348 2496 qui
1390 2456 1505 2488 versi-

809 2503 927 2535 culum
950 2504 1123 2537 Graecum
1146 2504 1389 2546 adscripserit,
1416 2505 1505 2545 peti-

809 2554 882 2584 tum
905 2552 1055 2585 videtur.
1086 2573 1121 2576 —
1147 2553 1342 2594 Caecubum]
1367 2553 1412 2585 de
1432 2562 1502 2594 quo

809 2602 1009 2635 Athenaeus
1043 2603 1057 2634 Ἰ
1073 2628 1079 2641 ,
1116 2603 1157 2635 27
1192 2612 1233 2635 a:
1275 2601 1501 2635 παλαιοῦται

807 2649 902 2693 μετὰ
927 2649 1039 2684 ἱκανὰ
1061 2647 1138 2698 ἔτηῗ
