1722 2904
209 99 291 142 450

721 101 892 134 HonArn
916 88 1155 134 CARMINUM'

376 206 470 258 Quo
502 203 653 249 Chium
680 204 817 261 pretio
848 204 1003 248 cadum
1625 207 1651 248 5

437 287 697 337 Mercemur‚
730 286 827 345 quis
858 300 1015 343 aquam
1044 291 1255 343 temperet
1283 286 1453 344 ignibus

378 369 472 420 Quo
501 368 737 425 praebente
766 368 942 411 domum
973 373 1015 411 et
1044 358 1176 425 quota

432 448 616 507 Pelignis
648 462 820 493 caream
851 447 1099 506 frigoribus,
1134 455 1263 492 taces.

374 557 438 599 Da
467 556 594 598 lunae
625 568 811 612 propere
842 568 1002 604 novae,

249 690 269 720 5
285 706 303 711 —
320 689 351 720 7.
379 689 449 728 Quo
466 688 581 720 Chium
597 688 686 728 cet.]
710 686 787 719 «Ad
802 695 903 719 sum-

204 746 323 770 mam:
348 737 605 778 tu‘antiquitati
628 736 770 774 studes3
796 744 902 777 prae-

203 788 357 821 sentium
380 786 590 819 obliviscere
616 788 651 818 et
678 787 764 825 hoc,
806 785 902 826 quod

203 846 297 869 nunc
328 837 432 869 unice
457 836 635 877 agendum
669 837 740 874 est,
780 836 900 868 taces:

202 888 328 928 quanti-
358 895 520 919 emamus
550 886 621 917 vini
645 886 722 918 Chii
745 885 899 923 cadum;

203 937 282 978 quis
316 936 523 968 convivator
557 934 755 976 (parochum
787 934 900 966 facete

201 986 286 1018 dicit
308 986 378 1017 Sat.
405 985 440 1024 2,
459 985 498 1024 8,
517 984 584 1025 36.)
608 983 777 1016 balneum
800 992 903 1026 para-

199 1037 299 1067 turus
323 1034 485 1075 adeoque
511 1033 658 1066 domum
681 1042 785 1066 suam
799 1042 903 1075 prae-

200 1084 340 1117 biturus
357 1084 402 1116 sit
417 1083 520 1116 nobis
535 1093 564 1112 t»
583 1083 665 1125 (duo
682 1084 772 1116 haec
789 1091 902 1115 mem-

199 1134 265 1166 bra
289 1135 386 1166 arcte
411 1134 658 1174 coniungenda
682 1133 822 1165 diversa
840 1142 901 1164 ra-

200 1185 294 1216 tione
311 1183 407 1216 idem
420 1183 617 1224 significant
629 1183 648 1224 z)
674 1184 801 1224 «quota
813 1183 901 1214 hora

201 1243 244 1266 eo
268 1243 326 1266 me
357 1233 557 1273 conseram,
595 1232 809 1265 subtrahens
841 1241 900 1264 me

200 1283 345 1316 tandem
377 1283 460 1315 huic
487 1282 624 1323 frigori,
669 1281 772 1323 quale
811 1281 901 1314 solet

200 1342 280 1366 esse
305 1334 340 1365 in
362 1332 546 1374 Pelignis.»
594 1333 645 1365 De
662 1331 826 1373 symbola
851 1331 902 1363 lo-

199 1384 334 1425 quitur,
370 1383 406 1415 in
429 1391 499 1423 qua
522 1391 614 1414 unus
644 1382 795 1423 praebet
823 1381 901 1413 bal-

198 1442 307 1465 neum
321 1458 328 1472 ‚
370 1431 559 1464 triclinium
573 1457 580 1471 ‚
620 1431 750 1471 lectos,
791 1440 898 1471 vasa3

200 1483 310 1516 ceteri
325 1483 447 1514 vinum
469 1483 506 1514 et
521 1481 620 1514 cibos
638 1482 762 1513 emunt
778 1490 819 1514 ac
835 1490 901 1523 per

201 1541 324 1564 servos
347 1531 547 1564 afferendos
581 1532 716 1563 curant.
773 1531 902 1572 (Longe

201 1578 321 1614 autem
345 1581 462 1613 differt
487 1582 557 1613 Sat.
585 1582 622 1620 l,
648 1581 686 1620 5,
711 1580 773 1613 38:
821 1582 901 1613 Ma-

198 1641 283 1664 rena
314 1631 495 1672 praebente
531 1631 686 1670 dantum,
747 1630 904 1671 Capitone

199 1681 364 1722 culinam,
389 1681 451 1713 ubi
473 1681 517 1713 de
541 1679 759 1713 deverticulo
787 1681 822 1712 in
845 1680 902 1712 iti-

199 1740 285 1764 nere
309 1730 483 1772 loquitur,
510 1739 580 1763 non
597 1730 641 1763 de
659 1730 845 1771 convivio.)
862 1749 899 1753 —

201 1781 350 1814 Chium—
365 1781 497 1822 cadwm]
523 1781 578 1812 Sic
602 1789 750 1822 prorsus
771 1781 898 1813 Athen.

202 1831 233 1864 ⁴.
258 1839 294 1872 p.
320 1831 352 1863 3.
379 1830 399 1862 s.
418 1840 424 1862 ι
452 1826 474 1862 ὁ
493 1849 512 1853 -
532 1830 632 1871 Χῖος
645 1826 731 1862 Ἴων
754 1840 901 1876 τραγῳ-

201 1879 286 1914 δίαν
319 1878 483 1924 νικήσας
512 1876 716 1924 Ἀθήνησιν
751 1878 901 1924 ἑκάστῳ

201 1928 279 1963 τῶν
296 1926 508 1974 Ἀθηναίων
530 1926 649 1963 &deone
670 1930 771 1963 Χῖον
794 1929 904 1977 κερά-

201 1991 304 2023 μιον.
364 1982 531 2014 Thasium
553 1981 676 2013 vinum
700 1982 902 2013 ceterorum

202 2031 374 2072 optimum
397 2030 476 2073 μετ’
491 2026 678 2073 ἀμύμονα
692 2030 793 2063 Χῖον
809 2026 903 2064 ἅλυ-

202 2089 274 2112 πον
307 2080 391 2112 dicit
413 2081 628 2123 Hermippus
657 2080 753 2122 apud
774 2081 900 2113 Athen.

203 2131 233 2161 l.
269 2138 349 2171 pag.
386 2130 440 2162 29.
468 2139 500 2162 e.
544 2147 580 2153 -
620 2130 751 2170 Aquam
785 2129 900 2162 Schol.

202 2179 312 2212 refert
327 2180 373 2212 ad
390 2188 488 2219 eam,
515 2189 583 2221 qua
608 2189 749 2213 merum
771 2180 904 2212 misce-

202 2229 330 2261 batur:
358 2239 461 2262 «nam
484 2229 668 2271 tepefactis
692 2230 793 2271 aquis
810 2228 905 2262 sole-

203 2279 289 2311 bant
323 2280 446 2312 Graeci
480 2278 663 2321 (Graeca‘l)
701 2280 783 2311 vina
811 2280 904 2311 tem-

204 2338 365 2370 perare.»
413 2330 547 2361 verum
571 2330 660 2362 haec
683 2330 756 2362 tam
779 2329 903 2369 exigua

204 2387 287 2420 pars
323 2380 399 2410 erat
433 2379 601 2418 convivii,
641 2380 680 2411 ut
710 2379 766 2411 vix
801 2378 904 2419 digna

205 2429 321 2467 esset,
349 2437 439 2469 quae
458 2430 813 2461 commemoraretur.
838 2429 906 2460 Im-

205 2486 264 2509 mo
299 2486 369 2509 una
405 2479 460 2509 est
493 2478 719 2519 interrogatio
754 2478 828 2517 quis
852 2494 906 2501 --

208 2535 271 2565 quo
283 2545 302 2549 -
317 2543 336 2550 —
353 2528 503 2567 dantum,
530 2527 565 2559 id
581 2529 634 2560 est
650 2553 656 2566 ‚
684 2528 790 2566 «Quis
805 2536 906 2569 prae-

206 2574 290 2607 beat
318 2575 466 2608 domum
495 2577 601 2617 atque
630 2575 799 2609 balneum
837 2575 907 2608 cal-

208 2625 364 2657 faciat‘?»
405 2626 476 2658 Cic.
513 2626 558 2658 ad
590 2627 684 2658 Fam.
711 2626 748 2666 9,
776 2627 834 2666 46,
861 2627 903 2658 9:

208 2675 278 2715 qu
312 2675 369 2707 tibi
402 2685 506 2708 unwm
539 2679 705 2716 sumptum
739 2677 882 2717 afferam
897 2701 904 2715 ,

953 687 1042 726 qaod
1085 686 1238 719 balneum
1281 687 1443 729 calfacias
1478 688 1648 729 oportebit.

952 736 1041 768 Ante
1076 744 1226 768 coenam
1260 737 1355 770 enim
1385 736 1514 770 balneo
1538 737 1651 771 calido

951 785 1161 826 utebantur,
1181 785 1254 818 Cic.
1272 794 1338 828 pro
1355 787 1469 819 Deiot.
1488 787 1525 820 6:
1551 797 1569 820 e
1583 788 1654 820 bal-

950 845 1031 876 neo,
1065 836 1267 877 priusquam
1288 836 1518 876 accumbere&
1542 838 1579 870 et
1599 846 1654 870 su-

951 886 1031 918 dore
1052 885 1227 927 calefacti,
1251 889 1415 918 momento
1437 887 1594 927 temporis
1606 886 1653 919 ad

949 935 1112 977 ftiyidam
1135 934 1280 968 exibant
1293 961 1301 975 ,
1339 937 1436 968 certe
1471 936 1567 978 apud
1589 938 1654 969 Pe-

951 986 1042 1017 tron.
1067 985 1122 1018 28.
1151 1003 1189 1009 —-
1213 985 1300 1019 Mira
1322 985 1484 1028 profecto
1507 986 1577 1019 ΗΡ.
1596 988 1651 1020 est

951 1035 1218 1077 interpretatio:
1260 1044 1398 1078 «aquas
1432 1035 1626 1070 calefacere
1642 1063 1650 1078 ,

950 1085 1081 1126 inquit,
1108 1086 1163 1117 est
1178 1093 1268 1127 opus
1283 1086 1470 1119 sordidum
1486 1087 1522 1119 et
1536 1087 1650 1120 servis

950 1135 1173 1176 proprium.»
1223 1134 1334 1176 (quasi
1366 1145 1453 1168 vero
1479 1136 1550 1168 hoc
1579 1145 1651 1169 non

950 1192 1016 1224 per
1061 1192 1099 1216 se
1148 1183 1404 1225 intelligeretur
1420 1210 1429 1225 ,

950 1233 1068 1274 ipsum
1079 1235 1332 1275 praeparatum
1347 1242 1430 1268 esse
1445 1243 1467 1267 a
1478 1234 1618 1268 famulis
1630 1234 1652 1276 !)

954 1282 1104 1323 «Aquam
1127 1282 1253 1324 (pergit
1273 1283 1461 1325 interpres)
1485 1284 1522 1317 h.
1539 1283 1563 1317 l.
1586 1292 1653 1326 pro

946 1333 1067 1373 pluvia
1101 1333 1318 1374 acceperim.
1378 1334 1462 1372 Quis
1503 1337 1627 1367 aerem
1642 1358 1650 1373 ‚

951 1383 1054 1422 dicit,
1090 1382 1279 1415 humidum
1313 1384 1349 1415 et
1372 1383 1556 1425 frigidum,
1590 1383 1652 1425 qui

952 1442 996 1464 ex
1029 1431 1156 1474 pluviis
1189 1433 1225 1464 in
1266 1432 1395 1466 domos
1428 1433 1651 1475 penetravit,

951 1483 1130 1524 temperat
1162 1482 1304 1524 ignibus
1315 1483 1358 1514 Ἰ»
1404 1483 1529 1516 Omnia
1562 1483 1653 1515 haec

952 1541 1098 1574 prorsus
1132 1527 1278 1565 ἄπιστα
1291 1556 1300 1573 ,
1341 1541 1386 1565 ne
1409 1532 1570 1574 graviore
1592 1541 1654 1565 vo-

953 1581 1083 1615 cabulo
1107 1583 1214 1617 utar..

995 1632 1027 1664 8.
1066 1631 1227 1674 Pelignis]
1265 1631 1408 1666 Minime
1430 1631 1502 1664 hoc
1525 1630 1655 1673 signifi-

953 1683 1027 1721 cat,
1053 1691 1093 1715 se
1117 1682 1213 1724 apud
1232 1680 1412 1724 Pelignus,
1438 1681 1582 1715 Corfinii
1595 1679 1654 1714 vel

952 1730 1140 1772 Sulmone,
1163 1732 1302 1764 versari
1323 1731 1480 1773 indeque
1504 1732 1655 1765 Romam
1703 1760 1706 1767 ,

950 1783 1163 1822 venturum,
1203 1781 1271 1814 sed
1311 1781 1428 1814 «domi
1465 1789 1506 1814 se
1543 1780 1654 1823 frigus

951 1833 1024 1873 pati
1053 1840 1139 1864 vere
1163 1830 1346 1873 pelignum
1361 1856 1370 1871 ‚
1405 1839 1477 1873 quo
1506 1831 1543 1864 in
1565 1839 1655 1865 con-

953 1881 1046 1913 vivio
1071 1890 1110 1914 se
1126 1880 1340 1914 liberaturus
1356 1881 1435 1914 sit.»
1454 1898 1493 1904 -
1507 1881 1656 1922 Frigora

953 1932 1073 1963 autem
1088 1932 1129 1963 ut
1143 1930 1271 1962 calores
1285 1929 1349 1962 Od.
1368 1929 1406 1970 3,
1423 1928 1467 1962 24
1478 1954 1486 1969 ,
1503 1929 1558 1962 37.

996 1981 1028 2012 9.
1075 1981 1149 2012 Iam
1182 1979 1402 2020 φαντασίας
1445 1987 1514 2021 ope
1551 1977 1655 2012 Tele-
1721 2012 1722 2023 ἓ

951 2030 1064 2072 phum
1097 2038 1168 2061 una
1203 2037 1328 2062 secum
1358 2029 1394 2062 in
1424 2029 1543 2071 ipsum
1566 2037 1654 2061 con—
1721 2026 1722 2030 ’

950 2080 1086 2112 vivium
1101 2079 1242 2122 abripit.
1270 2080 1368 2119 «Da,
1385 2079 1574 2121 pincerna,
1597 2078 1654 2111 in-

953 2130 1029 2170 quit
1050 2129 1220 2162 festinans
1241 2129 1363 2171 poeta.
1399 2128 1446 2161 da
1469 2127 1651 2170 poculum,

953 2179 1050 2220 quod
1073 2179 1108 2211 in
1124 2188 1237 2211 novae
1258 2178 1362 2211 lunae
1383 2178 1559 2211 honorem
1579 2177 1655 2210 ehi-

953 2228 1091 2261 batur.»
1131 2229 1291 2270 (Genitivi
1310 2228 1416 2260 huius
1437 2228 1474 2260 in
1497 2226 1653 2269 potando
1695 2239 1703 2244 -

953 2278 1071 2311 usitati
1086 2277 1249 2320 exempla
1259 2277 1372 2310 habes
1383 2277 1431 2310 ad
1441 2286 1501 2310 vv.
1516 2278 1569 2315 ⁴0.
1584 2278 1620 2311 Η
1631 2277 1652 2318 .)

954 2328 1064 2369 Fingit
1087 2337 1171 2369 ergo
1189 2337 1269 2361 esse
1285 2327 1498 2370 νουμηνίαν
1513 2327 1655 2359 noctur-

954 2387 1112 2419 numque
1125 2377 1230 2410 simul
1242 2379 1383 2420 tempus
1392 2377 1542 2410 convivii
1551 2376 1655 2417 signi-

955 2427 1058 2466 ficat3
1094 2436 1218 2459 novam
1247 2428 1368 2459 autem
1397 2426 1515 2458 lunam
1542 2425 1655 2458 inter-

955 2477 1086 2518 pretari
1130 2476 1251 2510 lunam
1301 2476 1478 2508 orientem
1520 2473 1629 2507 nolim
1642 2498 1650 2513 ‚

955 2526 1246 2568 quandoquidem
1287 2526 1357 2558 hoc
1394 2524 1499 2558 nimis
1541 2522 1654 2556 ambi-

955 2584 1064 2616 guum
1101 2576 1210 2615 foret,
1251 2584 1322 2608 non
1353 2575 1440 2607 item
1465 2573 1515 2606 sol
1534 2581 1649 2612 noim,

956 2626 1048 2667 Virg.
1082 2626 1142 2658 Ge.
1170 2626 1210 2665 4,
1234 2625 1310 2658 288.
1362 2625 1507 2657 «Lunae
1537 2630 1651 2656 novae

956 2675 1124 2715 cyathum
1148 2675 1279 2716 poscit,
1313 2672 1410 2715 quod
1431 2672 1565 2706 mensis
1587 2671 1653 2703 Ka-

1480 1184 1651 1218 balneum
1714 1212 1717 1216 .
