<?xml version="1.0" encoding="UTF-8"?>
<!DOCTYPE html PUBLIC "-//W3C//DTD XHTML 1.0 Transitional//EN"
    "http://www.w3.org/TR/xhtml1/DTD/xhtml1-transitional.dtd">
<html xmlns="http://www.w3.org/1999/xhtml" xml:lang="en" lang="en">
 <head>
  <title>
</title>
<meta http-equiv="Content-Type" content="text/html;charset=utf-8" />
  <meta name='ocr-system' content='tesseract 3.04.00' />
  <meta name='ocr-capabilities' content='ocr_page ocr_carea ocr_par ocr_line ocrx_word'/>
</head>
<body>
  <div class='ocr_page' id='page_1' title='image "./qhoratiusflaccus12horauoft_0490.png"; bbox 0 0 1722 2904; ppageno 0'>
   <div class='ocr_carea' id='block_1_1' title="bbox 168 61 250 103">
    <p class='ocr_par' dir='ltr' id='par_1_1' title="bbox 168 61 250 103">
     <span class='ocr_line' id='line_1_1' title="bbox 168 61 250 103; baseline 0.012 -1"><span class='ocrx_word' id='word_1_1' title='bbox 168 61 250 103; x_wconf 70' lang='grc'><strong>574</strong></span> 
     </span>
    </p>
   </div>
   <div class='ocr_carea' id='block_1_2' title="bbox 680 62 1101 96">
    <p class='ocr_par' dir='ltr' id='par_1_2' title="bbox 680 62 1101 96">
     <span class='ocr_line' id='line_1_2' title="bbox 680 62 1101 96; baseline 0.002 -1"><span class='ocrx_word' id='word_1_2' title='bbox 680 62 851 95; x_wconf 84' lang='lat' dir='ltr'>HORATH</span> <span class='ocrx_word' id='word_1_3' title='bbox 876 62 1101 96; x_wconf 79' lang='lat' dir='ltr'>CARMINUM</span> 
     </span>
    </p>
   </div>
   <div class='ocr_carea' id='block_1_3' title="bbox 226 165 1394 223">
    <p class='ocr_par' dir='ltr' id='par_1_3' title="bbox 226 165 1394 223">
     <span class='ocr_line' id='line_1_3' title="bbox 226 165 1394 223; baseline -0.001 -13"><span class='ocrx_word' id='word_1_4' title='bbox 226 168 332 210; x_wconf 89' lang='lat' dir='ltr'>Cum</span> <span class='ocrx_word' id='word_1_5' title='bbox 362 166 497 210; x_wconf 91' lang='lat' dir='ltr'>semel</span> <span class='ocrx_word' id='word_1_6' title='bbox 526 165 739 210; x_wconf 89' lang='lat' dir='ltr'>occideris</span> <span class='ocrx_word' id='word_1_7' title='bbox 770 172 812 209; x_wconf 87' lang='lat' dir='ltr'>et</span> <span class='ocrx_word' id='word_1_8' title='bbox 842 166 896 209; x_wconf 89' lang='lat' dir='ltr'>de</span> <span class='ocrx_word' id='word_1_9' title='bbox 928 172 969 208; x_wconf 89' lang='lat' dir='ltr'>te</span> <span class='ocrx_word' id='word_1_10' title='bbox 1000 165 1227 223; x_wconf 89' lang='lat' dir='ltr'>splendida</span> <span class='ocrx_word' id='word_1_11' title='bbox 1258 165 1394 210; x_wconf 86' lang='lat' dir='ltr'>Minos</span> 
     </span>
    </p>
   </div>
   <div class='ocr_carea' id='block_1_4' title="bbox 395 246 786 294">
    <p class='ocr_par' dir='ltr' id='par_1_4' title="bbox 395 246 786 294">
     <span class='ocr_line' id='line_1_4' title="bbox 395 246 786 294; baseline -0.008 -3"><span class='ocrx_word' id='word_1_12' title='bbox 395 247 562 291; x_wconf 89' lang='lat' dir='ltr'>Fecerit</span> <span class='ocrx_word' id='word_1_13' title='bbox 592 246 766 289; x_wconf 86' lang='lat' dir='ltr'>arbitria</span> <span class='ocrx_word' id='word_1_14' title='bbox 780 282 786 294; x_wconf 88' lang='lat'>‚</span> 
     </span>
    </p>
   </div>
   <div class='ocr_carea' id='block_1_5' title="bbox 225 326 1417 385">
    <p class='ocr_par' dir='ltr' id='par_1_5' title="bbox 225 326 1417 385">
     <span class='ocr_line' id='line_1_5' title="bbox 225 326 1417 385; baseline -0.002 -13"><span class='ocrx_word' id='word_1_15' title='bbox 225 330 335 379; x_wconf 89' lang='lat' dir='ltr'>Non,</span> <span class='ocrx_word' id='word_1_16' title='bbox 368 329 598 385; x_wconf 83' lang='lat' dir='ltr'><strong>Torquate,</strong></span> <span class='ocrx_word' id='word_1_17' title='bbox 631 341 788 384; x_wconf 79' lang='lat' dir='ltr'>genus,</span> <span class='ocrx_word' id='word_1_18' title='bbox 822 341 906 369; x_wconf 91' lang='lat' dir='ltr'>non</span> <span class='ocrx_word' id='word_1_19' title='bbox 938 333 978 369; x_wconf 90' lang='lat' dir='ltr'>te</span> <span class='ocrx_word' id='word_1_20' title='bbox 1010 326 1227 377; x_wconf 82' lang='lat' dir='ltr'>facundia,</span> <span class='ocrx_word' id='word_1_21' title='bbox 1261 340 1347 370; x_wconf 89' lang='lat' dir='ltr'>non</span> <span class='ocrx_word' id='word_1_22' title='bbox 1376 333 1417 370; x_wconf 88' lang='lat' dir='ltr'>te</span> 
     </span>
    </p>
   </div>
   <div class='ocr_carea' id='block_1_6' title="bbox 395 396 790 464">
    <p class='ocr_par' dir='ltr' id='par_1_6' title="bbox 395 396 790 464">
     <span class='ocr_line' id='line_1_6' title="bbox 395 396 790 464; baseline -0.005 -13"><span class='ocrx_word' id='word_1_23' title='bbox 395 396 604 451; x_wconf 90' lang='lat' dir='ltr'>Restituet</span> <span class='ocrx_word' id='word_1_24' title='bbox 632 407 770 464; x_wconf 88' lang='lat' dir='ltr'>pietas</span> <span class='ocrx_word' id='word_1_25' title='bbox 782 422 790 457; x_wconf 79' lang='lat'><em>3</em></span> 
     </span>
    </p>
   </div>
   <div class='ocr_carea' id='block_1_7' title="bbox 163 599 871 2579">
    <p class='ocr_par' dir='ltr' id='par_1_7' title="bbox 163 599 870 942">
     <span class='ocr_line' id='line_1_7' title="bbox 168 599 866 649; baseline -0.006 -14"><span class='ocrx_word' id='word_1_26' title='bbox 168 600 431 649; x_wconf 78' lang='grc' dir='ltr'><strong>χαριζόμενος.</strong></span> <span class='ocrx_word' id='word_1_27' title='bbox 463 600 628 642; x_wconf 81' lang='lat' dir='ltr'>Aeschyl.</span> <span class='ocrx_word' id='word_1_28' title='bbox 655 602 752 633; x_wconf 90' lang='lat' dir='ltr'>Pers.</span> <span class='ocrx_word' id='word_1_29' title='bbox 779 599 866 632; x_wconf 87' lang='lat'><strong>840:</strong></span> 
     </span>
     <span class='ocr_line' id='line_1_8' title="bbox 163 648 869 697; baseline -0.004 -13"><span class='ocrx_word' id='word_1_30' title='bbox 163 648 287 694; x_wconf 75' lang='grc' dir='ltr'><strong><em>Ὑμεῖς</em></strong></span> <span class='ocrx_word' id='word_1_31' title='bbox 308 650 350 684; x_wconf 78' lang='grc' dir='ltr'>δὲ</span> <span class='ocrx_word' id='word_1_32' title='bbox 364 675 373 691; x_wconf 87' lang='grc'><strong>,</strong></span> <span class='ocrx_word' id='word_1_33' title='bbox 409 649 587 697; x_wconf 80' lang='grc' dir='ltr'><em>πρέσβεις</em></span> <span class='ocrx_word' id='word_1_34' title='bbox 601 674 609 688; x_wconf 92' lang='grc'><strong>,</strong></span> <span class='ocrx_word' id='word_1_35' title='bbox 639 649 779 694; x_wconf 78' lang='grc' dir='ltr'><em>χαίρετ’</em></span> <span class='ocrx_word' id='word_1_36' title='bbox 794 673 803 688; x_wconf 82' lang='lat'>,</span> <span class='ocrx_word' id='word_1_37' title='bbox 828 648 869 681; x_wconf 79' lang='grc' dir='ltr'>ἐν</span> 
     </span>
     <span class='ocr_line' id='line_1_9' title="bbox 168 695 870 743; baseline -0.006 -9"><span class='ocrx_word' id='word_1_38' title='bbox 168 705 304 742; x_wconf 84' lang='grc' dir='ltr'><strong><em>κακοῖς</em></strong></span> <span class='ocrx_word' id='word_1_39' title='bbox 350 695 459 743; x_wconf 85' lang='grc' dir='ltr'><em>ὅμως</em></span> <span class='ocrx_word' id='word_1_40' title='bbox 517 696 654 742; x_wconf 77' lang='grc' dir='ltr'>Ψυχὴν</span> <span class='ocrx_word' id='word_1_41' title='bbox 703 696 870 739; x_wconf 80' lang='grc' dir='ltr'><strong><em>διδόντες</em></strong></span> 
     </span>
     <span class='ocr_line' id='line_1_10' title="bbox 168 745 870 796; baseline -0.004 -13"><span class='ocrx_word' id='word_1_42' title='bbox 168 747 288 796; x_wconf 82' lang='grc' dir='ltr'><em>ἡδονῇ</em></span> <span class='ocrx_word' id='word_1_43' title='bbox 303 750 393 783; x_wconf 73' lang='grc' dir='ltr'>καθ’</span> <span class='ocrx_word' id='word_1_44' title='bbox 418 746 579 796; x_wconf 75' lang='grc' dir='ltr'><em>ἡμέραν·</em></span> <span class='ocrx_word' id='word_1_45' title='bbox 601 745 669 790; x_wconf 79' lang='grc' dir='ltr'>Ὡς</span> <span class='ocrx_word' id='word_1_46' title='bbox 691 751 774 789; x_wconf 82' lang='grc' dir='ltr'><strong><em>τοῖς</em></strong></span> <span class='ocrx_word' id='word_1_47' title='bbox 795 748 870 780; x_wconf 73' lang='grc' dir='ltr'>θα-</span> 
     </span>
     <span class='ocr_line' id='line_1_11' title="bbox 167 794 865 840; baseline -0.003 -8"><span class='ocrx_word' id='word_1_48' title='bbox 167 798 283 834; x_wconf 84' lang='grc' dir='ltr'>νοῦσι</span> <span class='ocrx_word' id='word_1_49' title='bbox 313 798 480 840; x_wconf 82' lang='grc' dir='ltr'><em>πλοῦτος</em></span> <span class='ocrx_word' id='word_1_50' title='bbox 510 794 622 832; x_wconf 79' lang='grc' dir='ltr'><strong><em>οὐδὲν</em></strong></span> <span class='ocrx_word' id='word_1_51' title='bbox 645 795 799 839; x_wconf 75' lang='grc' dir='ltr'><strong>ὠφελεῖ.</strong></span> <span class='ocrx_word' id='word_1_52' title='bbox 829 817 865 822; x_wconf 93' lang='lat'>—-</span> 
     </span>
     <span class='ocr_line' id='line_1_12' title="bbox 169 847 869 884; baseline -0.006 -1"><span class='ocrx_word' id='word_1_53' title='bbox 169 851 337 884; x_wconf 89' lang='lat' dir='ltr'>Ceterum</span> <span class='ocrx_word' id='word_1_54' title='bbox 377 848 469 881; x_wconf 89' lang='lat' dir='ltr'>male</span> <span class='ocrx_word' id='word_1_55' title='bbox 504 847 561 880; x_wconf 88' lang='lat' dir='ltr'>alii</span> <span class='ocrx_word' id='word_1_56' title='bbox 595 849 704 880; x_wconf 86' lang='lat' dir='ltr'>amico</span> <span class='ocrx_word' id='word_1_57' title='bbox 720 866 739 872; x_wconf 91' lang='lat'>—</span> <span class='ocrx_word' id='word_1_58' title='bbox 755 849 869 880; x_wconf 82' lang='lat' dir='ltr'>animo</span> 
     </span>
     <span class='ocr_line' id='line_1_13' title="bbox 168 898 604 942; baseline -0.005 -10"><span class='ocrx_word' id='word_1_59' title='bbox 168 909 234 942; x_wconf 91' lang='lat' dir='ltr'>pro</span> <span class='ocrx_word' id='word_1_60' title='bbox 258 899 365 931; x_wconf 89' lang='lat' dir='ltr'>ablat.</span> <span class='ocrx_word' id='word_1_61' title='bbox 391 898 604 931; x_wconf 87' lang='lat' dir='ltr'>habuerunt.</span> 
     </span>
    </p>

    <p class='ocr_par' dir='ltr' id='par_1_8' title="bbox 164 948 871 2376">
     <span class='ocr_line' id='line_1_14' title="bbox 211 948 871 988; baseline -0.003 -7"><span class='ocrx_word' id='word_1_62' title='bbox 211 950 248 982; x_wconf 87' lang='grc'><strong>24</strong></span> <span class='ocrx_word' id='word_1_63' title='bbox 265 948 350 981; x_wconf 83' lang='grc'><strong>-24,</strong></span> <span class='ocrx_word' id='word_1_64' title='bbox 374 948 774 988; x_wconf 73' lang='lat' dir='ltr'>splendida--arbitriaJ</span> <span class='ocrx_word' id='word_1_65' title='bbox 799 948 871 979; x_wconf 83' lang='lat' dir='ltr'>«iu-</span> 
     </span>
     <span class='ocr_line' id='line_1_15' title="bbox 167 997 866 1039; baseline -0.001 -9"><span class='ocrx_word' id='word_1_66' title='bbox 167 999 299 1031; x_wconf 80' lang='lat' dir='ltr'>dicium</span> <span class='ocrx_word' id='word_1_67' title='bbox 315 997 486 1030; x_wconf 89' lang='lat' dir='ltr'>sollemne</span> <span class='ocrx_word' id='word_1_68' title='bbox 510 999 617 1039; x_wconf 91' lang='lat' dir='ltr'>atque</span> <span class='ocrx_word' id='word_1_69' title='bbox 642 998 866 1038; x_wconf 83' lang='lat' dir='ltr'>augustum»,</span> 
     </span>
     <span class='ocr_line' id='line_1_16' title="bbox 166 1046 866 1090; baseline -0.001 -10"><span class='ocrx_word' id='word_1_70' title='bbox 166 1057 232 1090; x_wconf 91' lang='lat' dir='ltr'>pro</span> <span class='ocrx_word' id='word_1_71' title='bbox 256 1046 458 1086; x_wconf 90' lang='lat' dir='ltr'>tribunalis,</span> <span class='ocrx_word' id='word_1_72' title='bbox 495 1047 551 1079; x_wconf 91' lang='lat' dir='ltr'>cui</span> <span class='ocrx_word' id='word_1_73' title='bbox 574 1048 720 1088; x_wconf 91' lang='lat' dir='ltr'>praeest</span> <span class='ocrx_word' id='word_1_74' title='bbox 741 1047 866 1086; x_wconf 90' lang='lat' dir='ltr'>Minos,</span> 
     </span>
     <span class='ocr_line' id='line_1_17' title="bbox 167 1095 869 1137; baseline -0.003 -7"><span class='ocrx_word' id='word_1_75' title='bbox 167 1106 293 1130; x_wconf 87' lang='lat' dir='ltr'>severa</span> <span class='ocrx_word' id='word_1_76' title='bbox 327 1096 506 1137; x_wconf 80' lang='lat' dir='ltr'>dignitate.</span> <span class='ocrx_word' id='word_1_77' title='bbox 554 1096 755 1128; x_wconf 82' lang='lat' dir='ltr'>Recordare</span> <span class='ocrx_word' id='word_1_78' title='bbox 783 1095 869 1128; x_wconf 90' lang='lat' dir='ltr'>illud</span> 
     </span>
     <span class='ocr_line' id='line_1_18' title="bbox 166 1144 869 1178; baseline -0.001 0"><span class='ocrx_word' id='word_1_79' title='bbox 166 1147 211 1178; x_wconf 91' lang='lat' dir='ltr'>de</span> <span class='ocrx_word' id='word_1_80' title='bbox 243 1144 404 1178; x_wconf 89' lang='lat' dir='ltr'>Cornelia</span> <span class='ocrx_word' id='word_1_81' title='bbox 435 1145 607 1178; x_wconf 87' lang='lat' dir='ltr'>iudicium</span> <span class='ocrx_word' id='word_1_82' title='bbox 637 1146 673 1178; x_wconf 90' lang='lat' dir='ltr'>in</span> <span class='ocrx_word' id='word_1_83' title='bbox 701 1146 791 1178; x_wconf 91' lang='lat' dir='ltr'>Orco</span> <span class='ocrx_word' id='word_1_84' title='bbox 815 1145 869 1177; x_wconf 82' lang='lat' dir='ltr'>sa-</span> 
     </span>
     <span class='ocr_line' id='line_1_19' title="bbox 166 1194 865 1237; baseline 0 -9"><span class='ocrx_word' id='word_1_85' title='bbox 166 1197 263 1228; x_wconf 88' lang='lat' dir='ltr'>ctum</span> <span class='ocrx_word' id='word_1_86' title='bbox 288 1194 383 1237; x_wconf 89' lang='lat' dir='ltr'>apud</span> <span class='ocrx_word' id='word_1_87' title='bbox 407 1195 632 1236; x_wconf 84' lang='lat' dir='ltr'>Propertium</span> <span class='ocrx_word' id='word_1_88' title='bbox 654 1194 692 1235; x_wconf 92' lang='lat'>4,</span> <span class='ocrx_word' id='word_1_89' title='bbox 723 1195 781 1235; x_wconf 88' lang='grc'>44,</span> <span class='ocrx_word' id='word_1_90' title='bbox 813 1195 865 1228; x_wconf 87' lang='grc'><strong>49.</strong></span> 
     </span>
     <span class='ocr_line' id='line_1_20' title="bbox 166 1242 868 1285; baseline -0.001 -8"><span class='ocrx_word' id='word_1_91' title='bbox 166 1244 292 1285; x_wconf 85' lang='lat' dir='ltr'>Odyss.</span> <span class='ocrx_word' id='word_1_92' title='bbox 331 1243 370 1284; x_wconf 83' lang='grc' dir='ltr'>λ,</span> <span class='ocrx_word' id='word_1_93' title='bbox 407 1244 494 1277; x_wconf 83' lang='lat'>568:</span> <span class='ocrx_word' id='word_1_94' title='bbox 531 1243 667 1277; x_wconf 78' lang='grc' dir='ltr'><em>Μίνωα</em></span> <span class='ocrx_word' id='word_1_95' title='bbox 700 1242 783 1276; x_wconf 71' lang='grc' dir='ltr'><em>ἴδον</em></span> <span class='ocrx_word' id='word_1_96' title='bbox 805 1264 825 1270; x_wconf 92' lang='lat'>-</span> <span class='ocrx_word' id='word_1_97' title='bbox 848 1263 868 1270; x_wconf 89' lang='lat'><em>-</em></span> 
     </span>
     <span class='ocr_line' id='line_1_21' title="bbox 165 1288 868 1340; baseline 0 -13"><span class='ocrx_word' id='word_1_98' title='bbox 165 1292 346 1340; x_wconf 81' lang='grc' dir='ltr'><em>Χρύσεον</em></span> <span class='ocrx_word' id='word_1_99' title='bbox 362 1291 563 1340; x_wconf 79' lang='grc' dir='ltr'><strong><em>σκῆπτρον</em></strong></span> <span class='ocrx_word' id='word_1_100' title='bbox 578 1288 732 1333; x_wconf 71' lang='grc' dir='ltr'><strong>ἔχοντα,</strong></span> <span class='ocrx_word' id='word_1_101' title='bbox 756 1294 868 1336; x_wconf 77' lang='grc' dir='ltr'>θεμι-</span> 
     </span>
     <span class='ocr_line' id='line_1_22' title="bbox 165 1342 869 1377; baseline -0.001 0"><span class='ocrx_word' id='word_1_102' title='bbox 165 1342 353 1377; x_wconf 80' lang='grc' dir='ltr'><em>στεύοντα</em></span> <span class='ocrx_word' id='word_1_103' title='bbox 386 1344 580 1377; x_wconf 82' lang='grc' dir='ltr'><strong><em>νέκυσσιν.</em></strong></span> <span class='ocrx_word' id='word_1_104' title='bbox 628 1345 771 1376; x_wconf 89' lang='lat' dir='ltr'>Lucian.</span> <span class='ocrx_word' id='word_1_105' title='bbox 801 1346 869 1377; x_wconf 90' lang='lat' dir='ltr'>Ne-</span> 
     </span>
     <span class='ocr_line' id='line_1_23' title="bbox 166 1393 867 1436; baseline 0.001 -10"><span class='ocrx_word' id='word_1_106' title='bbox 166 1403 284 1436; x_wconf 86' lang='lat' dir='ltr'>cyom.</span> <span class='ocrx_word' id='word_1_107' title='bbox 299 1395 353 1426; x_wconf 92' lang='grc'>44.</span> <span class='ocrx_word' id='word_1_108' title='bbox 370 1393 435 1426; x_wconf 89' lang='lat' dir='ltr'>Alii</span> <span class='ocrx_word' id='word_1_109' title='bbox 447 1394 743 1435; x_wconf 83' lang='lat' dir='ltr'>interpretantur:</span> <span class='ocrx_word' id='word_1_110' title='bbox 765 1403 867 1426; x_wconf 85' lang='lat' dir='ltr'>«cum</span> 
     </span>
     <span class='ocr_line' id='line_1_24' title="bbox 165 1443 869 1485; baseline -0.003 -8"><span class='ocrx_word' id='word_1_111' title='bbox 165 1445 278 1478; x_wconf 89' lang='lat' dir='ltr'>Minos</span> <span class='ocrx_word' id='word_1_112' title='bbox 290 1444 503 1476; x_wconf 89' lang='lat' dir='ltr'>sententiam</span> <span class='ocrx_word' id='word_1_113' title='bbox 516 1443 560 1475; x_wconf 91' lang='lat' dir='ltr'>de</span> <span class='ocrx_word' id='word_1_114' title='bbox 575 1445 608 1475; x_wconf 93' lang='lat' dir='ltr'>te</span> <span class='ocrx_word' id='word_1_115' title='bbox 622 1443 740 1476; x_wconf 87' lang='lat' dir='ltr'>tulerit</span> <span class='ocrx_word' id='word_1_116' title='bbox 751 1443 869 1485; x_wconf 89' lang='lat' dir='ltr'>splen—</span> 
     </span>
     <span class='ocr_line' id='line_1_25' title="bbox 165 1492 863 1533; baseline 0 -7"><span class='ocrx_word' id='word_1_117' title='bbox 165 1493 303 1533; x_wconf 87' lang='lat' dir='ltr'>didam,</span> <span class='ocrx_word' id='word_1_118' title='bbox 339 1493 376 1525; x_wconf 89' lang='lat' dir='ltr'>id</span> <span class='ocrx_word' id='word_1_119' title='bbox 409 1493 480 1533; x_wconf 88' lang='lat' dir='ltr'>est,</span> <span class='ocrx_word' id='word_1_120' title='bbox 520 1492 584 1525; x_wconf 88' lang='lat' dir='ltr'>tibi</span> <span class='ocrx_word' id='word_1_121' title='bbox 607 1493 863 1532; x_wconf 85' lang='lat' dir='ltr'>honorificam,</span> 
     </span>
     <span class='ocr_line' id='line_1_26' title="bbox 166 1541 868 1584; baseline 0 -9"><span class='ocrx_word' id='word_1_122' title='bbox 166 1551 259 1584; x_wconf 89' lang='lat' dir='ltr'>quae</span> <span class='ocrx_word' id='word_1_123' title='bbox 290 1543 434 1574; x_wconf 84' lang='lat' dir='ltr'>exactae</span> <span class='ocrx_word' id='word_1_124' title='bbox 465 1541 689 1575; x_wconf 88' lang='lat' dir='ltr'>laudabiliter</span> <span class='ocrx_word' id='word_1_125' title='bbox 711 1551 732 1575; x_wconf 89' lang='lat' dir='ltr'>a</span> <span class='ocrx_word' id='word_1_126' title='bbox 755 1544 789 1575; x_wconf 90' lang='lat' dir='ltr'>te</span> <span class='ocrx_word' id='word_1_127' title='bbox 812 1543 868 1575; x_wconf 91' lang='lat' dir='ltr'>vi-</span> 
     </span>
     <span class='ocr_line' id='line_1_27' title="bbox 165 1592 865 1634; baseline -0.003 -9"><span class='ocrx_word' id='word_1_128' title='bbox 165 1595 222 1626; x_wconf 85' lang='lat' dir='ltr'>tae</span> <span class='ocrx_word' id='word_1_129' title='bbox 262 1592 505 1625; x_wconf 87' lang='lat' dir='ltr'>testimonium</span> <span class='ocrx_word' id='word_1_130' title='bbox 543 1592 605 1624; x_wconf 89' lang='lat' dir='ltr'>tibi</span> <span class='ocrx_word' id='word_1_131' title='bbox 644 1592 817 1634; x_wconf 88' lang='lat' dir='ltr'>praebeat</span> <span class='ocrx_word' id='word_1_132' title='bbox 826 1602 865 1631; x_wconf 77' lang='lat'>»3</span> 
     </span>
     <span class='ocr_line' id='line_1_28' title="bbox 166 1642 868 1683; baseline 0 -9"><span class='ocrx_word' id='word_1_133' title='bbox 166 1642 231 1675; x_wconf 88' lang='lat' dir='ltr'>sed</span> <span class='ocrx_word' id='word_1_134' title='bbox 258 1643 373 1683; x_wconf 85' lang='lat' dir='ltr'>imago</span> <span class='ocrx_word' id='word_1_135' title='bbox 399 1642 592 1674; x_wconf 85' lang='lat' dir='ltr'>maiestatis</span> <span class='ocrx_word' id='word_1_136' title='bbox 616 1642 726 1683; x_wconf 86' lang='lat' dir='ltr'>ipsius</span> <span class='ocrx_word' id='word_1_137' title='bbox 754 1642 868 1674; x_wconf 80' lang='lat' dir='ltr'>tn&#39;bu-</span> 
     </span>
     <span class='ocr_line' id='line_1_29' title="bbox 165 1690 867 1733; baseline -0.001 -9"><span class='ocrx_word' id='word_1_138' title='bbox 165 1691 254 1724; x_wconf 91' lang='lat' dir='ltr'>nalis</span> <span class='ocrx_word' id='word_1_139' title='bbox 278 1691 374 1733; x_wconf 89' lang='lat' dir='ltr'>apud</span> <span class='ocrx_word' id='word_1_140' title='bbox 397 1690 532 1724; x_wconf 86' lang='lat' dir='ltr'>Inferos</span> <span class='ocrx_word' id='word_1_141' title='bbox 555 1692 733 1724; x_wconf 91' lang='lat' dir='ltr'>constituti</span> <span class='ocrx_word' id='word_1_142' title='bbox 754 1692 867 1733; x_wconf 84' lang='lat' dir='ltr'>magis</span> 
     </span>
     <span class='ocr_line' id='line_1_30' title="bbox 165 1740 866 1783; baseline 0 -10"><span class='ocrx_word' id='word_1_143' title='bbox 165 1742 306 1783; x_wconf 78' lang='lat' dir='ltr'>poetica</span> <span class='ocrx_word' id='word_1_144' title='bbox 331 1741 483 1773; x_wconf 88' lang='lat' dir='ltr'>videtur.</span> <span class='ocrx_word' id='word_1_145' title='bbox 512 1759 549 1763; x_wconf 97' lang='lat'><strong>—</strong></span> <span class='ocrx_word' id='word_1_146' title='bbox 574 1740 748 1773; x_wconf 89' lang='lat' dir='ltr'>Iudicium</span> <span class='ocrx_word' id='word_1_147' title='bbox 771 1741 866 1782; x_wconf 90' lang='lat' dir='ltr'>apud</span> 
     </span>
     <span class='ocr_line' id='line_1_31' title="bbox 165 1790 867 1823; baseline -0.001 0"><span class='ocrx_word' id='word_1_148' title='bbox 165 1791 297 1823; x_wconf 82' lang='lat' dir='ltr'>inferos</span> <span class='ocrx_word' id='word_1_149' title='bbox 327 1790 460 1823; x_wconf 84' lang='lat' dir='ltr'>factum</span> <span class='ocrx_word' id='word_1_150' title='bbox 497 1792 673 1823; x_wconf 88' lang='lat' dir='ltr'>monstrat</span> <span class='ocrx_word' id='word_1_151' title='bbox 706 1791 867 1823; x_wconf 88' lang='lat' dir='ltr'>Gerhard</span> 
     </span>
     <span class='ocr_line' id='line_1_32' title="bbox 167 1840 868 1882; baseline 0 -10"><span class='ocrx_word' id='word_1_152' title='bbox 167 1841 306 1882; x_wconf 69' lang='lat' dir='ltr'>Vasenq.</span> <span class='ocrx_word' id='word_1_153' title='bbox 328 1841 384 1872; x_wconf 91' lang='lat'>111.</span> <span class='ocrx_word' id='word_1_154' title='bbox 411 1841 448 1872; x_wconf 94' lang='lat' dir='ltr'>T.</span> <span class='ocrx_word' id='word_1_155' title='bbox 470 1840 674 1872; x_wconf 85' lang='lat' dir='ltr'>CCXXXIX.</span> <span class='ocrx_word' id='word_1_156' title='bbox 703 1859 740 1863; x_wconf 97' lang='lat'><strong>—</strong></span> <span class='ocrx_word' id='word_1_157' title='bbox 767 1841 868 1872; x_wconf 80' lang='lat' dir='ltr'>Fece-</span> 
     </span>
     <span class='ocr_line' id='line_1_33' title="bbox 164 1890 868 1931; baseline 0.001 -10"><span class='ocrx_word' id='word_1_158' title='bbox 164 1890 226 1931; x_wconf 84' lang='lat' dir='ltr'>rit]</span> <span class='ocrx_word' id='word_1_159' title='bbox 265 1890 498 1931; x_wconf 88' lang='lat' dir='ltr'>Frequentius</span> <span class='ocrx_word' id='word_1_160' title='bbox 523 1891 578 1922; x_wconf 89' lang='lat' dir='ltr'>est</span> <span class='ocrx_word' id='word_1_161' title='bbox 600 1890 745 1922; x_wconf 75' lang='lat' dir='ltr'>arbitria</span> <span class='ocrx_word' id='word_1_162' title='bbox 767 1899 868 1931; x_wconf 72' lang='lat' dir='ltr'>ayere</span> 
     </span>
     <span class='ocr_line' id='line_1_34' title="bbox 166 1939 868 1979; baseline 0 -8"><span class='ocrx_word' id='word_1_163' title='bbox 166 1940 238 1971; x_wconf 91' lang='lat' dir='ltr'>Liv.</span> <span class='ocrx_word' id='word_1_164' title='bbox 263 1939 318 1978; x_wconf 87' lang='lat'>24,</span> <span class='ocrx_word' id='word_1_165' title='bbox 344 1939 397 1972; x_wconf 87' lang='grc'><strong>45.</strong></span> <span class='ocrx_word' id='word_1_166' title='bbox 423 1940 503 1971; x_wconf 85' lang='lat' dir='ltr'>Tac.</span> <span class='ocrx_word' id='word_1_167' title='bbox 525 1939 612 1972; x_wconf 89' lang='lat' dir='ltr'>Hist.</span> <span class='ocrx_word' id='word_1_168' title='bbox 634 1939 676 1979; x_wconf 85' lang='lat'>4,</span> <span class='ocrx_word' id='word_1_169' title='bbox 701 1940 754 1971; x_wconf 86' lang='grc'>24.</span> <span class='ocrx_word' id='word_1_170' title='bbox 782 1940 868 1972; x_wconf 91' lang='lat' dir='ltr'>Cur-</span> 
     </span>
     <span class='ocr_line' id='line_1_35' title="bbox 165 1989 866 2030; baseline 0.001 -10"><span class='ocrx_word' id='word_1_171' title='bbox 165 1990 233 2021; x_wconf 89' lang='lat' dir='ltr'>tius</span> <span class='ocrx_word' id='word_1_172' title='bbox 249 1989 289 2027; x_wconf 85' lang='lat'>6,</span> <span class='ocrx_word' id='word_1_173' title='bbox 308 1989 340 2020; x_wconf 92' lang='grc'>4.</span> <span class='ocrx_word' id='word_1_174' title='bbox 366 2007 401 2011; x_wconf 96' lang='grc'><strong>-</strong></span> <span class='ocrx_word' id='word_1_175' title='bbox 423 1989 537 2030; x_wconf 65' lang='lat' dir='ltr'>genus]</span> <span class='ocrx_word' id='word_1_176' title='bbox 564 1989 655 2021; x_wconf 93' lang='lat' dir='ltr'>Cum</span> <span class='ocrx_word' id='word_1_177' title='bbox 673 1989 710 2021; x_wconf 94' lang='lat' dir='ltr'>C.</span> <span class='ocrx_word' id='word_1_178' title='bbox 733 1990 866 2021; x_wconf 92' lang='lat' dir='ltr'>Nonius</span> 
     </span>
     <span class='ocr_line' id='line_1_36' title="bbox 164 2037 865 2079; baseline 0.001 -10"><span class='ocrx_word' id='word_1_179' title='bbox 164 2039 343 2079; x_wconf 85' lang='lat' dir='ltr'>Asprenas</span> <span class='ocrx_word' id='word_1_180' title='bbox 372 2038 495 2070; x_wconf 89' lang='lat' dir='ltr'>Troiae</span> <span class='ocrx_word' id='word_1_181' title='bbox 526 2037 663 2070; x_wconf 90' lang='lat' dir='ltr'>ludicro</span> <span class='ocrx_word' id='word_1_182' title='bbox 686 2037 865 2070; x_wconf 88' lang='lat' dir='ltr'>adhibitus</span> 
     </span>
     <span class='ocr_line' id='line_1_37' title="bbox 164 2086 865 2128; baseline -0.001 -9"><span class='ocrx_word' id='word_1_183' title='bbox 164 2086 270 2119; x_wconf 87' lang='lat' dir='ltr'>fuerit</span> <span class='ocrx_word' id='word_1_184' title='bbox 285 2086 330 2118; x_wconf 90' lang='lat' dir='ltr'>ab</span> <span class='ocrx_word' id='word_1_185' title='bbox 346 2088 524 2128; x_wconf 80' lang='lat' dir='ltr'>Augusto,</span> <span class='ocrx_word' id='word_1_186' title='bbox 549 2087 620 2120; x_wconf 91' lang='lat' dir='ltr'>iam</span> <span class='ocrx_word' id='word_1_187' title='bbox 643 2087 713 2120; x_wconf 89' lang='lat' dir='ltr'>hoc</span> <span class='ocrx_word' id='word_1_188' title='bbox 736 2087 865 2119; x_wconf 88' lang='lat' dir='ltr'>indicio</span> 
     </span>
     <span class='ocr_line' id='line_1_38' title="bbox 165 2136 863 2177; baseline 0 -9"><span class='ocrx_word' id='word_1_189' title='bbox 165 2138 221 2168; x_wconf 86' lang='lat' dir='ltr'>est</span> <span class='ocrx_word' id='word_1_190' title='bbox 243 2136 358 2168; x_wconf 86' lang='lat' dir='ltr'>clarae</span> <span class='ocrx_word' id='word_1_191' title='bbox 379 2137 492 2177; x_wconf 75' lang='lat' dir='ltr'>stirpis</span> <span class='ocrx_word' id='word_1_192' title='bbox 515 2145 600 2168; x_wconf 89' lang='lat' dir='ltr'>eum</span> <span class='ocrx_word' id='word_1_193' title='bbox 623 2136 745 2169; x_wconf 83' lang='lat' dir='ltr'>fuisse.</span> <span class='ocrx_word' id='word_1_194' title='bbox 794 2136 863 2169; x_wconf 85' lang='lat' dir='ltr'>Csr.</span> 
     </span>
     <span class='ocr_line' id='line_1_39' title="bbox 165 2185 868 2228; baseline 0.001 -10"><span class='ocrx_word' id='word_1_195' title='bbox 165 2187 261 2218; x_wconf 92' lang='lat' dir='ltr'>Suet.</span> <span class='ocrx_word' id='word_1_196' title='bbox 280 2186 355 2218; x_wconf 91' lang='lat' dir='ltr'>Oct.</span> <span class='ocrx_word' id='word_1_197' title='bbox 374 2185 427 2219; x_wconf 87' lang='lat'>43.</span> <span class='ocrx_word' id='word_1_198' title='bbox 454 2185 587 2225; x_wconf 88' lang='lat' dir='ltr'>Quodsi</span> <span class='ocrx_word' id='word_1_199' title='bbox 609 2187 759 2219; x_wconf 80' lang='lat' dir='ltr'>Manliae</span> <span class='ocrx_word' id='word_1_200' title='bbox 782 2195 868 2228; x_wconf 86' lang='lat' dir='ltr'>gen-</span> 
     </span>
     <span class='ocr_line' id='line_1_40' title="bbox 165 2235 866 2277; baseline 0.003 -10"><span class='ocrx_word' id='word_1_201' title='bbox 165 2236 208 2268; x_wconf 89' lang='lat' dir='ltr'>tis</span> <span class='ocrx_word' id='word_1_202' title='bbox 231 2235 316 2276; x_wconf 85' lang='lat' dir='ltr'>fuit,</span> <span class='ocrx_word' id='word_1_203' title='bbox 345 2237 493 2277; x_wconf 87' lang='lat' dir='ltr'>patricia</span> <span class='ocrx_word' id='word_1_204' title='bbox 516 2236 607 2268; x_wconf 88' lang='lat' dir='ltr'>haec</span> <span class='ocrx_word' id='word_1_205' title='bbox 630 2238 666 2269; x_wconf 92' lang='lat' dir='ltr'>et</span> <span class='ocrx_word' id='word_1_206' title='bbox 688 2236 866 2270; x_wconf 88' lang='lat' dir='ltr'>nobilissi-</span> 
     </span>
     <span class='ocr_line' id='line_1_41' title="bbox 165 2286 867 2329; baseline 0.004 -13"><span class='ocrx_word' id='word_1_207' title='bbox 165 2293 224 2317; x_wconf 87' lang='lat' dir='ltr'>ma</span> <span class='ocrx_word' id='word_1_208' title='bbox 247 2286 336 2329; x_wconf 74' lang='lat' dir='ltr'>erat.</span> <span class='ocrx_word' id='word_1_209' title='bbox 363 2304 400 2308; x_wconf 96' lang='lat'><strong>—</strong></span> <span class='ocrx_word' id='word_1_210' title='bbox 423 2286 602 2326; x_wconf 78' lang='lat' dir='ltr'>facundia]</span> <span class='ocrx_word' id='word_1_211' title='bbox 628 2295 736 2327; x_wconf 90' lang='lat' dir='ltr'>quam</span> <span class='ocrx_word' id='word_1_212' title='bbox 759 2295 867 2328; x_wconf 86' lang='lat' dir='ltr'>prae-</span> 
     </span>
     <span class='ocr_line' id='line_1_42' title="bbox 166 2332 622 2376; baseline 0.007 -12"><span class='ocrx_word' id='word_1_213' title='bbox 166 2332 260 2365; x_wconf 89' lang='lat' dir='ltr'>dicat</span> <span class='ocrx_word' id='word_1_214' title='bbox 282 2334 389 2367; x_wconf 90' lang='lat' dir='ltr'>etiam</span> <span class='ocrx_word' id='word_1_215' title='bbox 411 2335 498 2376; x_wconf 89' lang='lat' dir='ltr'>Epp.</span> <span class='ocrx_word' id='word_1_216' title='bbox 526 2336 539 2367; x_wconf 98' lang='grc'><strong>4</strong></span> <span class='ocrx_word' id='word_1_217' title='bbox 557 2361 564 2373; x_wconf 86' lang='grc'><strong>,</strong></span> <span class='ocrx_word' id='word_1_218' title='bbox 590 2336 622 2367; x_wconf 91' lang='grc'><strong>5.</strong></span> 
     </span>
    </p>

    <p class='ocr_par' dir='ltr' id='par_1_9' title="bbox 165 2383 866 2579">
     <span class='ocr_line' id='line_1_43' title="bbox 207 2383 862 2427; baseline 0.003 -12"><span class='ocrx_word' id='word_1_219' title='bbox 207 2383 262 2415; x_wconf 85' lang='grc'><strong>25.</strong></span> <span class='ocrx_word' id='word_1_220' title='bbox 288 2384 343 2416; x_wconf 92' lang='grc'><strong>26.</strong></span> <span class='ocrx_word' id='word_1_221' title='bbox 368 2385 495 2426; x_wconf 86' lang='lat' dir='ltr'>Diana]</span> <span class='ocrx_word' id='word_1_222' title='bbox 518 2393 608 2426; x_wconf 88' lang='lat' dir='ltr'>quae</span> <span class='ocrx_word' id='word_1_223' title='bbox 625 2385 719 2426; x_wconf 91' lang='lat' dir='ltr'>apud</span> <span class='ocrx_word' id='word_1_224' title='bbox 743 2385 862 2427; x_wconf 90' lang='lat' dir='ltr'>Eurip.</span> 
     </span>
     <span class='ocr_line' id='line_1_44' title="bbox 166 2432 866 2475; baseline 0.004 -12"><span class='ocrx_word' id='word_1_225' title='bbox 166 2432 304 2473; x_wconf 88' lang='lat' dir='ltr'>Hippol.</span> <span class='ocrx_word' id='word_1_226' title='bbox 330 2433 427 2466; x_wconf 81' lang='grc'><strong>4437.</strong></span> <span class='ocrx_word' id='word_1_227' title='bbox 463 2435 511 2466; x_wconf 89' lang='lat' dir='ltr'>ita</span> <span class='ocrx_word' id='word_1_228' title='bbox 545 2433 736 2475; x_wconf 88' lang='lat' dir='ltr'>Hippolyto</span> <span class='ocrx_word' id='word_1_229' title='bbox 768 2434 866 2466; x_wconf 87' lang='lat' dir='ltr'>vale-</span> 
     </span>
     <span class='ocr_line' id='line_1_45' title="bbox 166 2480 862 2539; baseline 0.007 -27"><span class='ocrx_word' id='word_1_230' title='bbox 166 2481 265 2513; x_wconf 89' lang='lat' dir='ltr'>dicit:</span> <span class='ocrx_word' id='word_1_231' title='bbox 306 2481 382 2515; x_wconf 69' lang='grc' dir='ltr'><strong>Καὶ.</strong></span> <span class='ocrx_word' id='word_1_232' title='bbox 422 2482 541 2539; x_wconf 54' lang='grc' dir='ltr'><em>χαῖρ’·</em></span> <span class='ocrx_word' id='word_1_233' title='bbox 585 2483 674 2525; x_wconf 77' lang='grc' dir='ltr'>ἐμοὶ</span> <span class='ocrx_word' id='word_1_234' title='bbox 707 2480 780 2530; x_wconf 76' lang='grc' dir='ltr'>γὰρ</span> <span class='ocrx_word' id='word_1_235' title='bbox 816 2480 862 2517; x_wconf 82' lang='grc' dir='ltr'>οὐ</span> 
     </span>
     <span class='ocr_line' id='line_1_46' title="bbox 165 2530 860 2579; baseline 0.004 -16"><span class='ocrx_word' id='word_1_236' title='bbox 165 2530 277 2573; x_wconf 75' lang='grc' dir='ltr'><strong><em>θέμις</em></strong></span> <span class='ocrx_word' id='word_1_237' title='bbox 300 2530 465 2573; x_wconf 81' lang='grc' dir='ltr'><strong><em>φθιτοὺς</em></strong></span> <span class='ocrx_word' id='word_1_238' title='bbox 488 2530 595 2579; x_wconf 82' lang='grc' dir='ltr'><strong>ορᾷν.</strong></span> <span class='ocrx_word' id='word_1_239' title='bbox 626 2534 751 2574; x_wconf 85' lang='lat' dir='ltr'>Hygin.</span> <span class='ocrx_word' id='word_1_240' title='bbox 778 2533 860 2566; x_wconf 90' lang='lat' dir='ltr'>Fab.</span> 
     </span>
    </p>
   </div>
   <div class='ocr_carea' id='block_1_8' title="bbox 914 599 1622 2572">
    <p class='ocr_par' dir='ltr' id='par_1_10' title="bbox 916 599 1622 1427">
     <span class='ocr_line' id='line_1_47' title="bbox 919 599 1622 642; baseline 0.003 -10"><span class='ocrx_word' id='word_1_241' title='bbox 919 599 982 632; x_wconf 86' lang='lat'>543</span> <span class='ocrx_word' id='word_1_242' title='bbox 1000 608 1054 641; x_wconf 92' lang='lat' dir='ltr'>sq.</span> <span class='ocrx_word' id='word_1_243' title='bbox 1073 599 1119 632; x_wconf 86' lang='lat' dir='ltr'>ab</span> <span class='ocrx_word' id='word_1_244' title='bbox 1142 599 1354 642; x_wconf 84' lang='lat' dir='ltr'>Aesculapio</span> <span class='ocrx_word' id='word_1_245' title='bbox 1377 601 1413 633; x_wconf 93' lang='lat' dir='ltr'>in</span> <span class='ocrx_word' id='word_1_246' title='bbox 1435 602 1543 634; x_wconf 80' lang='lat' dir='ltr'>vitam</span> <span class='ocrx_word' id='word_1_247' title='bbox 1566 612 1622 641; x_wconf 86' lang='lat' dir='ltr'>re-</span> 
     </span>
     <span class='ocr_line' id='line_1_48' title="bbox 919 649 1620 685; baseline 0.006 -4"><span class='ocrx_word' id='word_1_248' title='bbox 919 650 1087 682; x_wconf 88' lang='lat' dir='ltr'>vocatum</span> <span class='ocrx_word' id='word_1_249' title='bbox 1108 650 1220 682; x_wconf 82' lang='lat' dir='ltr'>Diana</span> <span class='ocrx_word' id='word_1_250' title='bbox 1241 649 1392 683; x_wconf 83' lang='lat' dir='ltr'>collocat</span> <span class='ocrx_word' id='word_1_251' title='bbox 1414 651 1449 683; x_wconf 90' lang='lat' dir='ltr'>in</span> <span class='ocrx_word' id='word_1_252' title='bbox 1473 660 1620 685; x_wconf 88' lang='lat' dir='ltr'>nemore</span> 
     </span>
     <span class='ocr_line' id='line_1_49' title="bbox 919 699 1618 742; baseline 0.006 -12"><span class='ocrx_word' id='word_1_253' title='bbox 919 699 1078 731; x_wconf 82' lang='lat' dir='ltr'>Aricino:</span> <span class='ocrx_word' id='word_1_254' title='bbox 1119 699 1240 739; x_wconf 74' lang='lat' dir='ltr'>quique</span> <span class='ocrx_word' id='word_1_255' title='bbox 1275 700 1368 741; x_wconf 78' lang='lat' dir='ltr'>fuisti</span> <span class='ocrx_word' id='word_1_256' title='bbox 1403 701 1618 742; x_wconf 73' lang='lat' dir='ltr'>Hippolytus,</span> 
     </span>
     <span class='ocr_line' id='line_1_50' title="bbox 919 748 1621 788; baseline 0.006 -8"><span class='ocrx_word' id='word_1_257' title='bbox 919 748 1022 788; x_wconf 62' lang='lat' dir='ltr'>dizit,</span> <span class='ocrx_word' id='word_1_258' title='bbox 1047 757 1136 781; x_wconf 76' lang='lat' dir='ltr'>nunc</span> <span class='ocrx_word' id='word_1_259' title='bbox 1157 749 1245 782; x_wconf 74' lang='lat' dir='ltr'>idem</span> <span class='ocrx_word' id='word_1_260' title='bbox 1273 749 1402 782; x_wconf 80' lang='lat' dir='ltr'>Virbius</span> <span class='ocrx_word' id='word_1_261' title='bbox 1417 753 1501 783; x_wconf 79' lang='lat' dir='ltr'>esto:</span> <span class='ocrx_word' id='word_1_262' title='bbox 1517 769 1567 775; x_wconf 95' lang='lat'>--</span> <span class='ocrx_word' id='word_1_263' title='bbox 1582 753 1621 784; x_wconf 77' lang='lat' dir='ltr'>dc</span> 
     </span>
     <span class='ocr_line' id='line_1_51' title="bbox 918 798 1620 842; baseline 0.007 -13"><span class='ocrx_word' id='word_1_264' title='bbox 918 798 1031 838; x_wconf 80' lang='lat' dir='ltr'>disque</span> <span class='ocrx_word' id='word_1_265' title='bbox 1050 798 1236 830; x_wconf 81' lang='lat' dir='ltr'>minoribus</span> <span class='ocrx_word' id='word_1_266' title='bbox 1255 807 1358 831; x_wconf 72' lang='lat' dir='ltr'>unus:</span> <span class='ocrx_word' id='word_1_267' title='bbox 1389 799 1620 842; x_wconf 82' lang='lat' dir='ltr'>similiterque</span> 
     </span>
     <span class='ocr_line' id='line_1_52' title="bbox 918 847 1620 889; baseline 0.006 -10"><span class='ocrx_word' id='word_1_268' title='bbox 918 847 1035 889; x_wconf 84' lang='lat' dir='ltr'>Virgil.</span> <span class='ocrx_word' id='word_1_269' title='bbox 1061 849 1148 881; x_wconf 86' lang='lat' dir='ltr'>Aen.</span> <span class='ocrx_word' id='word_1_270' title='bbox 1175 849 1215 888; x_wconf 88' lang='lat'>7,</span> <span class='ocrx_word' id='word_1_271' title='bbox 1248 849 1347 889; x_wconf 83' lang='lat'>765.;</span> <span class='ocrx_word' id='word_1_272' title='bbox 1385 850 1485 882; x_wconf 88' lang='lat' dir='ltr'>cuius</span> <span class='ocrx_word' id='word_1_273' title='bbox 1509 850 1620 883; x_wconf 87' lang='lat' dir='ltr'>Virbii</span> 
     </span>
     <span class='ocr_line' id='line_1_53' title="bbox 918 897 1620 933; baseline 0.006 -4"><span class='ocrx_word' id='word_1_274' title='bbox 918 898 994 930; x_wconf 91' lang='lat' dir='ltr'>sive</span> <span class='ocrx_word' id='word_1_275' title='bbox 1017 897 1198 931; x_wconf 87' lang='lat' dir='ltr'>masculae</span> <span class='ocrx_word' id='word_1_276' title='bbox 1222 898 1400 931; x_wconf 86' lang='lat' dir='ltr'>Minervae</span> <span class='ocrx_word' id='word_1_277' title='bbox 1424 900 1539 932; x_wconf 87' lang='lat' dir='ltr'>statua</span> <span class='ocrx_word' id='word_1_278' title='bbox 1555 901 1620 933; x_wconf 90' lang='lat' dir='ltr'>Ga-</span> 
     </span>
     <span class='ocr_line' id='line_1_54' title="bbox 917 947 1620 989; baseline 0.004 -10"><span class='ocrx_word' id='word_1_279' title='bbox 917 947 984 980; x_wconf 90' lang='lat' dir='ltr'>biis</span> <span class='ocrx_word' id='word_1_280' title='bbox 1007 949 1149 989; x_wconf 90' lang='lat' dir='ltr'>reperta</span> <span class='ocrx_word' id='word_1_281' title='bbox 1172 956 1267 980; x_wconf 92' lang='lat' dir='ltr'>nunc</span> <span class='ocrx_word' id='word_1_282' title='bbox 1290 949 1495 980; x_wconf 86' lang='lat' dir='ltr'>asservatur</span> <span class='ocrx_word' id='word_1_283' title='bbox 1517 950 1620 982; x_wconf 85' lang='lat' dir='ltr'>Lute-</span> 
     </span>
     <span class='ocr_line' id='line_1_55' title="bbox 917 996 1617 1038; baseline 0.006 -10"><span class='ocrx_word' id='word_1_284' title='bbox 917 997 999 1029; x_wconf 89' lang='lat' dir='ltr'>tiae.</span> <span class='ocrx_word' id='word_1_285' title='bbox 1038 996 1180 1038; x_wconf 81' lang='lat' dir='ltr'>(Miiller</span> <span class='ocrx_word' id='word_1_286' title='bbox 1211 997 1353 1029; x_wconf 78' lang='lat' dir='ltr'>Denkm.</span> <span class='ocrx_word' id='word_1_287' title='bbox 1385 999 1412 1030; x_wconf 89' lang='lat'>1.</span> <span class='ocrx_word' id='word_1_288' title='bbox 1446 999 1544 1031; x_wconf 86' lang='lat' dir='ltr'>Fasc.</span> <span class='ocrx_word' id='word_1_289' title='bbox 1575 1000 1617 1032; x_wconf 90' lang='lat'>11.</span> 
     </span>
     <span class='ocr_line' id='line_1_56' title="bbox 917 1046 1619 1089; baseline 0.003 -10"><span class='ocrx_word' id='word_1_290' title='bbox 917 1048 958 1079; x_wconf 89' lang='lat' dir='ltr'>N.</span> <span class='ocrx_word' id='word_1_291' title='bbox 973 1046 1062 1087; x_wconf 90' lang='grc'><strong>484.)</strong></span> <span class='ocrx_word' id='word_1_292' title='bbox 1081 1047 1206 1079; x_wconf 87' lang='lat' dir='ltr'>Graeci</span> <span class='ocrx_word' id='word_1_293' title='bbox 1220 1055 1308 1079; x_wconf 79' lang='lat' dir='ltr'>vero</span> <span class='ocrx_word' id='word_1_294' title='bbox 1323 1046 1501 1089; x_wconf 84' lang='lat' dir='ltr'>Hippolyti</span> <span class='ocrx_word' id='word_1_295' title='bbox 1518 1056 1619 1089; x_wconf 82' lang='lat' dir='ltr'>egre—</span> 
     </span>
     <span class='ocr_line' id='line_1_57' title="bbox 918 1096 1619 1138; baseline 0.004 -11"><span class='ocrx_word' id='word_1_296' title='bbox 918 1096 1012 1137; x_wconf 84' lang='lat' dir='ltr'>giam</span> <span class='ocrx_word' id='word_1_297' title='bbox 1026 1096 1201 1138; x_wconf 87' lang='lat' dir='ltr'>picturam</span> <span class='ocrx_word' id='word_1_298' title='bbox 1217 1097 1470 1138; x_wconf 89' lang='lat' dir='ltr'>Pompeianam</span> <span class='ocrx_word' id='word_1_299' title='bbox 1485 1097 1567 1130; x_wconf 86' lang='lat' dir='ltr'>vide</span> <span class='ocrx_word' id='word_1_300' title='bbox 1583 1098 1619 1130; x_wconf 90' lang='lat' dir='ltr'>in</span> 
     </span>
     <span class='ocr_line' id='line_1_58' title="bbox 916 1145 1617 1179; baseline 0.001 -1"><span class='ocrx_word' id='word_1_301' title='bbox 916 1146 1031 1178; x_wconf 84' lang='lat' dir='ltr'>Museo</span> <span class='ocrx_word' id='word_1_302' title='bbox 1053 1145 1153 1177; x_wconf 84' lang='lat' dir='ltr'>Borb.</span> <span class='ocrx_word' id='word_1_303' title='bbox 1179 1145 1235 1177; x_wconf 88' lang='lat' dir='ltr'>XI.</span> <span class='ocrx_word' id='word_1_304' title='bbox 1255 1145 1293 1177; x_wconf 92' lang='lat' dir='ltr'>T.</span> <span class='ocrx_word' id='word_1_305' title='bbox 1319 1146 1351 1177; x_wconf 92' lang='lat'>2.</span> <span class='ocrx_word' id='word_1_306' title='bbox 1379 1163 1417 1169; x_wconf 88' lang='lat'>—</span> <span class='ocrx_word' id='word_1_307' title='bbox 1442 1147 1516 1179; x_wconf 90' lang='lat' dir='ltr'>Nec</span> <span class='ocrx_word' id='word_1_308' title='bbox 1531 1155 1617 1179; x_wconf 88' lang='lat' dir='ltr'>vero</span> 
     </span>
     <span class='ocr_line' id='line_1_59' title="bbox 917 1195 1617 1237; baseline 0.003 -10"><span class='ocrx_word' id='word_1_309' title='bbox 917 1196 1091 1237; x_wconf 84' lang='lat' dir='ltr'>repugnat</span> <span class='ocrx_word' id='word_1_310' title='bbox 1127 1195 1269 1227; x_wconf 90' lang='lat' dir='ltr'>Horatio</span> <span class='ocrx_word' id='word_1_311' title='bbox 1306 1195 1480 1229; x_wconf 89' lang='lat' dir='ltr'>Pindarus</span> <span class='ocrx_word' id='word_1_312' title='bbox 1514 1197 1617 1237; x_wconf 79' lang='lat' dir='ltr'>Pyth.</span> 
     </span>
     <span class='ocr_line' id='line_1_60' title="bbox 917 1242 1619 1287; baseline 0.003 -11"><span class='ocrx_word' id='word_1_313' title='bbox 917 1244 936 1276; x_wconf 91' lang='lat'>3</span> <span class='ocrx_word' id='word_1_314' title='bbox 949 1269 957 1283; x_wconf 92' lang='lat'>,</span> <span class='ocrx_word' id='word_1_315' title='bbox 982 1245 1036 1276; x_wconf 84' lang='lat'>55.</span> <span class='ocrx_word' id='word_1_316' title='bbox 1055 1245 1108 1284; x_wconf 91' lang='grc' dir='ltr'><strong>Β.,</strong></span> <span class='ocrx_word' id='word_1_317' title='bbox 1135 1252 1219 1276; x_wconf 91' lang='lat' dir='ltr'>cum</span> <span class='ocrx_word' id='word_1_318' title='bbox 1234 1242 1410 1277; x_wconf 89' lang='lat' dir='ltr'>incertum</span> <span class='ocrx_word' id='word_1_319' title='bbox 1426 1245 1482 1285; x_wconf 92' lang='lat' dir='ltr'>sit,</span> <span class='ocrx_word' id='word_1_320' title='bbox 1508 1254 1619 1287; x_wconf 90' lang='lat' dir='ltr'>quem</span> 
     </span>
     <span class='ocr_line' id='line_1_61' title="bbox 917 1293 1619 1335; baseline 0.001 -9"><span class='ocrx_word' id='word_1_321' title='bbox 917 1293 962 1326; x_wconf 91' lang='lat' dir='ltr'>ab</span> <span class='ocrx_word' id='word_1_322' title='bbox 996 1293 1207 1335; x_wconf 85' lang='lat' dir='ltr'>Aesculapio</span> <span class='ocrx_word' id='word_1_323' title='bbox 1237 1294 1331 1326; x_wconf 90' lang='lat' dir='ltr'>vitae</span> <span class='ocrx_word' id='word_1_324' title='bbox 1360 1294 1541 1329; x_wconf 83' lang='lat' dir='ltr'>redditum</span> <span class='ocrx_word' id='word_1_325' title='bbox 1570 1294 1619 1328; x_wconf 89' lang='lat' dir='ltr'>ibi</span> 
     </span>
     <span class='ocr_line' id='line_1_62' title="bbox 917 1344 1619 1385; baseline 0.003 -9"><span class='ocrx_word' id='word_1_326' title='bbox 917 1345 1104 1376; x_wconf 89' lang='lat' dir='ltr'>memoret.</span> <span class='ocrx_word' id='word_1_327' title='bbox 1140 1362 1178 1367; x_wconf 93' lang='lat'><strong>—</strong></span> <span class='ocrx_word' id='word_1_328' title='bbox 1209 1344 1381 1385; x_wconf 74' lang='lat' dir='ltr'>pudicam]</span> <span class='ocrx_word' id='word_1_329' title='bbox 1415 1345 1619 1378; x_wconf 79' lang='lat' dir='ltr'>«Phaedrae</span> 
     </span>
     <span class='ocr_line' id='line_1_63' title="bbox 917 1394 1618 1427; baseline 0.003 -2"><span class='ocrx_word' id='word_1_330' title='bbox 917 1401 1091 1426; x_wconf 90' lang='lat' dir='ltr'>novercae</span> <span class='ocrx_word' id='word_1_331' title='bbox 1108 1394 1221 1426; x_wconf 88' lang='lat' dir='ltr'>amori</span> <span class='ocrx_word' id='word_1_332' title='bbox 1240 1394 1338 1426; x_wconf 86' lang='lat' dir='ltr'>caste</span> <span class='ocrx_word' id='word_1_333' title='bbox 1353 1394 1618 1427; x_wconf 82' lang='lat' dir='ltr'>resistentem.»</span> 
     </span>
    </p>

    <p class='ocr_par' dir='ltr' id='par_1_11' title="bbox 914 1443 1620 2572">
     <span class='ocr_line' id='line_1_64' title="bbox 959 1443 1619 1485; baseline 0.003 -10"><span class='ocrx_word' id='word_1_334' title='bbox 959 1444 1014 1475; x_wconf 87' lang='lat'>27.</span> <span class='ocrx_word' id='word_1_335' title='bbox 1039 1443 1093 1476; x_wconf 90' lang='lat'>28.</span> <span class='ocrx_word' id='word_1_336' title='bbox 1124 1443 1282 1485; x_wconf 67' lang='lat' dir='ltr'>Pirithoo]</span> <span class='ocrx_word' id='word_1_337' title='bbox 1306 1443 1499 1483; x_wconf 88' lang='lat' dir='ltr'>Pirithous,</span> <span class='ocrx_word' id='word_1_338' title='bbox 1524 1444 1619 1477; x_wconf 89' lang='lat' dir='ltr'>Iovis</span> 
     </span>
     <span class='ocr_line' id='line_1_65' title="bbox 917 1492 1620 1534; baseline 0.001 -9"><span class='ocrx_word' id='word_1_339' title='bbox 917 1492 1020 1532; x_wconf 89' lang='lat' dir='ltr'>filius,</span> <span class='ocrx_word' id='word_1_340' title='bbox 1047 1501 1091 1525; x_wconf 83' lang='lat' dir='ltr'>ex</span> <span class='ocrx_word' id='word_1_341' title='bbox 1114 1493 1219 1533; x_wconf 86' lang='lat' dir='ltr'>gente</span> <span class='ocrx_word' id='word_1_342' title='bbox 1242 1493 1490 1534; x_wconf 88' lang='lat' dir='ltr'>Lapitharum,</span> <span class='ocrx_word' id='word_1_343' title='bbox 1515 1494 1620 1526; x_wconf 88' lang='lat' dir='ltr'>artis—</span> 
     </span>
     <span class='ocr_line' id='line_1_66' title="bbox 917 1541 1617 1576; baseline 0.001 -2"><span class='ocrx_word' id='word_1_344' title='bbox 917 1543 1007 1574; x_wconf 92' lang='lat' dir='ltr'>simo</span> <span class='ocrx_word' id='word_1_345' title='bbox 1039 1542 1214 1574; x_wconf 86' lang='lat' dir='ltr'>amicitiae</span> <span class='ocrx_word' id='word_1_346' title='bbox 1244 1541 1386 1575; x_wconf 82' lang='lat' dir='ltr'>vinculo</span> <span class='ocrx_word' id='word_1_347' title='bbox 1409 1551 1493 1576; x_wconf 91' lang='lat' dir='ltr'>cum</span> <span class='ocrx_word' id='word_1_348' title='bbox 1520 1543 1617 1575; x_wconf 89' lang='lat' dir='ltr'>The-</span> 
     </span>
     <span class='ocr_line' id='line_1_67' title="bbox 917 1591 1618 1633; baseline 0.001 -10"><span class='ocrx_word' id='word_1_349' title='bbox 917 1600 980 1624; x_wconf 91' lang='lat' dir='ltr'>seo</span> <span class='ocrx_word' id='word_1_350' title='bbox 1022 1592 1180 1631; x_wconf 84' lang='lat' dir='ltr'>iunctus,</span> <span class='ocrx_word' id='word_1_351' title='bbox 1227 1591 1462 1633; x_wconf 88' lang='lat' dir='ltr'>Hippodamia</span> <span class='ocrx_word' id='word_1_352' title='bbox 1507 1601 1618 1625; x_wconf 80' lang='lat' dir='ltr'>uxore</span> 
     </span>
     <span class='ocr_line' id='line_1_68' title="bbox 916 1640 1619 1683; baseline 0.001 -10"><span class='ocrx_word' id='word_1_353' title='bbox 916 1642 1142 1683; x_wconf 90' lang='lat' dir='ltr'>praematura</span> <span class='ocrx_word' id='word_1_354' title='bbox 1171 1642 1288 1673; x_wconf 87' lang='lat' dir='ltr'>morte</span> <span class='ocrx_word' id='word_1_355' title='bbox 1333 1641 1505 1674; x_wconf 84' lang='lat' dir='ltr'>exstincta</span> <span class='ocrx_word' id='word_1_356' title='bbox 1538 1640 1619 1674; x_wconf 90' lang='lat' dir='ltr'>nul-</span> 
     </span>
     <span class='ocr_line' id='line_1_69' title="bbox 916 1690 1617 1732; baseline 0.001 -10"><span class='ocrx_word' id='word_1_357' title='bbox 916 1690 982 1723; x_wconf 91' lang='lat' dir='ltr'>lius</span> <span class='ocrx_word' id='word_1_358' title='bbox 1017 1691 1052 1722; x_wconf 92' lang='lat' dir='ltr'>in</span> <span class='ocrx_word' id='word_1_359' title='bbox 1086 1691 1273 1732; x_wconf 91' lang='lat' dir='ltr'>posterum</span> <span class='ocrx_word' id='word_1_360' title='bbox 1304 1690 1371 1723; x_wconf 89' lang='lat' dir='ltr'>nisi</span> <span class='ocrx_word' id='word_1_361' title='bbox 1403 1691 1495 1723; x_wconf 89' lang='lat' dir='ltr'>Iovis</span> <span class='ocrx_word' id='word_1_362' title='bbox 1526 1690 1617 1723; x_wconf 87' lang='lat' dir='ltr'>filiae</span> 
     </span>
     <span class='ocr_line' id='line_1_70' title="bbox 915 1739 1614 1782; baseline 0.001 -11"><span class='ocrx_word' id='word_1_363' title='bbox 915 1741 1040 1782; x_wconf 89' lang='lat' dir='ltr'>petere</span> <span class='ocrx_word' id='word_1_364' title='bbox 1065 1740 1268 1780; x_wconf 86' lang='lat' dir='ltr'>coniugium</span> <span class='ocrx_word' id='word_1_365' title='bbox 1283 1739 1351 1772; x_wconf 90' lang='lat' dir='ltr'>sibi</span> <span class='ocrx_word' id='word_1_366' title='bbox 1366 1742 1614 1782; x_wconf 86' lang='lat' dir='ltr'>proposuerat.</span> 
     </span>
     <span class='ocr_line' id='line_1_71' title="bbox 915 1789 1617 1831; baseline 0.001 -10"><span class='ocrx_word' id='word_1_367' title='bbox 915 1791 1039 1830; x_wconf 88' lang='lat' dir='ltr'>Itaque</span> <span class='ocrx_word' id='word_1_368' title='bbox 1065 1789 1234 1821; x_wconf 73' lang='lat' dir='ltr'>Taenaria</span> <span class='ocrx_word' id='word_1_369' title='bbox 1260 1793 1365 1830; x_wconf 84' lang='lat' dir='ltr'>porta</span> <span class='ocrx_word' id='word_1_370' title='bbox 1394 1789 1444 1831; x_wconf 90' lang='lat' dir='ltr'>(ut</span> <span class='ocrx_word' id='word_1_371' title='bbox 1474 1789 1617 1822; x_wconf 91' lang='lat' dir='ltr'>Ovidius</span> 
     </span>
     <span class='ocr_line' id='line_1_72' title="bbox 915 1838 1619 1879; baseline 0 -8"><span class='ocrx_word' id='word_1_372' title='bbox 915 1840 963 1871; x_wconf 91' lang='lat' dir='ltr'>ait</span> <span class='ocrx_word' id='word_1_373' title='bbox 985 1840 1084 1871; x_wconf 90' lang='lat' dir='ltr'>Pont.</span> <span class='ocrx_word' id='word_1_374' title='bbox 1109 1839 1148 1877; x_wconf 89' lang='lat'>2,</span> <span class='ocrx_word' id='word_1_375' title='bbox 1174 1838 1214 1878; x_wconf 90' lang='lat'>3,</span> <span class='ocrx_word' id='word_1_376' title='bbox 1239 1838 1306 1879; x_wconf 86' lang='grc'><strong>43.)</strong></span> <span class='ocrx_word' id='word_1_377' title='bbox 1335 1839 1518 1871; x_wconf 78' lang='lat' dir='ltr'>Pirithoum</span> <span class='ocrx_word' id='word_1_378' title='bbox 1542 1839 1619 1871; x_wconf 74' lang='lat' dir='ltr'>Tho-</span> 
     </span>
     <span class='ocr_line' id='line_1_73' title="bbox 914 1888 1618 1930; baseline -0.001 -9"><span class='ocrx_word' id='word_1_379' title='bbox 914 1898 988 1921; x_wconf 83' lang='lat' dir='ltr'>seus</span> <span class='ocrx_word' id='word_1_380' title='bbox 1010 1889 1146 1930; x_wconf 64' lang='lat' dir='ltr'>Stygias</span> <span class='ocrx_word' id='word_1_381' title='bbox 1167 1888 1338 1920; x_wconf 75' lang='lat' dir='ltr'>comitavit</span> <span class='ocrx_word' id='word_1_382' title='bbox 1360 1888 1406 1920; x_wconf 81' lang='lat' dir='ltr'>ad</span> <span class='ocrx_word' id='word_1_383' title='bbox 1427 1889 1554 1927; x_wconf 81' lang='lat' dir='ltr'>undas,</span> <span class='ocrx_word' id='word_1_384' title='bbox 1579 1890 1618 1920; x_wconf 91' lang='lat' dir='ltr'>ut</span> 
     </span>
     <span class='ocr_line' id='line_1_74' title="bbox 914 1937 1614 1979; baseline -0.001 -8"><span class='ocrx_word' id='word_1_385' title='bbox 914 1938 1164 1979; x_wconf 88' lang='lat' dir='ltr'>Proserpinam</span> <span class='ocrx_word' id='word_1_386' title='bbox 1200 1937 1355 1970; x_wconf 89' lang='lat' dir='ltr'>Pirithoo</span> <span class='ocrx_word' id='word_1_387' title='bbox 1393 1937 1614 1978; x_wconf 88' lang='lat' dir='ltr'>conciliaret,</span> 
     </span>
     <span class='ocr_line' id='line_1_75' title="bbox 916 1987 1618 2029; baseline 0 -10"><span class='ocrx_word' id='word_1_388' title='bbox 916 1987 1221 2029; x_wconf 90' lang='lat' dir='ltr'>quemadmodum</span> <span class='ocrx_word' id='word_1_389' title='bbox 1253 1987 1358 2019; x_wconf 85' lang='lat' dir='ltr'>antea</span> <span class='ocrx_word' id='word_1_390' title='bbox 1388 1996 1459 2019; x_wconf 92' lang='lat' dir='ltr'>una</span> <span class='ocrx_word' id='word_1_391' title='bbox 1486 1996 1618 2029; x_wconf 87' lang='lat' dir='ltr'>rapue-</span> 
     </span>
     <span class='ocr_line' id='line_1_76' title="bbox 914 2037 1618 2078; baseline 0 -9"><span class='ocrx_word' id='word_1_392' title='bbox 914 2038 994 2069; x_wconf 85' lang='lat' dir='ltr'>rant</span> <span class='ocrx_word' id='word_1_393' title='bbox 1027 2037 1215 2078; x_wconf 90' lang='lat' dir='ltr'>Antiopam</span> <span class='ocrx_word' id='word_1_394' title='bbox 1237 2037 1435 2075; x_wconf 83' lang='lat' dir='ltr'>Amazona,</span> <span class='ocrx_word' id='word_1_395' title='bbox 1470 2037 1511 2068; x_wconf 91' lang='lat' dir='ltr'>ut</span> <span class='ocrx_word' id='word_1_396' title='bbox 1529 2037 1618 2069; x_wconf 89' lang='lat' dir='ltr'>The-</span> 
     </span>
     <span class='ocr_line' id='line_1_77' title="bbox 915 2086 1614 2125; baseline 0 -7"><span class='ocrx_word' id='word_1_397' title='bbox 915 2087 967 2119; x_wconf 91' lang='lat' dir='ltr'>sei</span> <span class='ocrx_word' id='word_1_398' title='bbox 1001 2086 1103 2118; x_wconf 89' lang='lat' dir='ltr'>fieret</span> <span class='ocrx_word' id='word_1_399' title='bbox 1126 2094 1226 2117; x_wconf 82' lang='lat' dir='ltr'>uxor.</span> <span class='ocrx_word' id='word_1_400' title='bbox 1274 2087 1424 2118; x_wconf 89' lang='lat' dir='ltr'>Pausan.</span> <span class='ocrx_word' id='word_1_401' title='bbox 1452 2086 1490 2123; x_wconf 86' lang='grc'><strong>4,</strong></span> <span class='ocrx_word' id='word_1_402' title='bbox 1514 2086 1556 2125; x_wconf 84' lang='grc'>2,</span> <span class='ocrx_word' id='word_1_403' title='bbox 1582 2086 1614 2118; x_wconf 92' lang='grc'><strong>4.</strong></span> 
     </span>
     <span class='ocr_line' id='line_1_78' title="bbox 915 2133 1616 2177; baseline 0.001 -10"><span class='ocrx_word' id='word_1_404' title='bbox 915 2136 1029 2175; x_wconf 85' lang='lat' dir='ltr'>Quam</span> <span class='ocrx_word' id='word_1_405' title='bbox 1053 2135 1199 2177; x_wconf 90' lang='lat' dir='ltr'>quidem</span> <span class='ocrx_word' id='word_1_406' title='bbox 1223 2134 1411 2167; x_wconf 86' lang='lat' dir='ltr'>audaciam</span> <span class='ocrx_word' id='word_1_407' title='bbox 1426 2133 1525 2167; x_wconf 88' lang='lat' dir='ltr'>Pluto</span> <span class='ocrx_word' id='word_1_408' title='bbox 1542 2136 1616 2168; x_wconf 89' lang='lat' dir='ltr'>tam</span> 
     </span>
     <span class='ocr_line' id='line_1_79' title="bbox 915 2183 1615 2226; baseline -0.001 -9"><span class='ocrx_word' id='word_1_409' title='bbox 915 2185 1070 2226; x_wconf 86' lang='lat' dir='ltr'>graviter</span> <span class='ocrx_word' id='word_1_410' title='bbox 1091 2183 1186 2223; x_wconf 88' lang='lat' dir='ltr'>tulit,</span> <span class='ocrx_word' id='word_1_411' title='bbox 1216 2185 1256 2216; x_wconf 89' lang='lat' dir='ltr'>ut</span> <span class='ocrx_word' id='word_1_412' title='bbox 1277 2183 1406 2217; x_wconf 90' lang='lat' dir='ltr'>ambos</span> <span class='ocrx_word' id='word_1_413' title='bbox 1429 2184 1539 2217; x_wconf 90' lang='lat' dir='ltr'>Furiis</span> <span class='ocrx_word' id='word_1_414' title='bbox 1562 2183 1615 2216; x_wconf 93' lang='lat' dir='ltr'>la-</span> 
     </span>
     <span class='ocr_line' id='line_1_80' title="bbox 916 2232 1615 2274; baseline -0.001 -8"><span class='ocrx_word' id='word_1_415' title='bbox 916 2234 1092 2267; x_wconf 88' lang='lat' dir='ltr'>cerandos</span> <span class='ocrx_word' id='word_1_416' title='bbox 1114 2233 1273 2266; x_wconf 88' lang='lat' dir='ltr'>traderet</span> <span class='ocrx_word' id='word_1_417' title='bbox 1298 2234 1406 2274; x_wconf 86' lang='lat' dir='ltr'>atque</span> <span class='ocrx_word' id='word_1_418' title='bbox 1429 2242 1515 2266; x_wconf 85' lang='lat' dir='ltr'>saxo</span> <span class='ocrx_word' id='word_1_419' title='bbox 1539 2232 1615 2265; x_wconf 87' lang='lat' dir='ltr'>alli-</span> 
     </span>
     <span class='ocr_line' id='line_1_81' title="bbox 916 2282 1617 2325; baseline -0.003 -9"><span class='ocrx_word' id='word_1_420' title='bbox 916 2283 1050 2325; x_wconf 86' lang='lat' dir='ltr'>gandos</span> <span class='ocrx_word' id='word_1_421' title='bbox 1074 2284 1228 2316; x_wconf 87' lang='lat' dir='ltr'>curaret.</span> <span class='ocrx_word' id='word_1_422' title='bbox 1269 2284 1361 2316; x_wconf 92' lang='lat' dir='ltr'>Cum</span> <span class='ocrx_word' id='word_1_423' title='bbox 1383 2282 1514 2315; x_wconf 91' lang='lat' dir='ltr'>deinde</span> <span class='ocrx_word' id='word_1_424' title='bbox 1530 2283 1617 2315; x_wconf 88' lang='lat' dir='ltr'>Her-</span> 
     </span>
     <span class='ocr_line' id='line_1_82' title="bbox 916 2332 1616 2371; baseline -0.003 -5"><span class='ocrx_word' id='word_1_425' title='bbox 916 2333 1014 2366; x_wconf 91' lang='lat' dir='ltr'>cules</span> <span class='ocrx_word' id='word_1_426' title='bbox 1043 2333 1088 2365; x_wconf 91' lang='lat' dir='ltr'>ad</span> <span class='ocrx_word' id='word_1_427' title='bbox 1117 2332 1249 2365; x_wconf 85' lang='lat' dir='ltr'>inferos</span> <span class='ocrx_word' id='word_1_428' title='bbox 1278 2332 1542 2371; x_wconf 90' lang='lat' dir='ltr'>descendisset,</span> <span class='ocrx_word' id='word_1_429' title='bbox 1576 2333 1616 2364; x_wconf 93' lang='lat' dir='ltr'>ut</span> 
     </span>
     <span class='ocr_line' id='line_1_83' title="bbox 917 2381 1616 2422; baseline -0.003 -6"><span class='ocrx_word' id='word_1_430' title='bbox 917 2383 1115 2416; x_wconf 86' lang='lat' dir='ltr'>Cerberum</span> <span class='ocrx_word' id='word_1_431' title='bbox 1138 2382 1320 2421; x_wconf 88' lang='lat' dir='ltr'>educeret,</span> <span class='ocrx_word' id='word_1_432' title='bbox 1346 2382 1525 2415; x_wconf 87' lang='lat' dir='ltr'>Theseum</span> <span class='ocrx_word' id='word_1_433' title='bbox 1539 2381 1616 2422; x_wconf 82' lang='lat' dir='ltr'>qui-</span> 
     </span>
     <span class='ocr_line' id='line_1_84' title="bbox 916 2431 1612 2474; baseline -0.003 -9"><span class='ocrx_word' id='word_1_434' title='bbox 916 2434 1017 2472; x_wconf 89' lang='lat' dir='ltr'>dem,</span> <span class='ocrx_word' id='word_1_435' title='bbox 1050 2433 1181 2474; x_wconf 90' lang='lat' dir='ltr'>quippe</span> <span class='ocrx_word' id='word_1_436' title='bbox 1206 2432 1266 2472; x_wconf 88' lang='lat' dir='ltr'>qui</span> <span class='ocrx_word' id='word_1_437' title='bbox 1289 2440 1362 2464; x_wconf 91' lang='lat' dir='ltr'>non</span> <span class='ocrx_word' id='word_1_438' title='bbox 1383 2440 1447 2464; x_wconf 91' lang='lat' dir='ltr'>sua</span> <span class='ocrx_word' id='word_1_439' title='bbox 1471 2431 1612 2472; x_wconf 82' lang='lat' dir='ltr'>sponte.</span> 
     </span>
     <span class='ocr_line' id='line_1_85' title="bbox 915 2479 1615 2515; baseline -0.004 0"><span class='ocrx_word' id='word_1_440' title='bbox 915 2483 979 2515; x_wconf 90' lang='lat' dir='ltr'>sed</span> <span class='ocrx_word' id='word_1_441' title='bbox 1003 2482 1177 2514; x_wconf 90' lang='lat' dir='ltr'>amicitiae</span> <span class='ocrx_word' id='word_1_442' title='bbox 1199 2481 1393 2514; x_wconf 85' lang='lat' dir='ltr'>obsecutus</span> <span class='ocrx_word' id='word_1_443' title='bbox 1409 2479 1615 2512; x_wconf 89' lang='lat' dir='ltr'>descendis-</span> 
     </span>
     <span class='ocr_line' id='line_1_86' title="bbox 914 2528 1612 2572; baseline -0.006 -7"><span class='ocrx_word' id='word_1_444' title='bbox 914 2534 986 2572; x_wconf 88' lang='lat' dir='ltr'>set,</span> <span class='ocrx_word' id='word_1_445' title='bbox 1017 2530 1185 2563; x_wconf 80' lang='lat' dir='ltr'>auxilium</span> <span class='ocrx_word' id='word_1_446' title='bbox 1208 2529 1456 2572; x_wconf 89' lang='lat' dir='ltr'>implorantem</span> <span class='ocrx_word' id='word_1_447' title='bbox 1480 2528 1612 2561; x_wconf 88' lang='lat' dir='ltr'>libera—</span> 
     </span>
    </p>
   </div>
   <div class='ocr_carea' id='block_1_9' title="bbox 165 2579 1613 2673">
    <p class='ocr_par' dir='ltr' id='par_1_12' title="bbox 165 2579 1613 2673">
     <span class='ocr_line' id='line_1_87' title="bbox 165 2579 1613 2623; baseline 0 -12"><span class='ocrx_word' id='word_1_448' title='bbox 165 2580 219 2612; x_wconf 85' lang='lat'>47.</span> <span class='ocrx_word' id='word_1_449' title='bbox 245 2582 415 2614; x_wconf 88' lang='lat' dir='ltr'>Graecam</span> <span class='ocrx_word' id='word_1_450' title='bbox 440 2582 543 2623; x_wconf 86' lang='lat' dir='ltr'>igitur</span> <span class='ocrx_word' id='word_1_451' title='bbox 565 2584 710 2615; x_wconf 91' lang='lat' dir='ltr'>secutus</span> <span class='ocrx_word' id='word_1_452' title='bbox 735 2584 789 2615; x_wconf 90' lang='lat' dir='ltr'>est</span> <span class='ocrx_word' id='word_1_453' title='bbox 816 2582 865 2615; x_wconf 84' lang='lat' dir='ltr'>fa·</span> <span class='ocrx_word' id='word_1_454' title='bbox 914 2582 980 2620; x_wconf 86' lang='lat' dir='ltr'>vit,</span> <span class='ocrx_word' id='word_1_455' title='bbox 1006 2580 1072 2613; x_wconf 92' lang='lat' dir='ltr'>sed</span> <span class='ocrx_word' id='word_1_456' title='bbox 1094 2581 1291 2612; x_wconf 86' lang='lat' dir='ltr'>amatorem</span> <span class='ocrx_word' id='word_1_457' title='bbox 1309 2579 1474 2612; x_wconf 84' lang='lat' dir='ltr'>insanum</span> <span class='ocrx_word' id='word_1_458' title='bbox 1489 2582 1613 2612; x_wconf 76' lang='lat' dir='ltr'>trecen-</span> 
     </span>
     <span class='ocr_line' id='line_1_88' title="bbox 166 2628 1608 2673; baseline 0 -13"><span class='ocrx_word' id='word_1_459' title='bbox 166 2629 303 2667; x_wconf 80' lang='lat' dir='ltr'>hulam;</span> <span class='ocrx_word' id='word_1_460' title='bbox 341 2640 424 2664; x_wconf 84' lang='lat' dir='ltr'>narn</span> <span class='ocrx_word' id='word_1_461' title='bbox 448 2631 543 2673; x_wconf 88' lang='lat' dir='ltr'>apud</span> <span class='ocrx_word' id='word_1_462' title='bbox 567 2631 666 2663; x_wconf 86' lang='lat' dir='ltr'>Ovid.</span> <span class='ocrx_word' id='word_1_463' title='bbox 693 2632 772 2664; x_wconf 90' lang='lat' dir='ltr'>Met.</span> <span class='ocrx_word' id='word_1_464' title='bbox 800 2632 860 2671; x_wconf 86' lang='grc'><strong>45,</strong></span> <span class='ocrx_word' id='word_1_465' title='bbox 913 2634 967 2663; x_wconf 82' lang='lat' dir='ltr'>tae</span> <span class='ocrx_word' id='word_1_466' title='bbox 990 2630 1136 2663; x_wconf 84' lang='lat' dir='ltr'>cohibe-nt</span> <span class='ocrx_word' id='word_1_467' title='bbox 1158 2633 1295 2662; x_wconf 77' lang='lat' dir='ltr'>catenae</span> <span class='ocrx_word' id='word_1_468' title='bbox 1318 2629 1392 2671; x_wconf 89' lang='lat' dir='ltr'>(Od.</span> <span class='ocrx_word' id='word_1_469' title='bbox 1411 2629 1442 2668; x_wconf 88' lang='lat'>3,</span> <span class='ocrx_word' id='word_1_470' title='bbox 1468 2628 1500 2668; x_wconf 88' lang='grc'><strong>4,</strong></span> <span class='ocrx_word' id='word_1_471' title='bbox 1527 2628 1608 2669; x_wconf 87' lang='grc'><strong>79.),</strong></span> 
     </span>
    </p>
   </div>
  </div>
 </body>
</html>
