1722 2904
642 60 722 94 Lm.
746 60 802 93 m.
849 60 888 94 C.
912 61 969 94 xl.
1002 84 1005 85 ν

427 156 619 208 Claustra
648 162 816 207 tenebo.

313 269 378 313 Me
407 275 529 327 pater
557 269 698 313 saevis
727 276 877 313 oneret
904 269 1086 320 catenis,

1444 26 1526 104 445

1468 273 1523 315 45

311 349 439 403 Quod
465 350 557 393 viro
586 349 774 394 clemens
802 350 961 394 misero
991 351 1185 408 peperci3

311 431 378 474 Me
406 429 476 474 vel
504 437 717 497 extremos
745 430 1025 475 Numidarum
1053 431 1096 475 in
1125 445 1251 490 agros

425 510 573 579 cla-{se
601 494 791 569 relege?

310 617 351 667 1,
380 615 518 677 pedes
545 630 633 674 quo
662 623 705 660 te
734 617 903 674 rapiunt
932 625 975 661 et
1002 631 1155 683 aurae,

313 684 564 740 Dumlavet
591 711 676 740 nox
705 704 748 741 et
775 699 936 749 Venus,
969 699 982 741 i
1011 699 1204 743 secundo

1469 703 1524 745 50

310 777 464 822 Omine
494 784 537 821 et
564 778 697 845 nostri
726 793 962 823 memorem
990 780 1191 837 sepulcro

426 857 579 916 Scalpe
595 846 839 917 ¹>querelam.

173 977 228 1011 49.
251 978 384 1018 rapient
405 977 429 1010 d
451 976 547 1011 solus
569 978 661 1011 inter
683 987 804 1018 meos,

829 988 897 1012 nec
919 978 1059 1012 aliunde
1082 983 1320 1016 memoratum
1334 983 1418 1016 vidi.
1439 1002 1478 1009 —

130 1027 185 1060 5⁴.
208 1027 350 1068 upum
369 1025 392 1059 δ
413 1035 470 1070 ap.
494 1027 637 1060 Kirehn.
662 1029 702 1061 N.
728 1029 769 1068 Q.
794 1028 876 1061 Hor.
900 1037 937 1071 p.
962 1029 1016 1062 56.
1043 1047 1081 1053 —
1106 1030 1160 1063 52.
1188 1031 1308 1073 sculpe
1329 1033 1477 1074 semu-³.

130 1075 264 1119 (scalpe
290 1070 382 1117 BbT.
422 1076 533 1110 Codd.
568 1076 704 1118 Bland„
739 1080 879 1120 septem
912 1079 1064 1112 Pottierii
1088 1081 1124 1113 et
1153 1082 1344 1115 Grammat.
1369 1083 1478 1117 Eiehl'.

129 1134 166 1168 p.
190 1126 280 1167 ⁴27.)

88 1239 171 1286 (τὴν
195 1239 509 1290 Ὑπερμνήστραν)
539 1240 733 1299 ὑπήγαγςν
756 1241 779 1277 ὁ
832 1246 952 1289 Venus]
987 1246 1127 1286 λεχέων
1156 1248 1359 1296 ἐπίκουρος
1372 1276 1380 1290 ,
1417 1251 1524 1284 Colu-

87 1290 238 1333 Δαυαὸς
268 1294 323 1334 εἰς
344 1291 611 1340 δικαστήριον,
646 1304 715 1328 του
739 1305 781 1327 τε

86 1341 264 1386 Λυγκέως
278 1339 350 1376 mix
365 1339 569 1376 ἀκίνδυνον
583 1340 686 1387 αὑτῷ
710 1342 780 1387 τὴν

86 1392 279 1436 σωτηρίαν
297 1389 530 1436 ἡγούμενος,
553 1393 620 1425 καὶ
635 1388 696 1426 ὅτι
709 1391 778 1426 τοῦ

86 1438 331 1484 τολμήματος
353 1438 400 1476 οὗ
422 1439 676 1485 μετασχοῦσα
697 1446 780 1483 ταῖς

86 1486 269 1532 ἀδελφαῖς
300 1492 366 1524 καὶ
386 1490 439 1536 τῷ
460 1489 714 1533 βουλεύσαντι
734 1489 780 1525 τὸ

87 1537 234 1582 ὄνειδος
266 1537 424 1584 ηὔξησε.
467 1543 645 1588 κριθεῖσα
674 1542 715 1577 δὲ
739 1543 780 1577 ἐν

86 1592 169 1631 τοῖς
196 1586 372 1638 Ἀργείοις
401 1587 614 1636 ἀποφεύγει
642 1603 682 1625 τε
714 1594 779 1626 καὶ

83 1636 304 1686 Ἀφροδίτην
332 1639 394 1674 ἐπὶ
422 1639 517 1684 τῷδε
537 1638 702 1686 ἀνέθηκε
723 1653 780 1676 νι-

85 1688 275 1736 κηφόρον.
322 1691 470 1724 Veneris
494 1692 589 1724 enim
603 1692 782 1725 interven-

86 1741 125 1772 tu
146 1739 242 1782 apud
262 1739 479 1781 Aeschylum
508 1741 544 1773 in
566 1741 780 1775 Danaidibus

86 1788 250 1822 absoluta
282 1791 369 1822 erat.
409 1806 445 1813 —
491 1794 603 1823 oneret
637 1792 779 1834 catenis]

86 1838 185 1871 Ovid.
209 1839 292 1871 Her.
317 1838 379 1879 ⁴4,
396 1840 439 1872 3:
471 1840 594 1873 cuam
613 1842 710 1874 domo
730 1845 780 1874 to-

86 1896 168 1920 neor
185 1888 408 1929 gravibusque
428 1891 575 1922 coercita
595 1891 722 1923 vinclis.

109 2012 112 2014 ,
130 1985 172 2019 47
187 2004 207 2010 -
221 1987 275 2019 50.
322 1989 500 2030 extremos]
550 1990 779 2024 Occidentem

87 2044 224 2069 versus.
236 2053 272 2059 -
285 2037 519 2081 Numidam]
537 2041 657 2081 utpote
671 2049 779 2081 quam

86 2087 239 2119 maxime
272 2086 440 2121 ferorum.
500 2090 618 2132 Eurip.
655 2085 776 2123 Helen.

88 2134 167 2168 404:
206 2133 356 2179 Λιβύης
375 2138 407 2169 τ’
431 2135 600 2184 ἐρήμους
621 2135 780 2181 ἀξένους

87 2184 119 2214 τ’
141 2182 361 2231 ἐπιδρομάς.
396 2203 433 2210 -
473 2188 597 2230 Classe]
620 2197 686 2230 pro
709 2197 778 2220 una

89 2233 181 2266 navi.
208 2251 247 2258 ——
274 2235 309 2274 1,
327 2236 438 2278 pedes]
463 2237 562 2269 «Sive
586 2239 679 2269 terra
703 2238 778 2270 sive

88 2282 178 2315 mari
205 2283 272 2316 iter
301 2284 416 2318 faeere
440 2285 555 2325 voles,
589 2294 777 2328 propera.»

89 2331 160 2364 Cir.
183 2332 295 2374 Epod.
320 2334 379 2374 ⁴6,
403 2335 458 2367 2⁴.
504 2334 606 2368 Silius
633 2335 671 2375 3,
701 2336 776 2368 ⁴46.

88 2379 206 2413 Imilce
221 2381 380 2416 Annibali
395 2383 472 2416 vale
488 2384 629 2417 dicens:
654 2385 674 2416 I
682 2385 777 2425 feli-w,

88 2429 101 2460 ι·
132 2431 320 2464 παηιὸπίὸω
361 2434 507 2473 votisque
539 2434 696 2466 secundis.
740 2451 775 2456 —-

828 1296 909 1329 thus
931 1297 1007 1330 202.

871 1347 926 1378 5⁴.
956 1347 1078 1389 nostri]
1114 1347 1212 1381 Falso
1235 1347 1390 1382 nonnulli
1413 1350 1523 1382 inter-

828 1397 955 1437 pretati
970 1398 1068 1429 sunt:
1095 1398 1299 1439 «utriusque
1322 1400 1518 1438 nostrum»,

829 1454 911 1478 eum
933 1446 998 1478 sit:
1034 1447 1164 1487 «mei»,
1189 1450 1229 1479 ut
1242 1447 1306 1480 Od.
1323 1448 1362 1487 3,
1379 1449 1437 1487 27,
1456 1448 1520 1482 ⁴4:

826 1495 870 1527 Et
890 1504 1016 1528 memor
1035 1497 1140 1529 nostri
1153 1523 1162 1537 ‚
1187 1498 1348 1538 Galatea,
1370 1499 1477 1531 vivas.

870 1545 924 1576 52.
949 1545 1083 1588 scalpe]
1110 1547 1247 1579 Gratior
1269 1555 1377 1580 sonus
1399 1547 1523 1581 firma-

827 1595 884 1625 tur
907 1593 952 1625 ab
975 1595 1219 1636 antiquissimo
1242 1604 1324 1628 meo
1348 1595 1435 1629 Cod.
1460 1594 1518 1629 B.:

827 1643 944 1676 minus
976 1645 1097 1685 utique
1131 1646 1271 1686 gratum
1303 1647 1358 1678 est
1390 1646 1427 1678 ul
1447 1664 1467 1670 -
1487 1646 1524 1678 ul

827 1691 911 1724 illud
932 1693 968 1724 in
984 1691 1064 1725 lect.
1092 1694 1242 1734 sepulcro
1266 1694 1403 1735 Sculpe3
1429 1704 1521 1736 quae

828 1741 973 1783 quidem
995 1742 1128 1775 formae
1151 1743 1283 1786 ubique
1300 1745 1522 1778 confundun-

827 1792 896 1823 tur.
922 1791 993 1823 Csr.
1018 1792 1102 1824 Fea.
1124 1793 1292 1826 Ceterum
1315 1796 1523 1835 comparant

826 1838 963 1883 γλάφω
997 1843 1032 1873 et
1063 1839 1210 1884 γλύφω.
1249 1859 1285 1866 -
1334 1843 1520 1884 querelanti]

828 1888 988 1922 «titulum
1020 1889 1257 1934 sepulcralem
1295 1892 1332 1925 in
1374 1894 1522 1925 cenota-

825 1938 928 1980 phio,
961 1940 1032 1971 mei
1061 1941 1192 1973 amoris
1214 1943 1519 1974 monumentum.»

826 1988 1050 2029 Epitaphium
1061 1989 1129 2021 hoc
1139 1991 1306 2032 proponit
1316 1990 1413 2033 apud
1421 1991 1518 2024 Ovid.

827 2037 909 2069 Her.
936 2037 993 2077 ⁴4,
1017 2038 1099 2071 ⁴28:
1124 2039 1323 2080 Scriptaque
1341 2040 1408 2072 sint
1427 2040 1521 2072 titulo

826 2090 942 2119 nostra
963 2088 1114 2128 sepulcra
1147 2088 1237 2121 brevi
1250 2099 1262 2120 .·
1302 2089 1430 2122 «Exsul
1449 2090 1522 2130 Hy-

821 2140 1032 2176 permnestra
1050 2139 1194 2178 pretium
1205 2139 1341 2179 pietatis
1352 2139 1518 2179 iniqm,

828 2187 938 2226 Quam
967 2190 1107 2219 mortem
1138 2188 1242 2229 fratri
1273 2188 1412 2229 depulit,
1446 2189 1521 2230 ὄρεα

826 2236 934 2268 mic.»
957 2237 1092 2269 Desinit
1113 2238 1234 2270 autem
1261 2238 1298 2270 in
1323 2239 1520 2283 φαντασίᾳ

826 2286 982 2326 poetica,
1018 2294 1135 2327 neque
1157 2286 1204 2318 ad
1225 2286 1348 2328 Lyden
1369 2289 1520 2321 reverti—

826 2336 901 2374 tur,
936 2337 975 2366 ut
1002 2333 1085 2366 alibi
1107 2335 1285 2369 interdum
1308 2338 1520 2371 sententiam

827 2383 862 2414 in
896 2383 1040 2416 exordio
1070 2385 1289 2426 propositam
1320 2386 1388 2419 sub
1411 2385 1519 2419 finem

827 2434 986 2465 resumit.
1014 2433 1083 2466 Cfr.
1102 2434 1164 2467 Od.
1184 2435 1198 2467 l
1214 2460 1222 2474 ‚
1240 2436 1272 2467 7.
1292 2437 1327 2468 et
1342 2436 1379 2474 3,
1396 2436 1450 2468 27.
