1722 2904
177 82 261 124 440

686 83 857 115 HORATll
881 83 1108 116 CARMINUM

346 187 517 245 Campis
548 187 805 230 continuem
837 186 965 229 Multa
994 186 1240 243 petentibus

343 270 507 312 Desunt
536 267 690 311 multa:
723 267 835 311 bene
867 274 968 332 est,
990 267 1059 311 oui
1091 266 1200 310 deus
1232 265 1384 310 obtulit
1433 277 1455 315 p
1488 267 1545 308 ΕΛ

444 350 608 400 Paroa,
641 348 760 407 quod
790 349 893 391 satis
923 343 1009 399 est,
1041 361 1183 391 manu

171 508 211 539 ut
232 504 376 545 Achillei,
404 505 530 545 Ulioeei,
556 504 601 537 ab
616 503 787 544 Alyatteus
808 511 873 545 pro

170 556 328 596 Alyattes.
375 553 484 587 Olim:
510 554 688 594 Alyattici,
715 552 811 594 quod
826 552 872 584 de

173 605 325 644 Croeso,
360 602 509 645 Alyattis
533 602 622 643 filio,
658 603 873 644 interpreta-

171 654 311 686 bantur.
334 671 370 676 —
396 653 586 692 Quoniam,
611 654 650 684 ut
665 651 874 685 monstravit

171 704 374 745 postremus
402 701 523 734 Editor
555 702 730 742 Batavus,
771 699 873 733 multi

172 753 289 786 adhuc
312 754 411 792 sunt,
443 753 503 794 qui
525 752 621 784 hunc
644 751 762 784 locum
786 751 875 783 sim-

171 802 405 845 plicissimum
439 810 510 833 non
544 802 629 834 satis
663 799 871 842 intelligant,

173 854 225 886 sic
247 852 350 885 brevi
367 851 586 884 enarrandus
601 851 760 883 videtur:
787 850 876 882 «Cu-

171 901 376 944 piditatibus
392 901 550 941 domitis,
569 899 876 942 quemadmodum

173 952 375 994 sapientem
392 951 512 990 decet,
540 950 710 991 efficiam,
735 952 776 982 ut
789 957 875 982 vere

174 1001 273 1034 dives
308 1001 508 1042 beatusque
554 999 657 1038 fiam;
708 999 745 1032 id
779 999 877 1041 quod

173 1051 319 1084 minime
346 1050 515 1091 contingit
538 1050 599 1089 iis,
636 1050 698 1091 qui
725 1050 876 1082 summis

172 1100 300 1143 opibus
323 1100 497 1142 praediti,
523 1099 613 1132 adeo
637 1101 677 1132 ut
699 1098 877 1141 amplissi-

172 1159 251 1183 mos
274 1150 402 1183 fundos
426 1159 492 1192 per
518 1151 629 1182 totam
651 1150 771 1183 Asiam
796 1151 877 1181 coii-

173 1202 293 1240 mant,
342 1201 518 1235 maiorum
566 1201 685 1234 tamen
731 1208 877 1244 semper

923 502 1042 545 cupidi
1064 503 1269 536 maneant.»
1314 501 1471 544 Alpheus
1500 503 1535 536 in
1558 503 1630 537 An-

922 552 1007 586 thol.
1044 551 1116 585 Pal.
1148 553 1190 585 11.
1222 560 1260 595 p.
1285 551 1349 584 39:
1390 548 1444 585 Οὐ
1479 553 1625 611 στέργω

920 600 1173 644 βαθυληΐους
1184 597 1376 660 ἀρούρας,
1402 597 1482 635 Οὐκ
1503 598 1624 643 ὄλβον

923 651 1188 696 πολύχρυσον,
1213 646 1280 684 οἷα
1300 648 1437 696 Γύγης.
1482 648 1628 699 Αὐτάρ-

922 712 1017 743 κους
1038 700 1182 761 ἔραμαι
1202 700 1314 743 βίου,
1347 701 1535 760 Μακρῑνε·
1575 703 1629 735 To

922 751 1074 796 μηθὲν
1102 749 1176 798 γὰρ
1203 747 1323 796 ἄγαν
1350 747 1452 796 ἄγαν
1471 761 1523 796 με
1543 753 1630 799 τέρ-

924 811 998 835 πει.
1039 820 1077 828 -
1123 802 1202 835 bene
1233 802 1299 845 est]
1337 801 1470 845 supple
1509 803 1625 842 «eim

925 851 1073 885 «beatus
1095 850 1153 884 ille
1177 852 1250 892 est,
1274 853 1422 894 propter
1434 851 1496 885 ld
1485 860 1626 895 Ipsum,

924 901 1022 943 quod
1036 902 1154 935 nimiis
1169 901 1288 942 honis,
1306 900 1522 943 quibuscum
1533 910 1629 935 sem·

924 961 990 994 per
1024 960 1131 984 curae
1173 952 1211 984 et
1247 949 1501 985 sollicitudines
1541 960 1630 985 oon-

925 1002 1066 1034 iunctae
1083 1001 1183 1041 sunt,
1209 1008 1295 1035 eum
1310 1000 1399 1034 deus
1415 1009 1488 1034 non
1504 1009 1631 1034 cumu-

925 1050 1043 1083 lavit.»
1067 1051 1156 1093 Epp.
1187 1051 1228 1090 ⁴,
1257 1050 1295 1090 ⁴,
1326 1049 1389 1082 89:
1428 1050 1524 1083 iurat
1550 1049 1630 1084 bono

925 1101 1002 1133 solis
1034 1109 1102 1133 esse
1133 1100 1277 1133 maa-itis.
1333 1099 1458 1134 Catull.
1488 1100 1527 1133 2⁴
1569 1099 1625 1141 (al.

925 1150 992 1191 23),
1019 1151 1084 1183 ⁴5:
1116 1151 1229 1192 Quare
1250 1159 1319 1183 mm
1341 1150 1400 1183 tibi
1421 1150 1464 1182 sit
1486 1149 1564 1183 bomo
1587 1158 1629 1183 ac

925 1199 1046 1233 beato?
