1722 2904
571 49 651 83 Lm.
677 49 733 82 111.
780 48 820 82 C.
848 47 966 81 xvm.

1449 43 1531 86 447

240 153 391 212 ‘Larga
420 166 502 197 nec
529 152 687 197 desunt
716 152 894 196 Veneris
924 149 1063 194 sodali

255 235 359 278 Vina
387 240 601 283 craterae,
633 239 757 276 vetus
787 245 864 276 ara
893 230 1026 275 multo

371 316 521 358 Fumat
548 313 698 357 odore.
735 364 738 366 q

253 426 380 471 Ludit
407 425 595 470 herboso
625 438 760 483 pecus
790 438 916 467 omne
944 390 1121 480 campo,

254 507 362 551 Cum
390 505 466 550 tibi
495 507 643 549 Nonae
672 504 857 549 redeunt
883 502 1172 554 Decembres;

1485 501 1532 544 Ιθ

253 588 406 632 Festus
437 587 479 629 in
507 586 641 644 pratis
670 592 794 630 vacat
826 585 965 628 otioso

366 668 475 711 Cum
502 667 615 710 bove
644 680 781 724 pagus
793 681 803 717 3

252 781 368 823 Inter
395 778 585 822 audaces
614 777 743 835 lupus
773 783 887 821 errat
916 790 1078 835 agnos;

170 937 202 970 7.
237 940 370 970 cratere
390 936 459 975 Td,
495 934 621 974 Aldus,
658 935 701 972 1.;
737 933 804 967 sed
827 934 852 966 L
874 931 1017 966 volebat
1045 935 1209 965 craterae.

1243 948 1279 955 -
1310 932 1343 964 8.
1368 932 1486 964 odore:

126 987 226 1020 Ludit
257 987 338 1019 LCt.
373 1004 409 1009 —
443 986 495 1018 ⁴2.
522 985 654 1026 pardus
685 983 776 1023 bcd,
811 989 950 1026 μνψω,
988 991 1080 1015 corr.
1106 993 1152 1020 κ,
1187 990 1262 1014 var.
1293 981 1374 1014 lect.
1408 980 1484 1024 βγι.

129 1037 212 1078 (non
233 1036 336 1076 Βετ.)
379 1068 383 1071 ⁴

84 1178 250 1212 vernulae
273 1179 355 1211 sunt
377 1177 471 1220 apud
494 1178 615 1210 Iuven.
634 1177 670 1209 Η
685 1201 693 1214 ,
723 1176 782 1208 9·Ὶ·.

82 1228 333 1270 caput-aselli,
367 1227 418 1260 Aa
441 1227 528 1268 quod
550 1227 665 1271 lascivi
687 1226 782 1258 lude-

84 1278 167 1311 bam
179 1277 272 1310 ruris
282 1277 422 1309 almani.
448 1276 545 1317 (Vide
557 1274 779 1315 Excursum.)

85 1345 123 1351 —
146 1325 297 1368 Aequus]
327 1325 383 1358 Ad
410 1325 480 1357 hoc
512 1334 591 1358 voc.
628 1325 781 1357 Torren-

86 1377 157 1408 tius
178 1376 289 1409 refert
308 1375 444 1408 variam
466 1374 548 1407 lect.
574 1374 660 1406 Cod.
678 1373 782 1405 unius

82 1425 206 1464 hotias,
230 1423 422 1457 Lambinus
444 1424 489 1456 ad
512 1433 546 1455 v,
571 1424 668 1461 lenis;
697 1422 782 1455 illud

83 1483 171 1507 sane
201 1473 432 1516 probabilius.
480 1473 551 1505 Sed
581 1481 663 1505 cum
686 1470 782 1504 nulla

83 1523 158 1556 fere
187 1523 320 1556 nitatur
346 1523 572 1561 auctoritate,
608 1530 628 1553 a
652 1521 781 1554 Critico

82 1572 246 1606 Leidensi
264 1581 335 1604 non
350 1570 507 1603 debebat
522 1570 778 1603 commendari.

125 1622 199 1655 5—8.
235 1621 285 1663 Si]
307 1622 438 1653 Preces
465 1629 574 1662 saepe
601 1621 781 1661 concipie-

82 1672 214 1705 bantur
228 1679 312 1704 cum
335 1669 537 1702 huiusmodi
560 1669 778 1702 condicione.

80 1722 160 1754 Vid.
174 1720 291 1753 adOd.
308 1721 340 1758 4,
354 1719 408 1759 32,
426 1720 457 1751 4.
472 1718 778 1759 -pleno--anno]

82 1771 129 1803 ad
152 1770 263 1802 finem
286 1770 456 1810 vergente
470 1794 478 1807 ‚
503 1777 615 1810 prope
641 1769 777 1807 exacto,

81 1821 190 1854 Nonis
205 1818 478 1852 Decembribus.
498 1836 536 1841 —
563 1818 680 1859 Larga
695 1817 778 1858 cet.]

83 1871 140 1902 «Si
148 1869 245 1911 large
252 1868 499 1910 repleturvino
507 1870 643 1900 cratera
655 1867 780 1908 (forma

82 1919 191 1952 etiam
221 1927 242 1951 a
264 1918 437 1951 Cicerone
457 1917 559 1949 Verr.
581 1918 665 1949 Ace.
689 1916 722 1949 4.
744 1915 777 1957 5.

83 1969 177 2012 ⁴3⁴..
193 1968 260 2001 sed
270 1968 587 2010 inprimisapoetis
601 1967 681 2008 (Sat.
694 1967 727 2007 2,
744 1965 777 2005 4,

81 2018 136 2052 80.
149 2019 248 2051 Pers.
257 2018 291 2057 2,
299 2017 368 2058 52.)
384 2018 551 2058 usurpata
562 2025 628 2058 pro
638 2015 777 2057 crater),

82 2075 175 2108 quae
209 2067 348 2099 cratera
380 2067 435 2098 est
473 2066 605 2098 Veneris
636 2065 776 2104 sodalis,

81 2117 254 2158 perpetua
285 2124 425 2155 comes,
461 2116 537 2148 sine
566 2124 637 2156 qua
659 2115 779 2147 Venus

82 2165 216 2207 friget.»
274 2166 452 2206 Lagenam
494 2166 703 2205 Anonymus
743 2164 779 2196 in

82 2215 186 2248 Anth.
215 2213 287 2247 Pal.
311 2215 338 2247 1.
356 2222 397 2255 -p.
423 2214 499 2246 ⁴2⁴.
525 2214 577 2247 sic
606 2212 777 2255 appellat:

84 2261 240 2302 Βάκχου
262 2263 329 2296 καὶ
342 2263 532 2296 Μουσέων
548 2260 659 2309 napy*
672 2260 781 2307 λάτρι

82 2313 149 2346 καὶ
170 2312 394 2358 Κυθερείης.
417 2330 456 2335 -
471 2316 564 2344 vetus
586 2311 663 2353 ara]
689 2312 780 2344 «iam

83 2361 130 2394 ab
152 2361 235 2402 illis,
260 2362 321 2403 qui
343 2361 402 2394 diu
426 2362 507 2393 ante
530 2369 590 2393 me
611 2360 781 2392 Sabinum

83 2419 206 2443 meum
236 2410 490 2452 possederunt,
526 2411 706 2442 exstructa
735 2408 782 2440 ad

83 2458 249 2492 Faunalia
287 2459 513 2494 celebranda.
527 2471 544 2486 π
584 2475 623 2481 -
663 2458 781 2499 odore]

87 2508 223 2541 «thuris
245 2508 374 2548 odore,
399 2507 644 2541 suffimentis.»

127 2557 159 2589 9.
194 2557 309 2599 Ludit]
349 2557 438 2590 Hinc
472 2556 643 2598 incipiunt
676 2557 785 2588 Fauni

82 2605 208 2639 laudes
255 2605 529 2647 Faunaliumque
578 2605 782 2647 descriptio.

831 1176 939 1208 Recta
970 1174 1146 1207 distinctio
1169 1176 1225 1206 est
1254 1174 1326 1206 iam
1348 1174 1384 1206 in
1405 1172 1530 1206 Aldina

832 1225 929 1258 ⁴509.
975 1223 1039 1257 Alii
1070 1225 1152 1256 ante
1180 1222 1378 1256 Bentleium
1405 1223 1531 1264 iunge-

831 1274 918 1306 bant
934 1282 1016 1306 cum
1030 1283 1064 1305 v.
1090 1273 1126 1305 Si
1142 1273 1235 1314 (v.5).
1262 1290 1301 1296 —
1325 1272 1460 1304 herboso
1475 1289 1496 1295 -
1508 1290 1528 1296 -

830 1323 959 1365 campo]
978 1322 1050 1355 Sub
1067 1322 1166 1355 caelo
1182 1321 1303 1354 Italico
1318 1322 1433 1354 virent
1449 1322 1530 1353 ber-

830 1372 918 1412 bae,
944 1381 1027 1405 cum
1050 1372 1144 1413 apud
1170 1380 1235 1404 nos
1258 1372 1328 1403 iam
1344 1371 1404 1403 diu
1426 1373 1527 1412 prata

829 1424 922 1454 vieta
956 1431 999 1454 ac
1030 1421 1203 1454 deformia
1232 1424 1293 1453 aut
1327 1421 1406 1453 nive
1444 1429 1530 1452 coo-

828 1474 929 1513 perta
953 1472 1048 1504 sunt.

874 1521 927 1552 Η.
956 1522 1007 1552 ⁴2.
1043 1521 1157 1552 Festus
1170 1537 1191 1543 -
1206 1537 1225 1542 -
1237 1518 1357 1560 pagus]
1381 1526 1529 1551 «omncs

829 1569 1012 1603 Mandelae
1026 1569 1143 1611 (hodie
1151 1567 1315 1609 Bandela)
1326 1568 1452 1609 pagani
1467 1567 1530 1599 tibi

830 1620 1023 1661 operantur
1049 1618 1227 1659 feriasque
1254 1618 1394 1658 agunt.»
1428 1617 1527 1648 Ovid.

830 1669 922 1700 Fast.
949 1669 985 1707 4,
1020 1667 1103 1700 669.·
1148 1668 1260 1708 Payus
1286 1669 1368 1707 agat
1397 1666 1527 1706 festum,

830 1717 932 1756 Quod
946 1715 1047 1750 multi
1059 1715 1171 1748 Codd.
1188 1724 1254 1757 pro
1268 1723 1378 1756 payns
1397 1714 1531 1746 habent

824 1767 956 1807 pardus
988 1766 1112 1798 festive
1147 1764 1298 1807 explicat
1328 1763 1527 1796 Bentleius:

831 1815 943 1848 «Vide
975 1817 1012 1848 et
1038 1815 1117 1847 ride
1139 1815 1398 1847 monachorum
1429 1814 1530 1855 inge—

829 1866 939 1898 nium.
966 1866 1051 1904 Quia
1065 1864 1149 1897 illud
1160 1863 1380 1905 sequebatur
1391 1863 1437 1895 de
1451 1863 1531 1903 lupo

826 1916 915 1947 inter
936 1924 1041 1956 cynos
1061 1915 1222 1953 innocuo,
1246 1913 1351 1945 faceti
1366 1912 1529 1946 homines

828 1966 1093 1997 commutarunt
1124 1972 1234 2005 payns
1266 1964 1302 1995 in
1324 1963 1456 2004 pardus
1486 1971 1531 1994 ex

828 2014 1008 2046 EsaiaeC.
1028 2014 1082 2053 Η,
1102 2014 1142 2045 6:
1159 2012 1531 2053 Habitabithmscum

828 2071 917 2104 aquo
937 2062 1318 2106 etparduscumhaodp
1338 2061 1529 2094 accubabit:
1556 2090 1563 2097 ,

826 2113 950 2144 vitulus
963 2116 995 2144 et
1008 2112 1058 2144 leo
1070 2115 1102 2143 et
1115 2112 1185 2143 ovis
1198 2110 1296 2142 simul
1307 2111 1532 2143 morabuntur

829 2165 860 2194 et
880 2170 967 2201 puer
987 2161 1153 2202 parvulus
1173 2159 1313 2192 mmabit
1347 2158 1531 2202 (Italorum

827 2219 975 2250 manare,
1001 2209 1179 2242 Gallorum
1200 2209 1327 2251 umor)
1350 2219 1437 2242 θος.»

874 2259 926 2291 43.
947 2260 1038 2291 Inter
1049 2260 1132 2301 cet.]
1145 2258 1343 2292 perfectam
1354 2259 1462 2291 totius
1473 2267 1532 2290 ru-

827 2309 876 2340 ris
898 2307 1185 2349 tranquillitatem
1210 2316 1253 2340 ac
1275 2316 1422 2349 pacem,
1458 2315 1529 2348 qua

830 2358 976 2399 paganis
991 2357 1060 2389 hoc
1076 2356 1246 2389 sollemne
1262 2358 1402 2398 gratum
1413 2355 1531 2387 reddi-

831 2409 906 2446 tur,
943 2406 1100 2440 cumulat
1133 2407 1266 2439 inserta
1300 2407 1392 2438 inter
1423 2413 1529 2437 veras

832 2457 1002 2497 imagines
1018 2457 1170 2497 imagine
1183 2456 1290 2488 etiam
1304 2455 1443 2497 poetica
1457 2453 1530 2495 lupi

833 2506 972 2538 innoxie
1004 2506 1077 2538 iam
1110 2506 1260 2538 errantis
1295 2505 1386 2536 inter
1419 2511 1529 2543 agnos

833 2556 979 2597 propter
1013 2555 1071 2587 dei
1101 2554 1340 2597 praesentiam
1373 2552 1529 2584 audaces

834 2604 951 2638 subito
974 2604 1096 2637 factos.
