1722 2904
171 75 253 117 624

681 78 853 112 HORATII
877 80 1100 114 CARMINUM

509 181 559 224 Et
589 182 769 226 miseras
799 183 987 227 inimicat
1016 183 1163 227 urbes.
1235 175 1240 182 ’
1563 186 1619 228 20

392 287 506 338 Non,
539 288 613 344 qui
644 288 903 345 profundum
933 289 1177 331 Danubium
1206 287 1377 339 bibunt,

395 368 543 412 Edicta
574 376 774 426 rumpent
803 369 933 419 Iulia,
967 384 1052 412 non
1084 369 1242 420 Getae,

452 451 544 493 Non
575 451 705 493 Seres
740 449 914 493 infidive
946 451 1128 500 Persae,

511 532 603 573 Non
634 532 791 573 Tanain
822 545 957 588 prope
988 529 1148 575 flumen
1177 532 1271 575 orti.

400 638 575 693 Nosque
606 643 648 679 et
677 636 876 693 profestis
911 636 1080 680 lucibus
1110 644 1154 681 et
1182 638 1316 682 saeris
1565 642 1620 685 25

255 758 309 790 ⁶23.
335 757 493 798 infidique
516 756 579 796 bc,
599 758 786 799 perfidique
810 756 843 788 d.
872 757 925 798 (Ut
948 765 1035 797 nos,
1061 757 1134 797 ST.)

166 869 222 901 ira
236 870 317 910 fuit,
342 878 408 901 non
424 868 527 908 bella,
546 877 605 900 nec
621 877 729 901 ensem
744 868 866 901 immiti

166 928 283 951 saevus
306 920 452 950 duxerat
480 921 554 950 arte
581 918 687 959 faber.
721 937 758 941 —
799 919 868 950 ini-

165 969 277 1010 micat]
302 970 343 1002 Ut
365 968 536 1000 Laberius
552 969 708 1008 iniquare
722 977 788 1010 pro
804 969 869 1000 ini-

166 1028 268 1058 quum
282 1019 420 1050 reddere
435 1018 589 1058 dixerat,
616 1018 668 1051 sic
689 1019 864 1058 Horatius,

165 1068 261 1110 quod
295 1069 406 1100 sciam
419 1094 426 1108 ‚
466 1068 603 1110 primus
639 1068 683 1110 (v.
717 1067 863 1100 Forcell.

164 1117 227 1150 Ed.
257 1118 388 1158 Germ.)
424 1119 494 1150 hoc
516 1127 551 1150 v.
570 1118 756 1160 usurpavit
778 1126 862 1159 pro:

164 1168 344 1200 «inimicas
368 1168 460 1200 inter
483 1177 522 1201 se
547 1167 682 1208 reddit,
709 1167 755 1200 ad
771 1167 864 1200 bella

163 1217 358 1250 domestica
383 1218 546 1258 excitat,»
571 1212 661 1249 non:
689 1218 864 1250 «hostium

162 1265 240 1298 loco
264 1266 420 1307 habet,»

163 1315 300 1348 cellino.

204 1367 241 1397 24
248 1365 322 1399 -24.
342 1366 399 1407 qui
410 1383 426 1389 -
434 1366 630 1399 Danubium
644 1366 768 1408 bibunt]
782 1366 866 1398 Vin-

162 1414 277 1455 delici,
295 1417 475 1449 Pannonii.
504 1417 575 1449 Cfr.
594 1417 657 1449 Od.
676 1418 714 1457 2,
732 1417 787 1453 20,
805 1417 859 1448 20.

163 1466 259 1498 «Non
283 1465 431 1498 dubium
467 1467 536 1506 est,
574 1468 659 1508 quin
693 1467 862 1499 victoriae

162 1514 411 1556 respiciantur,
438 1524 528 1557 quas
550 1517 696 1548 Romani
718 1525 783 1557 per
799 1525 864 1548 an-

162 1572 226 1595 nos
250 1564 325 1595 738.
352 1564 405 1596 39.
423 1564 478 1597 40.
505 1565 550 1597 de
576 1566 785 1598 Germaniae
801 1574 864 1607 po-

159 1612 251 1653 pulis
290 1615 597 1654 reportaverunt.»
638 1615 783 1646 mem.
824 1632 861 1637 —

159 1663 280 1694 Edicta
294 1681 314 1686 -
329 1663 432 1704 Iulia]
471 1663 588 1705 «leges
623 1666 730 1705 atque
767 1665 863 1696 iussa

160 1712 323 1752 Augusti,
349 1713 578 1746 condiciones
594 1714 781 1746 foederum
796 1722 863 1755 pa-

159 1762 371 1803 ctorumque
385 1771 467 1795 cum
479 1762 643 1796 barbaris
658 1764 860 1796 initorum.»

159 1811 223 1842 Dio
247 1810 306 1851 54,
334 1813 394 1844 ⁴0:
430 1810 522 1853 τούς
544 1822 586 1845 τε
608 1811 756 1855 νόμους
770 1809 863 1853 τοὺς

158 1862 485 1906 γραφησομένους
500 1859 563 1894 ὑπ’
580 1859 700 1896 αὐτοῦ
717 1858 864 1906 Αὐγού-

157 1920 253 1943 στου
278 1910 426 1943 ἑκεΐθεν
454 1908 529 1955 ἤδη
555 1910 859 1959 προσηγόρευον.

160 1962 203 2001 (a.
221 1970 256 1992 u.
276 1970 306 1993 c.
327 1961 415 2002 735.)
440 1962 539 1994 ovid.
559 1963 661 1995 Trist.
681 1963 711 2002 4,
732 1963 764 2002 2,
783 1963 859 1994 ⁴02:

156 2011 297 2051 Augusti
313 2011 450 2051 publica
463 2012 565 2044 iussa.
588 2029 625 2035 —
644 2011 756 2053 Getae]
773 2011 858 2044 Plin.

158 2060 199 2092 H.
209 2061 248 2092 N.
263 2060 295 2098 4,
309 2062 370 2092 42.-
389 2062 475 2093 alias
485 2062 597 2102 Getae,
610 2062 863 2094 DaaeiRomam’s

157 2110 246 2141 dicti.
274 2111 402 2142 Contra
421 2111 547 2143 Strabo
564 2112 602 2150 7,
629 2111 667 2151 3,
695 2112 748 2143 ⁴2.
777 2111 863 2142 Kra-

158 2167 253 2190 mer:
272 2159 409 2202 Γέγονε
423 2158 465 2192 δὲ
480 2161 546 2193 καὶ
563 2137 681 2201 σίλλος
694 2159 765 2203 τῆς
780 2158 860 2218 2595-

157 2218 227 2253 ρας
248 2206 442 2254 μερισμός
456 2228 475 2233 -
490 2220 530 2234 -·
571 2207 664 2251 τοὺς
684 2209 758 2252 μὲν
786 2221 860 2256 γαρ

156 2255 309 2298 Δακοὺς
330 2258 684 2306 προσαγορεύουσι,
709 2257 803 2300 τοὺς
818 2258 859 2292 δὲ

156 2307 284 2348 Γέτας.
325 2309 372 2340 Γέ
358 2318 441 2349 τας
463 2309 535 2351 μὲν
557 2307 650 2351 τοὺς
673 2306 769 2356 πρὸς
791 2307 860 2342 τὸν

156 2355 307 2389 Πόντον
330 2357 578 2400 κεκλιμένους
595 2360 689 2392 καὶ
677 2357 774 2416 πρὸς
788 2357 859 2402 τὴν

157 2401 227 2438 ἓω-
252 2404 405 2448 Δακοὺς
428 2406 468 2440 δὲ
490 2406 583 2450 τοὺς
606 2410 660 2450 εἰς
675 2406 859 2442 τάναντία

147 2454 252 2513 πρὸς
274 2454 344 2499 τὴν
365 2458 580 2504 Γερμανίαν
602 2459 669 2491 καὶ
691 2456 761 2500 τὰς
787 2457 857 2492 τοῦ

147 2502 296 2551 Ἴστρου
309 2517 361 2549 τη
364 2518 445 2550 sag
460 2508 546 2540 Vide
558 2509 603 2541 ad
616 2509 678 2541 Od.
689 2509 721 2548 3,
736 2508 790 2549 24,
802 2510 855 2541 Μ.

159 2574 195 2578 -
221 2556 334 2597 Seres]
365 2556 476 2589 ultimi
508 2558 659 2592 Orientis
690 2557 854 2600 populus.

155 2605 232 2637 vid.
260 2605 305 2637 ad
329 2606 391 2637 Od.
415 2606 454 2645 3,
479 2606 540 2645 29,
567 2607 620 2639 27.
651 2626 687 2632 —
727 2608 857 2639 Tana'in

151 2662 187 2693 p,
205 2656 239 2694 sl.
259 2654 334 2696 orti]
361 2656 525 2695 Scythae.

457 1268 497 1299 ut
518 1266 714 1309 explicatur
736 1276 756 1299 a
779 1267 866 1299 For-

966 868 1106 901 25-28.
1142 868 1279 911 lucibus]
1317 869 1440 903 «Lucos
1470 872 1507 904 et
1538 872 1621 905 soles

919 926 986 959 pro
1021 916 1148 950 diebus
1181 919 1266 960 poni
1299 918 1456 952 solent.»
1494 921 1616 955 Scuoi..

919 968 980 1000 Est
1013 967 1134 1008 igitur:

918 1017 1103 1057 apprecati]
1128 1017 1266 1051 Primus
1283 1019 1334 1052 sic
1346 1045 1354 1059 ,
1380 1020 1476 1061 quod
1492 1021 1616 1062 sciam,

917 1067 1098 1106 Horatius,
1126 1066 1255 1100 deinde
1270 1067 1372 1109 Apul.
1391 1069 1473 1102 Met.
1491 1069 1524 1103 4.
1542 1071 1616 1104 init.

958 1116 1090 1148 29-32.
1136 1117 1262 1149 Virtute
1293 1117 1442 1159 functos]
1476 1120 1619 1153 Dictum

916 1167 986 1205 est,
1021 1166 1062 1197 ut
1089 1166 1161 1197 vita
1192 1167 1328 1208 functus
1349 1169 1386 1200 et
1408 1168 1507 1201 ovid.
1533 1170 1615 1203 Met.

916 1216 951 1247 Η
969 1241 976 1255 ,
1001 1215 1077 1248 558.
1101 1216 1174 1257 fato
1195 1216 1314 1258 functa
1331 1226 1404 1256 suo,
1429 1217 1519 1252 Ibid.
1538 1219 1615 1252 583.

912 1265 1026 1306 functo
1046 1269 1164 1306 morte,
1189 1268 1298 1308 atque
1322 1267 1418 1309 apud
1434 1269 1618 1302 Horatium

913 1315 1031 1356 ipsum
1054 1315 1117 1348 Od.
1143 1316 1183 1356 2,
1207 1316 1246 1356 9,
1273 1317 1332 1350 43;
1357 1320 1410 1350 ter
1430 1327 1513 1351 aevo
1535 1319 1618 1360 tim·—

913 1367 995 1397 ctus.
1045 1366 1131 1404 «Qui
1161 1365 1196 1398 in
1222 1366 1294 1398 vita
1315 1368 1467 1400 virtutes
1489 1377 1617 1402 omnes

912 1423 978 1456 pro
1001 1413 1090 1446 virili
1112 1417 1215 1457 parte
1231 1417 1268 1448 et
1285 1417 1470 1459 tamquam
1486 1426 1618 1451 munus

913 1472 1019 1496 suum
1043 1467 1316 1498 exercuerunt.»
1353 1467 1427 1500 Cic.
1452 1467 1558 1500 Tusc.
1577 1468 1591 1500 ⁴
1607 1493 1615 1507 ,

913 1513 972 1546 45:
997 1523 1093 1546 nemo
1110 1523 1239 1555 pamm
1260 1516 1319 1548 diu
1339 1516 1445 1557 vixit,
1471 1517 1617 1558 quivit·-

912 1564 991 1595 tutis
1020 1565 1190 1606 perfectae
1220 1564 1369 1607 perfecto
1401 1566 1538 1608 finctus
1569 1570 1618 1599 ext

911 1621 1059 1646 munere.
1102 1632 1140 1638 -
1178 1623 1272 1647 more
1301 1615 1463 1658 patmm]
1501 1616 1615 1649 Varro

913 1662 1008 1704 apud
1042 1663 1195 1696 Nonium
1218 1664 1255 1696 in
1276 1664 1362 1697 Assa
1391 1673 1472 1697 voce
1493 1673 1530 1707 p.
1558 1665 1612 1699 76.

911 1713 1036 1745 Merc.:
1074 1713 1114 1744 In
1150 1714 1311 1746 conviviis
1340 1715 1444 1755 pueri
1476 1715 1616 1748 modesti

911 1765 949 1794 ut
980 1765 1156 1795 cantarent
1189 1764 1346 1796 carmina
1380 1764 1541 1805 antiqua,
1577 1765 1616 1797 in

912 1812 1030 1851 quibus
1044 1812 1160 1844 laudes
1173 1816 1274 1845 erant
1286 1814 1467 1854 maiorum,
1493 1817 1524 1846 et
1537 1822 1616 1846 assa

909 1871 989 1894 voce
1011 1865 1043 1894 et
1063 1871 1140 1894 cum
1162 1862 1304 1895 tibicine.
1352 1863 1424 1896 Cic.
1447 1864 1550 1897 Tusc.
1573 1864 1613 1904 4,

911 1913 952 1944 2:
977 1912 1036 1944 Est
1056 1913 1093 1944 in
1116 1912 1307 1954 Originibus
1323 1913 1488 1955 (Catonis)
1503 1913 1616 1946 solitos

911 1970 978 1994 esse
999 1962 1034 1993 in
1057 1962 1162 2002 epulis
1182 1971 1304 1995 canere
1323 1963 1482 1995 convivas
1502 1964 1550 1995 ad
1569 1963 1615 1999 tt-
1685 1981 1690 1986 -

911 2011 1050 2044 bicinem
1072 2013 1112 2043 de
1132 2012 1305 2044 claromm
1325 2012 1617 2045 hortamur-tu-

910 2060 1006 2092 tibus.
1055 2060 1125 2093 Cfr.
1161 2062 1264 2094 Tusc.
1302 2061 1346 2101 4,
1381 2062 1414 2094 2.
1453 2061 1612 2095 Perizon.

910 2110 1095 2142 Animadv.
1129 2110 1210 2143 hist.
1245 2111 1284 2143 C.
1318 2111 1350 2143 6.
1375 2119 1412 2153 p.
1443 2111 1521 2144 2⁴2.
1559 2111 1613 2143 De

909 2159 1171 2192 laudationibus
1194 2159 1405 2193 funebribus
1426 2160 1518 2193 haec
1542 2160 1628 2193 mi-;

910 2210 1005 2242 nime
1030 2209 1296 2251 interpretanda
1320 2218 1404 2242 cum
1421 2210 1512 2250 Fea,
1545 2209 1613 2242 sed

911 2259 955 2291 de
980 2259 1021 2291 iis
1045 2259 1262 2292 carminibus
1284 2258 1535 2302 popularibus,
1560 2268 1613 2292 ex

910 2308 1040 2350 quibus
1072 2307 1255 2350 paullatim
1289 2310 1366 2341 orta
1399 2309 1456 2341 est
1482 2316 1612 2350 magna

909 2366 993 2400 pars
1010 2358 1177 2398 historiae
1193 2359 1373 2390 Romanae
1389 2357 1608 2399 antiquioris.

911 2407 980 2439 Csr.
1006 2407 1114 2440 Munk
1137 2407 1181 2439 de
1199 2406 1367 2440 Atellanis
1381 2415 1418 2448 p.
1436 2406 1470 2439 3.
1502 2407 1612 2439 Cors-
1632 2408 1636 2410 '

909 2465 973 2490 sen
1014 2457 1128 2497 Origg.
1165 2455 1284 2498 poesis
1322 2457 1433 2489 Roms
1457 2454 1611 2488 Berolini

910 2506 1007 2540 4846.
1024 2515 1060 2548 p.
1080 2507 1155 2539 4⁴2.
1180 2505 1356 2538 Differunt
1370 2504 1416 2538 ab
1430 2505 1487 2538 his
1501 2505 1609 2538 otiam

907 2557 1078 2588 incondita
1093 2556 1249 2588 carmina
1268 2555 1452 2595 militaria,
1477 2553 1609 2596 quibus

907 2607 998 2638 teste
1016 2606 1114 2638 Livio
1132 2606 1190 2646 ⁴0,
1208 2605 1262 2638 30.
1289 2605 1329 2644 Q.
1346 2604 1443 2638 Fabii
1462 2604 1608 2637 victoria

907 2654 1092 2697 Publiique
1108 2655 1204 2688 Decii
1220 2653 1402 2696 praeclara
1426 2662 1523 2687 mors
1545 2662 1608 2687 ce-

1177 967 1346 1010 «singulis
1379 969 1542 1003 diebus.»
1580 990 1617 996 -
1645 964 1659 973 “
