1722 2904
215 65 297 107 664

500 172 753 216 Siticulosae
782 173 961 231 Apuliae
978 209 986 222 ‚

749 69 919 102 neuun
945 58 1115 102 Ei’onon

1298 171 1346 198 Am·

441 254 527 297 Nec
559 268 714 297 munus
744 254 934 298 humeris
964 254 1153 298 efficacis
1185 257 1382 301 Herculis

498 335 650 378 lnarsit
681 336 936 378 aestuosius.

439 416 490 458 At
522 416 557 459 si
588 416 692 474 quid
723 431 914 474 unquam
942 417 1026 460 tale
1057 419 1379 476 concupiveris,

499 498 649 540 Iocose
680 498 906 541 Maecenas
921 533 929 547 ‚

962 512 1138 556 precor,
1611 504 1667 547 20
1717 472 1722 509 3

443 578 613 620 Manum
644 578 787 635 puella
818 579 936 622 savio
968 587 1157 638 opponat
1188 588 1288 633 tuo,

499 659 698 702 Extrema
728 666 770 703 et
800 660 842 702 in
873 661 1040 718 sponda
1070 661 1211 706 cubet.
1262 675 1267 678 ’

299 791 351 822 49.
379 791 465 830 quod
487 791 515 822 si
537 791 559 823 S
585 791 666 831 (non
689 791 786 833 bod).

825 810 862 816 —
902 794 956 826 20.
982 795 1096 827 Iocosa
1119 794 1300 830 Markland
1330 797 1365 829 in
1389 797 1471 830 Eur.
1497 798 1618 841 Suppl.

252 850 287 881 p.
313 841 388 873 258.
419 858 452 863 —
480 841 534 872 24.
560 841 653 873 savio
677 849 861 883 superscr.
886 852 910 875 u
933 843 975 884 d
1001 845 1118 877 suavia
1141 846 1222 878 LCt.
1250 846 1303 887 (Ut
1325 855 1412 888 nos,
1436 846 1534 889 bSc.)

211 959 332 1000 Oedip.
351 957 408 991 47:
444 958 508 991 Sed
529 959 645 1000 qravt’s
666 963 696 992 et
718 963 793 992 ater
814 962 913 993 ineu-

211 1007 266 1039 bat
288 1008 387 1039 terris
414 1017 533 1048 vapor.
563 1027 599 1031 —-
632 1009 843 1053 siticulosae]
874 1012 914 1043 ut

210 1055 445 1099 πολυδίψιον
458 1053 604 1103 Ἄργος.
634 1075 669 1081 -—
696 1060 829 1102 munus]
853 1069 914 1093 ve-

210 1108 273 1140 stis
297 1109 399 1140 Nessi
424 1109 591 1141 Centauri
623 1118 751 1141 cruore
778 1110 909 1151 tincta,

208 1166 228 1189 a
264 1158 428 1190 Deianira
463 1157 605 1191 Herculi
648 1160 787 1200 coniugi
820 1159 912 1193 Ioles

208 1215 331 1239 amore
362 1208 467 1249 capto
498 1208 639 1241 funesto
668 1209 763 1242 dono
787 1210 909 1242 missa.

210 1256 309 1288 Ovid.
342 1258 424 1290 Met.
459 1258 495 1297 9,
533 1258 609 1290 430.
649 1276 685 1282 -
723 1259 868 1291 humeris
893 1277 912 1283 -

206 1306 340 1348 [narsic]
367 1307 546 1340 «humeris
571 1307 702 1340 ardens
725 1309 910 1341 inhaesit.»

210 1373 246 1378 -
279 1356 432 1400 efficacis]
467 1356 700 1391 «difficillimis
728 1357 911 1392 laboribus

207 1405 380 1446 defuncti,
405 1405 652 1453 δραστηρίου,
677 1408 908 1450 ἰὴαίΙενᾶΓιὶρ.»

206 1454 308 1496 Apul.
325 1455 426 1497 Apol.
443 1466 478 1498 p.
496 1456 580 1489 442:
605 1458 761 1490 Hercules
784 1459 911 1490 lustra-

206 1507 260 1536 tor
287 1505 392 1545 orbis,
420 1510 592 1548 purgator
621 1507 791 1548 ferarum,
826 1517 910 1549 yen-

207 1554 292 1586 tium
324 1556 477 1589 domitor.
527 1557 582 1588 Sic
617 1558 789 1590 Maximus
824 1558 906 1598 Tyr.

207 1604 249 1636 D.
276 1604 312 1644 3,
339 1605 369 1637 7.
405 1605 595 1638 Herculem
619 1608 723 1639 vocat
744 1604 813 1639 τὸν
833 1605 908 1639 τῶν

206 1650 357 1685 πολλῶν
398 1656 463 1687 καὶ
503 1655 742 1698 θαυμαστῶν
780 1656 908 1689 πόνων

206 1698 397 1746 ὁμιλητὴν
419 1706 483 1738 καὶ
500 1701 719 1749 ἀγωνιστὴν
739 1707 805 1739 καὶ
820 1704 910 1740 ἐθά-

204 1750 268 1792 δα,
306 1755 342 1785 et
364 1754 511 1788 similius
536 1756 644 1788 etiam
668 1757 758 1789 Diss.
781 1757 818 1789 24
840 1782 847 1796 ,
874 1757 905 1789 6.

203 1801 460 1847 καθορθωτὴν
485 1800 617 1851 ἔργων.
670 1805 824 1839 Iulianus
860 1806 906 1838 ad

205 1852 439 1886 Themistium
467 1863 502 1895 p.
529 1854 605 1887 264.
633 1864 675 1887 ex
703 1855 830 1896 Odyss.
857 1866 904 1896 φ,

203 1901 264 1932 26:
312 1900 489 1945 μεγάλων
534 1903 735 1960 ἐπιϊστορα
765 1915 904 1951 εργων,

205 1947 536 1997 (ίαῦϊΟυΟγόϊαῖΟν
574 1950 757 1986 απάνῒων
796 1965 907 1998 γενο-

201 2009 355 2041 μενον.)
395 2002 449 2034 Ad
482 2004 778 2036 consuetudinem
811 2006 907 2037 Lati-

203 2059 286 2082 nam
303 2051 365 2083 cfr.
392 2051 550 2084 Caelium
574 2053 619 2084 ad
644 2053 715 2085 Cic.
742 2054 837 2086 Fam.
863 2055 904 2094 8,

204 2099 263 2138 40,
283 2099 319 2131 3:
344 2100 438 2132 Nosti
462 2101 680 2141 Marcellum,
706 2112 810 2143 quam
832 2107 907 2135 tar-

204 2150 265 2180 dus
288 2152 318 2181 et
337 2158 465 2189 parum
487 2151 611 2193 efficax
632 2152 684 2184 sit.

247 2199 378 2231 49-22.
405 2201 647 2242 concupiveris]
673 2203 726 2234 «Si
751 2203 823 2234 tam
841 2203 907 2235 de-

204 2247 377 2281 testabilis
409 2249 509 2282 cibus
543 2260 702 2292 unquam
737 2252 800 2284 tibi
829 2262 907 2284 rur-

204 2305 264 2328 sus
288 2297 493 2339 placuerit.»
522 2318 557 2322 —
584 2301 703 2342 Ioeose]
729 2301 904 2342 quatenus

202 2345 280 2378 allio
305 2346 395 2381 elam
419 2348 538 2382 oblato
555 2351 711 2387 amicum
734 2350 903 2384 ludibun-

963 962 1032 995 dus
1054 962 1258 1005 deceperat.
1305 964 1380 997 Hoc
1410 965 1532 998 autem
1559 964 1664 1007 longe

963 1012 1078 1053 aptius
1108 1013 1171 1045 toti
1200 1013 1349 1046 carmIni
1378 1022 1487 1055 quam
1509 1015 1664 1048 otiosum

962 1060 1047 1094 illud
1081 1061 1221 1104 puellae
1254 1061 1432 1096 ἐπίθετον
1464 1063 1586 1097 iocosa.
1623 1081 1660 1088 ·—
1695 1088 1697 1090 -

961 1111 1067 1153 savio]
1093 1113 1246 1145 «amoris
1269 1112 1425 1147 osculo».
1451 1114 1575 1147 Senot..
1603 1123 1664 1148 sa-
1688 1130 1691 1131 ⁷

959 1162 1072 1201 vium,
1105 1161 1260 1205 φίλημα
1281 1161 1485 1209 ἑταιρικόν.
1525 1162 1660 1197 Philox.

960 1211 1101 1243 Rectior
1130 1212 1252 1244 autem
1281 1212 1372 1245 haec
1403 1213 1461 1246 'est
1486 1213 1667 1255 scriptura*

961 1268 1071 1301 quam
1094 1260 1203 1294 altera
1226 1262 1356 1294 suavia.
1380 1263 1459 1295 Non
1475 1263 1571 1296 enim
1594 1262 1663 1296 de-

960 1310 1101 1342 ducitur
1134 1320 1155 1342 a
1187 1320 1222 1343 v.
1257 1312 1387 1352 suavis,
1427 1311 1494 1345 sed
1529 1313 1663 1346 savium

959 1361 1104 1401 proprie
1129 1361 1184 1393 est
1204 1360 1376 1402 labeum,
1412 1362 1453 1394 ut
1481 1361 1538 1395 bis
1560 1363 1661 1396 terve
1694 1383 1696 1386 ν

959 1411 1054 1452 apud
1086 1409 1260 1443 Plautum.
1294 1411 1364 1445 Cfr.
1388 1412 1476 1445 lehn
1498 1412 1544 1445 ad
1573 1412 1611 1446 h.
1634 1412 1658 1446 l.

962 1477 998 1482 —
1017 1461 1146 1500 sponda
1161 1460 1266 1503 cubet}
1289 1461 1341 1493 De
1355 1470 1490 1494 venere
1505 1470 1527 1494 a
1541 1461 1661 1503 puella

959 1511 1087 1551 negata
1104 1510 1258 1552 accipio,
1283 1511 1323 1543 ut
1345 1511 1401 1544 est
1422 1511 1519 1553 apud
1533 1511 1659 1546 Tibull.

960 1560 998 1598 4,
1024 1560 1062 1599 9,
1087 1560 1142 1592 56.
1178 1560 1215 1593 in
1246 1559 1351 1593 simili
1378 1561 1657 1602 imprecatione:

960 1610 1077 1642 Tecum
1098 1610 1297 1651 interposita
1318 1610 1483 1652 lanyutda
1503 1614 1591 1644 vesto
1603 1620 1662 1644 cu-

957 1659 1017 1691 bet.
1058 1658 1142 1691 Alii:
1179 1668 1286 1693 «sese
1317 1668 1426 1701 quam
1454 1659 1659 1703 longissime

957 1717 977 1740 a
1001 1710 1036 1740 te
1064 1710 1248 1742 removeat
1281 1710 1317 1742 in
1351 1709 1433 1742 lecti
1466 1709 1659 1744 convivalis
1691 1706 1696 1741 Ῑ

957 1758 1129 1800 sponda.»
1183 1759 1274 1791 Sane
1310 1759 1434 1792 cubare
1467 1760 1576 1794 etiam
1609 1760 1679 1794 dev

957 1808 1115 1841 convivis
1138 1809 1342 1850 usurpatur.
1373 1809 1446 1841 Cic.
1471 1809 1517 1842 de
1541 1810 1599 1842 Or.
1616 1811 1656 1851 2.
1682 1844 1683 1847 ,

956 1857 1019 1889 86;
1044 1866 1109 1897 quo
1132 1866 1247 1889 eorum
1269 1858 1340 1890 loco
1363 1858 1501 1899 quisque
1521 1858 1658 1892 cubuis-

955 1910 1012 1940 set.
1042 1925 1078 1930 —-
1105 1906 1204 1939 Falso
1228 1908 1349 1940 autem
1371 1909 1489 1941 Acron
1509 1909 1659 1950 puellam

957 1955 1108 1998 explicat
1139 1956 1185 1988 de
1220 1957 1384 1990 Terentia
1417 1959 1632 1992 Maecenatis
1646 1983 1655 1999 .
1685 1967 1691 1977 ¹

956 2005 992 2038 id
1015 2006 1112 2047 quod
1140 2015 1253 2048 prope
1282 2006 1493 2040 indecenter
1521 2008 1659 2042 dictum
1688 2024 1692 2047 3

955 2055 1045 2087 soret
1082 2055 1127 2087 de
1165 2056 1239 2088 tam
1273 2055 1459 2098 splendida
1493 2058 1657 2090 matrona

955 2106 1130 2143 Romana,
1170 2105 1270 2146 prius
1306 2114 1328 2137 a
1363 2106 1518 2139 Caesare
1551 2106 1659 2140 oem-

954 2154 1060 2186 viano
1086 2155 1214 2186 amata.
1265 2154 1420 2195 (Sueten.
1438 2156 1559 2188 Octav.
1585 2157 1654 2198 69.)

954 2204 1068 2235 Immo
1093 2203 1279 2236 manifesto
1301 2203 1458 2246 loquitur
1480 2205 1526 2238 de
1549 2204 1656 2239 ἑταὶῑ-

954 2263 1022 2298 ρᾳ,
1070 2261 1227 2294 quacum
1265 2254 1492 2286 consueverit
1526 2256 1654 2297 potens

954 2303 1091 2334 amicus
1115 2303 1195 2334 ante
1220 2303 1359 2344 nuptias
1383 2312 1468 2337 cum
1490 2304 1652 2338 Terentia
1680 2346 1683 2347 ⁷

954 2351 1165 2385 celebratas.
1191 2352 1261 2385 Cir.
1276 2353 1410 2386 Franke
1423 2354 1457 2386 F.
1469 2354 1510 2387 H.
1525 2363 1560 2396 p.
1575 2354 1650 2388 ⁴25.
