1722 2904
181 88 264 129 698

718 89 888 121 HORATII
913 88 1082 121 EPODON

401 193 563 236 Currus
595 200 636 235 et
667 193 844 235 intactas
872 191 1043 235 boves?

344 275 388 317 lo
420 273 667 331 Triumphe,
701 287 782 316 nec
812 272 1061 330 Iugurthino
1091 286 1242 330 parem

398 354 516 398 Bello
549 354 775 411 reportasti
807 354 964 397 ducem
975 388 984 403 ‚

346 436 495 493 Neque
526 435 790 485 Africanum,
823 435 893 477 cui
925 448 1058 492 super
1079 434 1383 492 Karthaginem
1569 436 1624 477 25
1664 438 1668 442 ’

401 516 542 558 Virtus
572 515 821 573 sepulcrum
852 515 1055 559 condidit.

341 599 472 640 Terra
502 597 697 654 marique
727 597 866 640 victus
896 596 1030 640 hostis
1061 596 1218 654 punico

260 748 314 780 ⁹22.
341 748 435 779 boves
448 749 458 778 l
483 747 564 779 LCt.
593 764 629 769 —
655 747 710 779 25.
734 747 894 789 Africano
918 746 965 779 Sd
981 772 988 786 ,
1013 755 1068 788 pr.
1093 746 1135 787 b,

1161 747 1248 780 item
1271 747 1378 780 LCtF.
1420 747 1473 789 (Ut
1497 756 1578 786 nos,

203 807 261 837 rc,
288 806 378 829 corr.
405 796 450 836 b,
477 796 589 829 Codd.
615 795 781 836 Bentleii,
808 795 963 829 Oberlini
985 797 1011 828 B
1037 797 1073 828 et
1095 805 1158 829 sex
1180 796 1348 837 Pottierii,
1374 795 1579 838 Bentleius.)

221 866 256 870 -—
282 847 347 889 wi]
374 856 438 887 quo
461 845 618 879 malebat
639 845 831 879 Bentleius.

176 970 222 1020 ἧς
245 977 285 1009 οἱ
305 976 479 1018 βασιλεῖς
502 974 570 1017 τὰς
593 976 637 1009 ἐκ
661 974 736 1008 τῶν
760 975 875 1008 πολέ-

172 1038 257 1070 μων
281 1022 438 1069 πομπὰς
462 1024 740 1069 πομπεύουσιν.
769 1045 805 1050 ——
826 1027 877 1058 in-

173 1078 298 1119 tactas]
336 1078 517 1110 «nondum
543 1077 611 1110 sub
639 1078 759 1118 iugum
786 1077 874 1109 mis-

173 1136 265 1160 sas.»
313 1128 406 1168 Virg.
439 1128 499 1159 Ge.
537 1126 577 1166 4,
614 1126 697 1159 540:
744 1127 875 1158 intacta

172 1178 305 1210 tolidem
327 1177 453 1209 cer-vice
474 1177 642 1208 iuvencas.
666 1177 798 1218 Iniuyes
819 1177 876 1208 ho-

171 1228 254 1259 stias
274 1228 379 1258 vocat
401 1225 557 1258 Macrob.
591 1227 662 1258 Sat.
689 1226 726 1265 3,
751 1227 782 1258 5.
826 1227 873 1258 «Α

172 1275 472 1318 triumphantibus
495 1275 563 1307 bos
593 1275 673 1307 alba
703 1277 738 1308 et
770 1275 875 1307 indo-

173 1327 256 1358 mita
273 1326 307 1358 in
325 1325 494 1367 Capitolio
510 1325 685 1358 immolari
702 1325 873 1358 solebat.»

173 1377 286 1408 Comi.
313 1376 418 1412 Cimo.

216 1425 362 1457 23-26.
398 1424 614 1466 Iugurthino]
644 1426 747 1457 «Non
777 1426 873 1457 tanta

179 1474 287 1515 gloria
337 1474 567 1515 triumphavit
604 1474 734 1507 Marius
753 1483 760 1512 ;
804 1483 874 1506 non

173 1533 237 1565 par
260 1524 322 1556 fuit
347 1524 489 1556 Caesari
513 1525 632 1556 nostro
653 1525 782 1556 Marius
806 1533 873 1556 nec

173 1574 290 1614 Scipio
314 1573 497 1605 Africanus
522 1573 671 1605 minor.»
699 1592 735 1596 —
754 1583 875 1614 repor-

172 1623 252 1654 {asli
275 1623 406 1664 ducem]
434 1635 449 1650 «
461 1623 634 1654 victorem
665 1623 814 1655 Marium
839 1624 875 1655 et

173 1675 275 1704 antea
297 1672 500 1704 Africanum
524 1672 718 1710 minorem;
745 1672 874 1713 quibus

173 1722 306 1754 Caesar
322 1731 415 1753 nunc
429 1720 639 1753 antecellit.»
658 1722 742 1754 Mire
761 1731 875 1763 nuper

172 1771 318 1812 quidam
349 1771 529 1812 exposuit:
568 1771 775 1812 «reportasti
806 1771 874 1803 du-

173 1829 253 1852 cem
276 1820 455 1861 captivum
479 1829 521 1852 ac
545 1820 725 1861 triumpho
743 1820 875 1852 ducen-

174 1870 279 1908 dum,
307 1878 350 1901 ex
374 1870 535 1911 Aegypto
560 1869 803 1911 Cleopatram,
831 1879 874 1902 ex

172 1919 382 1960 Karthagine
397 1937 433 1941 —-
449 1920 584 1960 quem‘?
601 1928 750 1960 quaeso:
774 1919 875 1952 «Nul-

172 1968 291 2007 lum»,
325 1968 437 2009 inquit
460 1969 556 2010 ipse,
595 1970 764 2010 «praeter
785 1970 874 2001 Kar—

172 2018 352 2058 thaginem
376 2018 525 2059 ipsam.»
545 2035 583 2040 —
603 2019 698 2050 Lect.
715 2018 874 2059 Africano

174 2067 288 2107 (bello)
317 2068 421 2100 nimis
444 2067 553 2100 refert
575 2067 780 2108 pedestrem
798 2076 875 2099 ora-

172 2118 305 2150 tionem
318 2119 353 2149 et
368 2118 553 2158 praeterea
571 2112 717 2162 ἅκυρον
738 2118 793 2149 est
808 2126 872 2158 pro

172 2168 306 2199 Punico.
335 2166 425 2205 Quid
449 2165 582 2198 multa?
607 2168 718 2199 Prava
735 2168 790 2198 est
810 2175 872 2198 ac-

172 2215 410 2248 commodatio
423 2215 468 2247 ad
479 2225 513 2247 V.
528 2216 736 2257 Iuyurthino.
751 2232 788 2238 —
804 2216 870 2257 cui]

174 2264 333 2298 Fabellae
363 2265 510 2297 Acronis
534 2267 570 2297 et
597 2266 735 2298 Comm.
762 2265 869 2307 Cruq.

172 2316 217 2347 de
235 2316 466 2347 monumento
479 2315 642 2347 Africano
655 2315 779 2347 maiori
795 2323 874 2346 ora-

172 2364 239 2396 culi
264 2365 362 2396 iussu
378 2364 412 2395 in
435 2365 539 2405 portu
555 2364 706 2396 Ostiensi
730 2363 872 2396 condito

172 2415 207 2445 et
241 2413 490 2454 Karthaginem
525 2414 738 2454 respiciente
766 2422 873 2455 prae-

172 2465 227 2495 ter
257 2462 566 2495 Walckenaerium
598 2464 623 2494 1.
649 2471 684 2504 p.
710 2463 785 2495 360.
813 2472 873 2495 re-

173 2513 370 2545 ‹fentiorum
395 2521 501 2545 nemo
525 2513 595 2545 iam
613 2512 721 2544 fldem
738 2512 869 2544 tribuit.

176 2581 210 2584 Ἡ
223 2571 321 2602 super
332 2562 585 2603 Karthaginem]
601 2570 730 2602 «super
742 2561 870 2600 solum,

173 2611 232 2643 ubi
263 2613 410 2644 steterat
437 2611 528 2644 illa.»
555 2628 592 2635 —
623 2610 741 2652 Virtus]
775 2611 874 2642 «Vir-

864 863 902 869 —
928 846 982 878 27.
1008 845 1132 878 Punico
1154 846 1209 892 J.x

925 976 1072 1008 rietinae
1107 977 1368 1017 sempiternum
1398 977 1520 1008 essent
1549 977 1626 1009 Sci-

925 1026 1039 1067 pionis
1052 1025 1199 1057 minoris
1214 1025 1522 1064 monumentum.»
1535 1024 1623 1058 Vell.

925 1077 998 1108 Pat.
1027 1076 1062 1115 ⁴,
1089 1075 1149 1107 ⁴2:
1177 1074 1419 1107 eam-urbem
1439 1074 1550 1116 mgis
1570 1074 1627 1106 in-

923 1126 1016 1157 vidia
1038 1125 1187 1165 imperii,
1212 1132 1316 1164 quam
1336 1124 1438 1156 ullius
1458 1124 1529 1156 eius
1539 1127 1626 1156 tem-

920 1176 1015 1216 poris
1036 1175 1160 1207 noxiae
1173 1174 1318 1206 invisam
1335 1174 1485 1206 Romano
1498 1174 1626 1206 nontim'

922 1225 1071 1266 funditus
1093 1224 1224 1256 sustulit
1252 1224 1495 1265 socitqtoesuao
1514 1224 1626 1255 virm-

924 1275 966 1306 tis
998 1277 1263 1313 monumentum,
1303 1274 1391 1313 quod
1421 1273 1538 1315 fuerat
1570 1273 1627 1305 avi

924 1324 994 1355 eius
1015 1323 1214 1355 clementiae.
1240 1321 1291 1355 Id.
1309 1323 1348 1362 2,
1374 1321 1428 1355 40.
1454 1322 1500 1355 de
1524 1323 1628 1355 Pom-

924 1374 1022 1415 peio:
1035 1376 1114 1414 quot
1123 1375 1241 1413 partes
1254 1375 1425 1404 terrarum
1436 1372 1525 1404 orbis
1537 1375 1624 1412 snmt,

924 1423 1058 1456 totidem
1090 1422 1192 1463 (fecit)
1222 1425 1439 1454 monomenta
1464 1422 1627 1454 victoriae

924 1482 1015 1505 suae.
1044 1489 1081 1496 —
1108 1473 1173 1511 Qui
1206 1471 1328 1513 legunt
1354 1471 1532 1513 Africano,
1569 1471 1626 1503 in-

925 1524 1047 1565 eptam
1063 1522 1275 1555 sententiam
1290 1521 1497 1554 continuare
1513 1521 1626 1554 coacti

925 1573 1024 1604 sunt:
1050 1572 1105 1604 cm·
1127 1571 1208 1604 bello
1229 1571 1388 1612 Ardeam
1410 1579 1511 1612 super
1533 1571 1626 1603 Kar-

923 1622 1092 1663 thaqinem
1114 1622 1183 1653 cet.

968 1671 1022 1703 27.
1058 1671 1111 1703 28.
1154 1669 1276 1712 Terra]
1317 1670 1448 1711 Copiae
1485 1668 1624 1702 Antonii

924 1722 1131 1759 terrestres,
1167 1728 1252 1752 eum
1276 1728 1351 1762 ,per
1378 1720 1519 1761 septem
1549 1718 1625 1751 dies

925 1779 1008 1802 eum
1025 1770 1309 1812 exspectassent,
1335 1765 1388 1809 ὥς
1403 1764 1544 1801 αὐτίκα
1559 1777 1627 1800 πο-

924 1818 992 1852 θὲν
1029 1816 1371 1861 ἐκφανησόμενον,
1395 1835 1417 1842 -
1430 1835 1451 1842 -
1478 1815 1588 1858 τέλος
1602 1836 1623 1843 -

923 1865 992 1902 τοῦ
1018 1865 1234 1914 στρατηγοῦ
1263 1866 1446 1901 Κανιδίου
1474 1864 1625 1913 νύκτωρ

925 1914 1165 1964 ἀποδράντος
1180 1937 1201 1942 -
1214 1936 1234 1942 -
1250 1914 1452 1960 γενόμενοι
1472 1914 1624 1949 πάντων

922 1965 1061 2015 ’ἔρημοι
1076 1985 1096 1992 -
1107 1987 1126 1992 -
1142 1965 1192 2011 τῷ
1206 1965 1410 2014 κρατοῦντι
1427 1963 1626 2027 προσεχώ-

923 2028 1058 2065 ρησαν.
1099 2000 1186 2050 Plut‘.
1218 2018 1298 2050 Ant.
1324 2017 1378 2049 68.
1417 2034 1454 2040 -
1465 2015 1622 2057 punico]

925 2076 1126 2110 «purpureo
1143 2076 1171 2099 s.
1187 2067 1355 2099 coccineo
1370 2065 1624 2108 paludamento

923 2117 1149 2159 imperatoris
1177 2116 1339 2158 deposito
1365 2113 1507 2156 gregale
1533 2113 1626 2156 (pul-

922 2167 1006 2207 lum)
1031 2174 1156 2207 sagum
1179 2163 1349 2207 sumpsit,
1386 2164 1484 2206 quod
1513 2172 1624 2206 squa-

922 2216 1006 2248 loris
1030 2216 1067 2248 et
1093 2214 1208 2248 luctus
1231 2215 1372 2255 signum
1395 2214 1524 2247 esset.»
1563 2212 1625 2245 Al—

922 2268 999 2298 tera
1015 2265 1127 2297 forma
1145 2265 1320 2305 puniceus,
1346 2272 1438 2306 quae
1460 2263 1626 2304 frequen-

923 2316 991 2348 tior
1028 2315 1083 2347 est
1123 2315 1159 2347 in
1196 2322 1304 2356 prosa
1341 2313 1499 2346 oratione
1541 2311 1622 2354 (cfr.

923 2363 1083 2398 Muetzell
1100 2364 1146 2396 ad
1163 2364 1325 2396 Curtium
1340 2363 1372 2403 3,
1390 2364 1437 2402 7.,
1461 2361 1525 2394 ubi
1547 2361 1624 2403 ipse

917 2413 1084 2455 puniceis,
1103 2414 1231 2454 Zumpt
1239 2412 1410 2453 punicis),
1435 2411 1544 2444 utitur
1558 2410 1622 2443 Od.

922 2462 962 2503 4,
990 2463 1050 2502 ⁴0,
1075 2462 1108 2495 4.
1151 2460 1308 2502 (Martial.
1339 2462 1377 2501 6,
1407 2461 1469 2493 ⁴⁴:
1509 2460 1564 2491 Vis
1595 2461 1626 2491 te

919 2521 1150 2554 purpureum,
1166 2512 1300 2551 Marce,
1319 2513 1460 2552 sagatus
1472 2507 1624 2550 amemP)

924 2561 1044 2594 Florus
1057 2560 1088 2600 4,
1106 2561 1159 2601 ll,
1173 2560 1205 2592 3.
1225 2560 1271 2592 de
1284 2559 1454 2592 Antonio:
1477 2558 1626 2591 Aureum

924 2611 958 2642 in
980 2619 1086 2642 manu
1111 2609 1286 2648 baculmm
1321 2609 1367 2641 ad
1396 2608 1485 2640 latus
1505 2607 1625 2643 αοίηατ

175 2663 228 2692 tus
254 2661 319 2692 (lea
344 2660 470 2700 voluit,
512 2662 550 2693 ut
572 2661 791 2701 Karthaginis
814 2669 874 2702 pa·
924 2669 995 2697 ces‚·
1026 2668 1203 2701 purpurea
1230 2659 1328 2691 vestis
1357 2656 1542 2700 §nqeue-‘bus
1565 2655 1624 2688 ob·-

1714 2408 1722 2640 n--aemn-A...—.-⁶.
1720 2382 1722 2387 .
1719 2350 1722 2361 ,,
1720 2296 1722 2298 .
