1722 2904
179 98 261 140 468

692 97 863 129 HORATII
889 95 1114 129 CARMINUM

520 201 659 258 Fruge
690 201 820 243 Lares
852 199 1065 256 avidaque
1095 212 1253 256 porca,

405 308 492 350 Nec
522 305 793 363 pestilentem
823 305 977 348 sentiet
1007 304 1194 347 Africum

1606 305 1631 346 Οἳ

406 387 609 431 Fecunda
637 386 735 430 vitis
765 399 846 429 nec
876 384 1066 429 sterilem
1096 398 1223 442 seges

464 468 717 525 Robiginem
748 473 819 510 aut
849 465 997 509 dulces
1028 465 1186 508 alumni

518 548 732 591 Pomisero
763 560 893 604 grave
924 552 1094 603 tempus
1125 559 1248 589 anno.

407 656 514 698 Nam
546 667 659 711 quae
689 652 817 696 nivali
846 652 1038 709 pascitur
1066 651 1217 709 Algido

408 736 573 778 Devota
603 747 791 791 quercus
823 734 932 777 inter
962 740 1005 777 et
1034 732 1155 777 ilices

1578 733 1632 776 ⁴0

266 844 298 875 5.
325 842 446 875 sentiat
467 842 505 873 T.
534 860 569 864 —
597 841 628 873 7.
653 841 848 883 Rubiqinem
870 841 1063 881 BbSTc,Lt.
1091 841 1143 882 (Ut
1158 849 1235 881 nos,
1262 840 1375 873 Codd.
1394 839 1528 881 Bland.)
1550 859 1585 864 —-

224 894 254 926 8.
280 892 465 933 Pomiferi-
479 908 495 914 -
510 891 591 923 anni
615 890 772 923 malebat
795 890 987 924 Markland.

181 988 268 1027 Iovi,
284 986 404 1019 Iunoni
414 985 584 1026 praefato.
611 985 686 1018 Tib.
706 986 719 1017 ⁴
738 1010 745 1025 ,
763 984 801 1025 3,
819 983 879 1017 34:

180 1040 353 1070 menstrua
377 1035 478 1068 thura
499 1034 593 1067 Lari.
630 1034 741 1067 Plaut.
765 1032 879 1066 Aulul.

181 1086 271 1119 Prol.
285 1085 327 1118 23
338 1095 345 1117 :
363 1085 448 1117 Huic
462 1083 639 1126 (Euclioni)
651 1084 725 1126 filia
734 1083 805 1116 una
817 1086 881 1116 est:

181 1145 222 1169 ea
246 1135 326 1168 mihi
352 1134 450 1176 (Lari)
479 1134 597 1167 cotidie
618 1134 683 1166 Aut
705 1134 800 1166 thure
824 1135 885 1166 aut

179 1186 257 1217 vino
273 1188 333 1217 aut
349 1184 455 1224 aliqui
469 1192 598 1224 semper
611 1184 792 1224 supplicat,
814 1184 884 1215 Dat

179 1235 260 1267 mihi
274 1243 427 1267 coronas.
442 1252 478 1257 —
492 1234 601 1266 horna
611 1234 735 1275 Fruge]
756 1233 882 1275 «spicis

181 1283 394 1323 hornotinis,
413 1283 517 1315 huius
533 1284 649 1316 anni.»
669 1284 794 1315 Forma
808 1283 885 1314 hor-

179 1342 244 1365 nus
279 1333 467 1375 poetarum
505 1333 571 1365 est.
621 1331 690 1365 Cfr.
725 1331 883 1373 Pompeii

182 1383 320 1415 comm.
339 1383 378 1414 A.
397 1383 438 1414 D.
457 1390 492 1423 p.
512 1381 588 1414 329.
615 1382 740 1423 Spicae
763 1382 883 1413 autem

180 1432 239 1464 hic
261 1432 378 1474 potius
402 1430 644 1472 significantur
665 1439 772 1472 quam
789 1429 883 1462 mola

181 1480 286 1514 salsa.
315 1498 351 1504 —-
377 1480 497 1521 porca]
526 1482 676 1513 Porcam
705 1480 800 1512 enim
831 1479 884 1512 fe-

181 1531 317 1563 minam
340 1531 498 1562 mactare
523 1529 697 1563 solebant.
739 1529 811 1562 Cic.
838 1529 882 1561 de

181 1582 255 1612 Inv.
273 1581 311 1620 2,
337 1579 396 1612 30:
428 1588 518 1620 eum,
545 1580 602 1620 qui
626 1579 672 1621 (in
696 1578 882 1619 sacrificio)

180 1639 323 1672 porcam
346 1630 497 1662 tenuerit.

229 1681 261 1711 5.
293 1679 324 1711 6.
356 1679 561 1719 pestilentem
576 1697 594 1702 -
609 1677 776 1720 Africwm]
809 1677 884 1710 Sci-

181 1738 292 1761 rocco.
320 1728 371 1761 Cf.
387 1728 450 1761 Od.
472 1729 503 1768 ⁴,
522 1728 553 1768 3,
574 1729 627 1761 42.
652 1727 884 1760 NoxiumAu-

182 1780 297 1812 strum
332 1778 417 1810 dicit
438 1777 524 1810 Plin.
550 1778 591 1810 H.
621 1779 661 1810 N.
695 1778 734 1816 2,
760 1776 814 1810 47.
844 1794 881 1800 —

181 1828 347 1870 Fecunda]
378 1828 468 1860 Raro
491 1827 669 1868 reperitur
697 1826 741 1859 de
776 1825 884 1858 arbo-

182 1876 281 1910 ribus
321 1885 387 1918 pro
424 1875 583 1916 «fertilis,
624 1875 756 1908 ferax.»
808 1875 880 1907 Cic.

183 1927 276 1958 Orat.
316 1926 374 1958 ⁴5:
423 1926 552 1968 Seqetes
588 1925 750 1967 fecundae
786 1927 885 1965 atque

181 1976 307 2009 uberes.
344 1994 380 1999 —
419 1976 580 2018 sterilem]
625 1985 743 2017 «quae
779 1975 885 2008 efficit

185 2025 442 2059 sterilitatem.»
476 2025 570 2067 Virg.
595 2026 656 2057 Ge.
683 2025 719 2065 ⁴,
742 2025 822 2058 ⁴50:
847 2028 886 2056 ut

184 2075 278 2108 mala
305 2075 429 2107 culmos
452 2076 547 2107 Esset
569 2074 696 2116 robiyo.

227 2125 258 2158 7.
274 2124 475 2166 Robiginem]
488 2124 684 2166 Rubiqinem
698 2124 788 2156 miro
802 2132 886 2156 con-

183 2182 290 2207 sensu
314 2173 536 2214 Codd.mei;
571 2182 700 2206 verum
727 2174 884 2214 Wagner

183 2223 228 2256 ad
250 2224 344 2265 Virg.
372 2225 432 2256 Ge.
460 2224 496 2263 ⁴,
524 2224 602 2256 ⁴5⁴:
640 2223 781 2264 «robiyo
804 2231 884 2254 me-

182 2271 288 2305 liores
324 2273 502 2312 scribunt,
543 2274 579 2305 et
610 2272 726 2314 robiyo
759 2271 815 2304 bis
846 2271 882 2303 in

183 2322 293 2354 Fastis
307 2322 590 2355 Praenestinisnr
639 2323 672 2355 st
691 2321 799 2354 etiam
814 2320 882 2352 dea

183 2370 326 2412 Robigo.
354 2371 453 2403 Ovid.
472 2372 562 2404 Fast.
616 2371 720 2411 ‚9072
746 2370 883 2403 Flamen

182 2421 217 2452 in
246 2421 406 2461 antiquae
444 2421 555 2453 lucwm
590 2420 758 2462 Robiyinis
794 2419 880 2459 ibat,

181 2469 275 2501 Eoeta
301 2470 395 2502 canis
428 2471 590 2512 flammis,
629 2473 710 2502 exta
743 2470 884 2502 daturus

183 2518 262 2550 ovis.
299 2519 382 2550 9⁴⁴:
425 2519 551 2559 Aspera
581 2518 721 2560 Robiqo,
757 2527 883 2559 parcas

183 2567 370 2599 Cerealibus
390 2567 509 2600 herbis.
535 2567 617 2600 923:
657 2569 725 2600 Nec
753 2571 883 2601 teneras

182 2619 317 2657 segetes,
354 2617 409 2649 sed
442 2617 565 2649 durwm
587 2617 784 2658 amplectere
810 2617 883 2659 fer-

183 2674 275 2703 rum3
314 2675 357 2698 ex
386 2675 456 2708 quo
477 2674 584 2699 versu
608 2665 711 2699 simul
735 2668 883 2709 apparet

932 992 1063 1016 vanam
1078 992 1158 1017 esse
1184 983 1444 1017 distinctionem
1467 984 1559 1017 inter
1577 993 1634 1017 ro-

932 1032 1074 1075 biginem
1095 1033 1262 1066 frumenti
1280 1032 1427 1076 (Brand,
1449 1034 1633 1076 Mehlthau)

933 1085 969 1116 et
1000 1084 1188 1126 rubiyinem
1220 1084 1303 1118 ferri
1336 1084 1452 1127 (Rost).
1492 1084 1630 1118 Colum.

933 1134 992 1174 ⁴0,
1017 1133 1098 1167 342:
1138 1134 1222 1167 Hinc
1242 1134 1338 1166 mala
1363 1135 1487 1177 Robigo
1511 1135 1635 1168 virides

931 1192 972 1215 ne
987 1186 1115 1215 torreat
1127 1183 1264 1224 herbas,
1289 1184 1461 1226 Sanguine
1480 1184 1632 1217 lactentis

931 1233 1034 1265 catuli
1065 1233 1228 1274 placatur
1260 1236 1291 1266 et
1326 1234 1422 1266 extis.
1468 1233 1522 1266 Ab
1557 1232 1632 1266 aliis

931 1284 1053 1323 uredo,
1090 1282 1135 1315 ab
1165 1282 1241 1315 aliis
1263 1283 1487 1316 carbunculus
1508 1282 1633 1325 appel·
1699 1278 1710 1286 χ

931 1331 1082 1364 labatur.
1108 1331 1194 1364 Plin.
1213 1332 1254 1364 H.
1277 1333 1318 1364 N.
1343 1333 1401 1372 ⁴8,
1430 1333 1488 1372 28,
1518 1333 1572 1366 69.
1592 1350 1631 1356 -

932 1382 1041 1414 dulces
1068 1381 1207 1423 alwnni]
1242 1380 1356 1421 vituli,
1393 1382 1516 1422 haedi,
1552 1382 1634 1424 agni

931 1429 1068 1470 tenelli3
1093 1432 1134 1463 ut
1156 1430 1220 1463 Od.
1237 1430 1275 1470 3,
1301 1431 1360 1471 ⁴8,
1385 1430 1417 1464 4.
1443 1431 1532 1465 Male
1549 1431 1634 1464 olim

932 1481 977 1513 de
1000 1479 1156 1513 vernulis
1181 1478 1421 1522 explicabant;
1446 1489 1530 1514 nam
1544 1480 1634 1515 tales

933 1531 1031 1563 certe
1065 1530 1123 1562 vix
1156 1529 1315 1562 habebat
1347 1529 1430 1563 ficta
1457 1530 1549 1564 haec
1575 1539 1634 1563 ru-

933 1580 1036 1619 stica,
1074 1578 1189 1612 coloni
1218 1578 1299 1612 filia.
1348 1580 1461 1622 Atque
1489 1581 1633 1614 omnino

933 1637 1059 1670 greges
1071 1629 1266 1670 praeterire
1279 1637 1350 1662 non
1362 1631 1502 1671 poterat
1513 1631 1629 1672 poeta.

976 1679 1008 1711 8.
1033 1678 1197 1720 Pomifero
1218 1696 1238 1702 —
1257 1696 1278 1702 -
1299 1678 1400 1722 anno]
1425 1680 1630 1712 auctumno.

933 1728 989 1760 Sic
1020 1727 1131 1770 Epod.
1168 1727 1205 1767 2,
1242 1727 1302 1760 29;
1339 1737 1449 1761 amnas
1479 1729 1635 1762 hibernus

931 1778 1033 1816 Iovis;
1070 1777 1166 1818 Virg.
1190 1777 1277 1810 Aen.
1311 1778 1349 1818 6,
1374 1778 1456 1811 3⁴⁴:
1489 1778 1634 1820 frigidus

933 1836 1058 1866 annus]
1096 1827 1181 1859 Stat.
1207 1826 1318 1859 Theb.
1351 1826 1391 1867 4,
1423 1828 1462 1859 ⁴:
1496 1828 1634 1862 horrens

934 1885 1059 1916 annus,
1084 1876 1213 1908 hiems.
1243 1875 1435 1910 Marklandi
1458 1877 1548 1910 coni.
1565 1886 1634 1918 po-

932 1926 1043 1967 miferi
1057 1942 1073 1948 -
1087 1942 1103 1948 -
1117 1925 1200 1957 anni
1214 1925 1421 1967 pedestrem
1435 1927 1633 1960 orationem

933 1975 1115 2008 substituit
1141 1975 1314 2016 poeticae.
1350 1992 1388 1999 —
1417 1983 1523 2017 aravo
1547 1979 1633 2010 tem—

927 2024 1004 2065 pus]
1033 2024 1147 2056 Etiam
1174 2024 1210 2056 in
1231 2032 1340 2066 prosa
1362 2025 1451 2058 orat.
1474 2033 1541 2067 pro
1565 2034 1633 2068 pe-

933 2073 1074 2106 stilenti.
1093 2074 1165 2106 Liv.
1185 2073 1223 2113 3,
1249 2074 1288 2106 6:
1313 2082 1419 2116 grave
1432 2078 1576 2116 teinpus,
1601 2079 1634 2108 et

930 2123 1017 2164 forte
1039 2132 1148 2156 annus
1165 2123 1330 2164 pestilens.
1356 2124 1426 2156 Sat.
1443 2125 1483 2165 2,
1508 2125 1546 2166 6,
1570 2125 1629 2158 ⁴8:

927 2173 1101 2213 plwmbeas
1121 2172 1240 2205 Auster
1262 2172 1530 2215 Autumnusque
1551 2183 1634 2216 qra-

930 2223 997 2263 vis,
1021 2223 1186 2256 Libitinae
1208 2226 1363 2264 quaestus
1384 2223 1534 2257 acerbae.
1572 2225 1633 2258 Iu-

930 2271 1046 2304 venal.
1072 2271 1110 2312 4,
1140 2272 1200 2304 56:
1240 2273 1312 2305 iam
1343 2273 1470 2316 letifero
1503 2274 1634 2308 eedeme

926 2321 1062 2361 pruinis
1082 2321 1278 2354 Auctumno.

976 2370 996 2402 9
1011 2388 1031 2394 -
1047 2371 1100 2403 ⁴2.
1125 2371 1230 2404 nivali
1244 2389 1264 2395 -
1276 2370 1405 2414 Algido]
1430 2373 1551 2405 monte
1565 2372 1633 2404 La—

931 2420 986 2459 tii3
1027 2420 1171 2462 9elidwm
1204 2422 1308 2454 vocat
1332 2420 1396 2454 Od.
1426 2421 1464 2462 ⁴,
1489 2422 1551 2462 2⁴,
1577 2421 1629 2462 6.,

930 2469 1050 2511 nigrae
1063 2469 1211 2510 feracem
1227 2470 1357 2511 frondis
1378 2470 1442 2504 Od.
1460 2469 1482 2503 4
1493 2495 1501 2511 ‚
1519 2469 1557 2511 4,
1574 2471 1629 2504 58.

931 2519 970 2550 In
999 2527 1042 2550 eo
1073 2527 1115 2551 ac
1153 2527 1264 2561 prope
1305 2518 1432 2552 Albam
1472 2520 1630 2561 Longam

932 2568 1032 2600 erant
1079 2576 1212 2610 pascua
1249 2569 1489 2608 victimarum,
1535 2577 1629 2610 quae

932 2616 1068 2658 collegii
1103 2617 1313 2659 pontificum
1347 2618 1491 2660 propria
1528 2619 1630 2651 erant

932 2676 973 2699 ac
998 2675 1163 2708 magnam
1187 2669 1325 2710 partem
1347 2668 1481 2701 reditus
1504 2676 1628 2701 eorum
