<?xml version="1.0" encoding="UTF-8"?>
<!DOCTYPE html PUBLIC "-//W3C//DTD XHTML 1.0 Transitional//EN"
    "http://www.w3.org/TR/xhtml1/DTD/xhtml1-transitional.dtd">
<html xmlns="http://www.w3.org/1999/xhtml" xml:lang="en" lang="en">
 <head>
  <title>
</title>
<meta http-equiv="Content-Type" content="text/html;charset=utf-8" />
  <meta name='ocr-system' content='tesseract 3.04.00' />
  <meta name='ocr-capabilities' content='ocr_page ocr_carea ocr_par ocr_line ocrx_word'/>
</head>
<body>
  <div class='ocr_page' id='page_1' title='image "./qhoratiusflaccus12horauoft_0669.png"; bbox 0 0 1722 2904; ppageno 0'>
   <div class='ocr_carea' id='block_1_1' title="bbox 529 65 928 100">
    <p class='ocr_par' dir='ltr' id='par_1_1' title="bbox 529 65 928 100">
     <span class='ocr_line' id='line_1_1' title="bbox 529 65 928 100; baseline -0.005 0"><span class='ocrx_word' id='word_1_1' title='bbox 529 67 667 100; x_wconf 78' lang='lat' dir='ltr'><strong>LIBER.</strong></span> <span class='ocrx_word' id='word_1_2' title='bbox 715 65 845 100; x_wconf 68' lang='lat' dir='ltr'><strong>CARM.</strong></span> <span class='ocrx_word' id='word_1_3' title='bbox 872 67 928 99; x_wconf 91' lang='lat'><strong>111.</strong></span> 
     </span>
    </p>
   </div>
   <div class='ocr_carea' id='block_1_2' title="bbox 269 169 1262 469">
    <p class='ocr_par' dir='ltr' id='par_1_2' title="bbox 328 169 941 228">
     <span class='ocr_line' id='line_1_2' title="bbox 328 169 941 228; baseline -0.005 -14"><span class='ocrx_word' id='word_1_4' title='bbox 328 171 438 214; x_wconf 86' lang='lat' dir='ltr'><strong>Num</strong></span> <span class='ocrx_word' id='word_1_5' title='bbox 466 169 687 228; x_wconf 87' lang='lat' dir='ltr'><strong>viperinus</strong></span> <span class='ocrx_word' id='word_1_6' title='bbox 715 169 783 213; x_wconf 85' lang='lat' dir='ltr'><strong>bis</strong></span> <span class='ocrx_word' id='word_1_7' title='bbox 811 183 941 214; x_wconf 89' lang='lat' dir='ltr'><strong>eruor</strong></span> 
     </span>
    </p>

    <p class='ocr_par' dir='ltr' id='par_1_3' title="bbox 271 249 1197 389">
     <span class='ocr_line' id='line_1_3' title="bbox 271 249 1197 295; baseline -0.001 -2"><span class='ocrx_word' id='word_1_8' title='bbox 271 252 468 295; x_wconf 83' lang='lat' dir='ltr'><strong>lncoctus</strong></span> <span class='ocrx_word' id='word_1_9' title='bbox 496 250 644 294; x_wconf 85' lang='lat' dir='ltr'><strong>herbis</strong></span> <span class='ocrx_word' id='word_1_10' title='bbox 671 264 741 294; x_wconf 89' lang='lat' dir='ltr'><strong>me</strong></span> <span class='ocrx_word' id='word_1_11' title='bbox 770 249 947 294; x_wconf 81' lang='lat' dir='ltr'><strong>fefellit?</strong></span> <span class='ocrx_word' id='word_1_12' title='bbox 977 263 1032 293; x_wconf 90' lang='lat' dir='ltr'><strong>an</strong></span> <span class='ocrx_word' id='word_1_13' title='bbox 1062 249 1197 292; x_wconf 91' lang='lat' dir='ltr'><strong>malas</strong></span> 
     </span>
     <span class='ocr_line' id='line_1_4' title="bbox 328 331 931 389; baseline -0.003 -14"><span class='ocrx_word' id='word_1_14' title='bbox 328 331 507 375; x_wconf 82' lang='lat' dir='ltr'>Canidia</span> <span class='ocrx_word' id='word_1_15' title='bbox 535 331 730 375; x_wconf 86' lang='lat' dir='ltr'><strong>tractavit</strong></span> <span class='ocrx_word' id='word_1_16' title='bbox 757 331 931 389; x_wconf 77' lang='lat' dir='ltr'><strong>dapes?</strong></span> 
     </span>
    </p>

    <p class='ocr_par' dir='ltr' id='par_1_4' title="bbox 269 410 1262 469">
     <span class='ocr_line' id='line_1_5' title="bbox 269 410 1262 469; baseline -0.001 -15"><span class='ocrx_word' id='word_1_17' title='bbox 269 412 322 455; x_wconf 86' lang='lat' dir='ltr'><strong>Ut</strong></span> <span class='ocrx_word' id='word_1_18' title='bbox 348 414 615 469; x_wconf 79' lang='lat' dir='ltr'><strong>Argonautas</strong></span> <span class='ocrx_word' id='word_1_19' title='bbox 644 418 817 469; x_wconf 83' lang='lat' dir='ltr'><strong>praeter</strong></span> <span class='ocrx_word' id='word_1_20' title='bbox 846 425 998 456; x_wconf 87' lang='lat' dir='ltr'><strong>omnes</strong></span> <span class='ocrx_word' id='word_1_21' title='bbox 1031 410 1262 455; x_wconf 85' lang='lat' dir='ltr'><strong>candidum</strong></span> 
     </span>
    </p>
   </div>
   <div class='ocr_carea' id='block_1_3' title="bbox 327 492 962 542">
    <p class='ocr_par' dir='ltr' id='par_1_5' title="bbox 327 492 962 542">
     <span class='ocr_line' id='line_1_6' title="bbox 327 492 962 542; baseline 0 -7"><span class='ocrx_word' id='word_1_22' title='bbox 327 492 480 536; x_wconf 76' lang='lat' dir='ltr'><strong>Medea</strong></span> <span class='ocrx_word' id='word_1_23' title='bbox 509 493 661 535; x_wconf 89' lang='lat' dir='ltr'><strong>mirata</strong></span> <span class='ocrx_word' id='word_1_24' title='bbox 688 499 756 536; x_wconf 84' lang='lat' dir='ltr'><strong>est</strong></span> <span class='ocrx_word' id='word_1_25' title='bbox 784 492 962 542; x_wconf 86' lang='lat' dir='ltr'><strong>ducem,</strong></span> 
     </span>
    </p>
   </div>
   <div class='ocr_carea' id='block_1_4' title="bbox 1440 492 1488 534">
    <p class='ocr_par' dir='ltr' id='par_1_6' title="bbox 1440 492 1488 534">
     <span class='ocr_line' id='line_1_7' title="bbox 1440 492 1488 534; baseline 0 0"><span class='ocrx_word' id='word_1_26' title='bbox 1440 492 1488 534; x_wconf 89' lang='grc'><strong>10</strong></span> 
     </span>
    </p>
   </div>
   <div class='ocr_carea' id='block_1_5' title="bbox 272 572 998 630">
    <p class='ocr_par' dir='ltr' id='par_1_7' title="bbox 272 572 998 630">
     <span class='ocr_line' id='line_1_8' title="bbox 272 572 998 630; baseline 0 -15"><span class='ocrx_word' id='word_1_27' title='bbox 272 574 420 630; x_wconf 82' lang='lat' dir='ltr'><strong>Ignota</strong></span> <span class='ocrx_word' id='word_1_28' title='bbox 450 573 582 615; x_wconf 88' lang='lat' dir='ltr'><strong>tauris</strong></span> <span class='ocrx_word' id='word_1_29' title='bbox 611 572 870 630; x_wconf 86' lang='lat' dir='ltr'><strong>illigaturum</strong></span> <span class='ocrx_word' id='word_1_30' title='bbox 897 573 998 630; x_wconf 86' lang='lat' dir='ltr'><strong>iuga</strong></span> 
     </span>
    </p>
   </div>
   <div class='ocr_carea' id='block_1_6' title="bbox 273 652 1098 872">
    <p class='ocr_par' dir='ltr' id='par_1_8' title="bbox 273 652 1098 872">
     <span class='ocr_line' id='line_1_9' title="bbox 324 652 884 704; baseline 0 -8"><span class='ocrx_word' id='word_1_31' title='bbox 324 653 528 696; x_wconf 79' lang='lat' dir='ltr'><strong>Perunxit</strong></span> <span class='ocrx_word' id='word_1_32' title='bbox 555 652 637 696; x_wconf 88' lang='lat' dir='ltr'><strong>hoc</strong></span> <span class='ocrx_word' id='word_1_33' title='bbox 665 654 884 704; x_wconf 87' lang='lat' dir='ltr'><strong>1asonem;</strong></span> 
     </span>
     <span class='ocr_line' id='line_1_10' title="bbox 273 733 1098 790; baseline -0.001 -13"><span class='ocrx_word' id='word_1_34' title='bbox 273 735 364 778; x_wconf 79' lang='lat' dir='ltr'><strong>Hoc</strong></span> <span class='ocrx_word' id='word_1_35' title='bbox 393 733 594 777; x_wconf 89' lang='lat' dir='ltr'><strong>delibutis</strong></span> <span class='ocrx_word' id='word_1_36' title='bbox 624 733 715 776; x_wconf 88' lang='lat' dir='ltr'><strong>ulta</strong></span> <span class='ocrx_word' id='word_1_37' title='bbox 743 733 869 776; x_wconf 88' lang='lat' dir='ltr'><strong>donis</strong></span> <span class='ocrx_word' id='word_1_38' title='bbox 899 733 1098 790; x_wconf 83' lang='lat' dir='ltr'>pellicem</span> 
     </span>
     <span class='ocr_line' id='line_1_11' title="bbox 330 813 817 872; baseline -0.004 -14"><span class='ocrx_word' id='word_1_39' title='bbox 330 815 538 872; x_wconf 88' lang='lat' dir='ltr'><strong>Serpente</strong></span> <span class='ocrx_word' id='word_1_40' title='bbox 568 813 673 871; x_wconf 81' lang='lat' dir='ltr'><strong>fugit</strong></span> <span class='ocrx_word' id='word_1_41' title='bbox 706 814 817 857; x_wconf 88' lang='lat' dir='ltr'><strong>alite.</strong></span> 
     </span>
    </p>
   </div>
   <div class='ocr_carea' id='block_1_7' title="bbox 270 894 1319 952">
    <p class='ocr_par' dir='ltr' id='par_1_9' title="bbox 270 894 1319 952">
     <span class='ocr_line' id='line_1_12' title="bbox 270 894 1319 952; baseline -0.003 -13"><span class='ocrx_word' id='word_1_42' title='bbox 270 897 359 939; x_wconf 92' lang='lat' dir='ltr'><strong>Nec</strong></span> <span class='ocrx_word' id='word_1_43' title='bbox 387 901 529 938; x_wconf 89' lang='lat' dir='ltr'><strong>tantus</strong></span> <span class='ocrx_word' id='word_1_44' title='bbox 558 908 750 952; x_wconf 87' lang='lat' dir='ltr'><strong>unquam</strong></span> <span class='ocrx_word' id='word_1_45' title='bbox 779 895 972 938; x_wconf 89' lang='lat' dir='ltr'><strong>siderum</strong></span> <span class='ocrx_word' id='word_1_46' title='bbox 1002 894 1158 937; x_wconf 82' lang='lat' dir='ltr'><strong>insedit</strong></span> <span class='ocrx_word' id='word_1_47' title='bbox 1185 908 1319 952; x_wconf 89' lang='lat' dir='ltr'><strong>vapor</strong></span> 
     </span>
    </p>
   </div>
   <div class='ocr_carea' id='block_1_8' title="bbox 1435 895 1487 937">
    <p class='ocr_par' dir='ltr' id='par_1_10' title="bbox 1435 895 1487 937">
     <span class='ocr_line' id='line_1_13' title="bbox 1435 895 1487 937; baseline -0.019 0"><span class='ocrx_word' id='word_1_48' title='bbox 1435 895 1487 937; x_wconf 50' lang='lat'><strong>1¹5</strong></span> 
     </span>
    </p>
   </div>
   <div class='ocr_carea' id='block_1_9' title="bbox 118 1030 1444 1080">
    <p class='ocr_par' dir='ltr' id='par_1_11' title="bbox 118 1030 1444 1080">
     <span class='ocr_line' id='line_1_14' title="bbox 118 1030 1444 1080; baseline -0.002 -13"><span class='ocrx_word' id='word_1_49' title='bbox 118 1035 166 1067; x_wconf 80' lang='grc'><strong>’6.</strong></span> <span class='ocrx_word' id='word_1_50' title='bbox 182 1034 258 1066; x_wconf 78' lang='lat' dir='ltr'><strong>Non</strong></span> <span class='ocrx_word' id='word_1_51' title='bbox 269 1032 306 1066; x_wconf 92' lang='lat' dir='ltr'><strong>b.</strong></span> <span class='ocrx_word' id='word_1_52' title='bbox 323 1050 360 1057; x_wconf 89' lang='lat'><strong>·-</strong></span> <span class='ocrx_word' id='word_1_53' title='bbox 379 1034 411 1066; x_wconf 84' lang='lat'><strong>8.</strong></span> <span class='ocrx_word' id='word_1_54' title='bbox 430 1034 569 1080; x_wconf 75' lang='lat' dir='ltr'><strong>tentavit</strong></span> <span class='ocrx_word' id='word_1_55' title='bbox 581 1042 674 1066; x_wconf 89' lang='lat' dir='ltr'><strong>unus</strong></span> <span class='ocrx_word' id='word_1_56' title='bbox 686 1032 870 1065; x_wconf 86' lang='lat' dir='ltr'><strong>Torrentii.</strong></span> <span class='ocrx_word' id='word_1_57' title='bbox 886 1030 1043 1072; x_wconf 83' lang='lat' dir='ltr'><strong>(Ultimus</strong></span> <span class='ocrx_word' id='word_1_58' title='bbox 1054 1031 1159 1064; x_wconf 84' lang='lat' dir='ltr'><strong>huius</strong></span> <span class='ocrx_word' id='word_1_59' title='bbox 1171 1040 1282 1065; x_wconf 83' lang='lat' dir='ltr'><strong>carm.</strong></span> <span class='ocrx_word' id='word_1_60' title='bbox 1295 1041 1331 1064; x_wconf 88' lang='lat' dir='ltr'><strong>v.</strong></span> <span class='ocrx_word' id='word_1_61' title='bbox 1345 1033 1380 1064; x_wconf 88' lang='lat' dir='ltr'><strong>in</strong></span> <span class='ocrx_word' id='word_1_62' title='bbox 1391 1032 1444 1073; x_wconf 81' lang='lat' dir='ltr'><strong>B.)</strong></span> 
     </span>
    </p>
   </div>
   <div class='ocr_carea' id='block_1_10' title="bbox 0 1151 745 2570">
    <p class='ocr_par' dir='ltr' id='par_1_12' title="bbox 7 1151 745 2078">
     <span class='ocr_line' id='line_1_15' title="bbox 47 1151 740 1193; baseline -0.003 -9"><span class='ocrx_word' id='word_1_63' title='bbox 47 1160 105 1184; x_wconf 87' lang='lat' dir='ltr'><strong>ma</strong></span> <span class='ocrx_word' id='word_1_64' title='bbox 119 1153 223 1193; x_wconf 84' lang='lat' dir='ltr'><strong>capta</strong></span> <span class='ocrx_word' id='word_1_65' title='bbox 236 1153 326 1191; x_wconf 78' lang='lat' dir='ltr'><strong>est»;</strong></span> <span class='ocrx_word' id='word_1_66' title='bbox 345 1151 476 1184; x_wconf 78' lang='lat' dir='ltr'><strong>etenim</strong></span> <span class='ocrx_word' id='word_1_67' title='bbox 494 1151 546 1183; x_wconf 91' lang='lat' dir='ltr'><strong>sic</strong></span> <span class='ocrx_word' id='word_1_68' title='bbox 561 1152 740 1189; x_wconf 83' lang='lat' dir='ltr'>construe,</span> 
     </span>
     <span class='ocr_line' id='line_1_16' title="bbox 50 1201 745 1234; baseline -0.004 0"><span class='ocrx_word' id='word_1_69' title='bbox 50 1210 121 1234; x_wconf 91' lang='lat' dir='ltr'><strong>non</strong></span> <span class='ocrx_word' id='word_1_70' title='bbox 147 1209 253 1234; x_wconf 81' lang='lat' dir='ltr'><strong>vero:</strong></span> <span class='ocrx_word' id='word_1_71' title='bbox 291 1202 456 1234; x_wconf 83' lang='lat' dir='ltr'><strong>Iasonem</strong></span> <span class='ocrx_word' id='word_1_72' title='bbox 477 1201 656 1232; x_wconf 68' lang='lat' dir='ltr'><strong>candidum</strong></span> <span class='ocrx_word' id='word_1_73' title='bbox 677 1201 745 1232; x_wconf 76' lang='lat' dir='ltr'><strong>mi-</strong></span> 
     </span>
     <span class='ocr_line' id='line_1_17' title="bbox 44 1251 739 1291; baseline -0.003 -8"><span class='ocrx_word' id='word_1_74' title='bbox 44 1253 127 1283; x_wconf 76' lang='lat' dir='ltr'><strong>mea</strong></span> <span class='ocrx_word' id='word_1_75' title='bbox 151 1253 199 1283; x_wconf 66' lang='lat' dir='ltr'><strong>ou</strong></span> <span class='ocrx_word' id='word_1_76' title='bbox 226 1253 364 1290; x_wconf 68' lang='lat' dir='ltr'><strong>praeter</strong></span> <span class='ocrx_word' id='word_1_77' title='bbox 385 1259 495 1282; x_wconf 75' lang='lat' dir='ltr'><strong>omnes</strong></span> <span class='ocrx_word' id='word_1_78' title='bbox 515 1251 739 1291; x_wconf 66' lang='lat' dir='ltr'><strong>Arqonmas.</strong></span> 
     </span>
     <span class='ocr_line' id='line_1_18' title="bbox 45 1298 742 1341; baseline -0.003 -9"><span class='ocrx_word' id='word_1_79' title='bbox 45 1300 103 1332; x_wconf 87' lang='lat' dir='ltr'><strong>Sic</strong></span> <span class='ocrx_word' id='word_1_80' title='bbox 129 1300 310 1341; x_wconf 67' lang='lat' dir='ltr'><strong>Magnetes</strong></span> <span class='ocrx_word' id='word_1_81' title='bbox 339 1300 513 1332; x_wconf 85' lang='lat' dir='ltr'><strong>mirantur</strong></span> <span class='ocrx_word' id='word_1_82' title='bbox 541 1308 623 1331; x_wconf 90' lang='lat' dir='ltr'><strong>eum</strong></span> <span class='ocrx_word' id='word_1_83' title='bbox 647 1298 742 1340; x_wconf 90' lang='lat' dir='ltr'><strong>apud</strong></span> 
     </span>
     <span class='ocr_line' id='line_1_19' title="bbox 46 1343 742 1389; baseline -0.001 -8"><span class='ocrx_word' id='word_1_84' title='bbox 46 1348 145 1382; x_wconf 76' lang='lat' dir='ltr'><strong>Pind.</strong></span> <span class='ocrx_word' id='word_1_85' title='bbox 162 1349 264 1389; x_wconf 78' lang='lat' dir='ltr'><strong>Pyth.</strong></span> <span class='ocrx_word' id='word_1_86' title='bbox 280 1347 303 1381; x_wconf 75' lang='lat'>4</span> <span class='ocrx_word' id='word_1_87' title='bbox 314 1374 322 1388; x_wconf 91' lang='lat'>‚</span> <span class='ocrx_word' id='word_1_88' title='bbox 340 1349 382 1381; x_wconf 86' lang='lat'><strong>87</strong></span> <span class='ocrx_word' id='word_1_89' title='bbox 393 1358 401 1380; x_wconf 73' lang='grc' dir='ltr'>ε</span> <span class='ocrx_word' id='word_1_90' title='bbox 427 1344 519 1381; x_wconf 76' lang='grc' dir='ltr'><strong><em>Οῧτι</em></strong></span> <span class='ocrx_word' id='word_1_91' title='bbox 535 1358 610 1381; x_wconf 78' lang='grc' dir='ltr'><strong>που</strong></span> <span class='ocrx_word' id='word_1_92' title='bbox 626 1343 742 1389; x_wconf 80' lang='grc' dir='ltr'><em>οὗτος</em></span> 
     </span>
     <span class='ocr_line' id='line_1_20' title="bbox 43 1393 742 1444; baseline 0 -14"><span class='ocrx_word' id='word_1_93' title='bbox 43 1393 252 1438; x_wconf 75' lang='grc' dir='ltr'><strong>Ἀπόλλων,</strong></span> <span class='ocrx_word' id='word_1_94' title='bbox 286 1393 377 1430; x_wconf 74' lang='grc' dir='ltr'><em>οὐδὲ</em></span> <span class='ocrx_word' id='word_1_95' title='bbox 407 1395 488 1440; x_wconf 80' lang='grc' dir='ltr'><strong>μὰν</strong></span> <span class='ocrx_word' id='word_1_96' title='bbox 515 1395 742 1444; x_wconf 77' lang='grc' dir='ltr'><strong><em>χαλκάρμα-</em></strong></span> 
     </span>
     <span class='ocr_line' id='line_1_21' title="bbox 44 1443 739 1493; baseline -0.001 -13"><span class='ocrx_word' id='word_1_97' title='bbox 44 1443 113 1487; x_wconf 77' lang='grc' dir='ltr'><strong>τός</strong></span> <span class='ocrx_word' id='word_1_98' title='bbox 146 1445 231 1480; x_wconf 81' lang='grc' dir='ltr'><strong><em>ἐστι</em></strong></span> <span class='ocrx_word' id='word_1_99' title='bbox 261 1444 377 1487; x_wconf 74' lang='grc' dir='ltr'><strong><em>πόσις</em></strong></span> <span class='ocrx_word' id='word_1_100' title='bbox 406 1443 627 1493; x_wconf 80' lang='grc' dir='ltr'><strong><em>Ἀφροδίτας</em></strong></span> <span class='ocrx_word' id='word_1_101' title='bbox 660 1446 739 1479; x_wconf 80' lang='grc' dir='ltr'><strong>κτλ.</strong></span> 
     </span>
     <span class='ocr_line' id='line_1_22' title="bbox 45 1495 739 1537; baseline 0.003 -10"><span class='ocrx_word' id='word_1_102' title='bbox 45 1495 134 1528; x_wconf 82' lang='lat' dir='ltr'>Vide</span> <span class='ocrx_word' id='word_1_103' title='bbox 156 1496 270 1528; x_wconf 66' lang='lat' dir='ltr'><strong>nmo</strong></span> <span class='ocrx_word' id='word_1_104' title='bbox 290 1496 500 1537; x_wconf 60' lang='lat' dir='ltr'><strong>Gregoriano</strong></span> <span class='ocrx_word' id='word_1_105' title='bbox 522 1497 559 1528; x_wconf 89' lang='lat' dir='ltr'><strong>T.</strong></span> <span class='ocrx_word' id='word_1_106' title='bbox 580 1497 739 1529; x_wconf 81' lang='lat' dir='ltr'><strong>LXXXII.</strong></span> 
     </span>
     <span class='ocr_line' id='line_1_23' title="bbox 21 1544 743 1587; baseline 0.003 -11"><span class='ocrx_word' id='word_1_107' title='bbox 21 1576 30 1583; x_wconf 52' lang='lat'><em>„</em></span> <span class='ocrx_word' id='word_1_108' title='bbox 47 1562 85 1568; x_wconf 89' lang='lat'><strong>—</strong></span> <span class='ocrx_word' id='word_1_109' title='bbox 108 1544 235 1586; x_wconf 69' lang='lat' dir='ltr'><strong>dim]</strong></span> <span class='ocrx_word' id='word_1_110' title='bbox 262 1544 367 1577; x_wconf 89' lang='lat' dir='ltr'><strong>Plane</strong></span> <span class='ocrx_word' id='word_1_111' title='bbox 396 1545 581 1587; x_wconf 86' lang='lat' dir='ltr'><strong>singularis</strong></span> <span class='ocrx_word' id='word_1_112' title='bbox 605 1548 660 1578; x_wconf 88' lang='lat' dir='ltr'><strong>est</strong></span> <span class='ocrx_word' id='word_1_113' title='bbox 687 1546 743 1578; x_wconf 82' lang='lat' dir='ltr'><strong>sa-</strong></span> 
     </span>
     <span class='ocr_line' id='line_1_24' title="bbox 44 1593 742 1636; baseline 0.001 -10"><span class='ocrx_word' id='word_1_114' title='bbox 44 1593 129 1626; x_wconf 75' lang='lat' dir='ltr'><strong>bula</strong></span> <span class='ocrx_word' id='word_1_115' title='bbox 159 1594 196 1627; x_wconf 87' lang='lat' dir='ltr'><strong>in</strong></span> <span class='ocrx_word' id='word_1_116' title='bbox 222 1603 309 1627; x_wconf 83' lang='lat' dir='ltr'><strong>vase</strong></span> <span class='ocrx_word' id='word_1_117' title='bbox 334 1595 429 1636; x_wconf 78' lang='lat' dir='ltr'><strong>picto</strong></span> <span class='ocrx_word' id='word_1_118' title='bbox 456 1595 547 1627; x_wconf 79' lang='grc' dir='ltr'><strong>Μοη.</strong></span> <span class='ocrx_word' id='word_1_119' title='bbox 575 1596 654 1627; x_wconf 79' lang='lat' dir='ltr'><strong>lust.</strong></span> <span class='ocrx_word' id='word_1_120' title='bbox 679 1606 742 1628; x_wconf 84' lang='lat' dir='ltr'><strong>ar-</strong></span> 
     </span>
     <span class='ocr_line' id='line_1_25' title="bbox 43 1644 741 1684; baseline 0.003 -8"><span class='ocrx_word' id='word_1_121' title='bbox 43 1644 146 1677; x_wconf 76' lang='grc' dir='ltr'><strong>οΙιοοΙ.</strong></span> <span class='ocrx_word' id='word_1_122' title='bbox 169 1645 212 1676; x_wconf 92' lang='lat'><strong>11.</strong></span> <span class='ocrx_word' id='word_1_123' title='bbox 236 1644 274 1676; x_wconf 90' lang='lat' dir='ltr'><strong>T.</strong></span> <span class='ocrx_word' id='word_1_124' title='bbox 294 1644 364 1684; x_wconf 63' lang='lat'><strong>35„</strong></span> <span class='ocrx_word' id='word_1_125' title='bbox 388 1644 450 1676; x_wconf 90' lang='lat' dir='ltr'><strong>ubi</strong></span> <span class='ocrx_word' id='word_1_126' title='bbox 472 1646 575 1678; x_wconf 88' lang='lat' dir='ltr'><strong>Iason</strong></span> <span class='ocrx_word' id='word_1_127' title='bbox 597 1646 741 1678; x_wconf 88' lang='lat' dir='ltr'><strong>iamiam</strong></span> 
     </span>
     <span class='ocr_line' id='line_1_26' title="bbox 44 1693 740 1736; baseline 0.001 -10"><span class='ocrx_word' id='word_1_128' title='bbox 44 1702 64 1726; x_wconf 88' lang='lat' dir='ltr'><strong>a</strong></span> <span class='ocrx_word' id='word_1_129' title='bbox 88 1693 243 1726; x_wconf 85' lang='lat' dir='ltr'><strong>dracone</strong></span> <span class='ocrx_word' id='word_1_130' title='bbox 267 1693 462 1726; x_wconf 84' lang='lat' dir='ltr'><strong>devoratus</strong></span> <span class='ocrx_word' id='word_1_131' title='bbox 477 1695 656 1726; x_wconf 80' lang='lat' dir='ltr'><strong>Minervae</strong></span> <span class='ocrx_word' id='word_1_132' title='bbox 673 1704 740 1736; x_wconf 90' lang='lat' dir='ltr'><strong>ope</strong></span> 
     </span>
     <span class='ocr_line' id='line_1_27' title="bbox 44 1741 741 1779; baseline 0.001 -4"><span class='ocrx_word' id='word_1_133' title='bbox 44 1752 91 1776; x_wconf 84' lang='lat' dir='ltr'><strong>ex</strong></span> <span class='ocrx_word' id='word_1_134' title='bbox 123 1741 214 1775; x_wconf 86' lang='lat' dir='ltr'><strong>illius</strong></span> <span class='ocrx_word' id='word_1_135' title='bbox 245 1744 371 1779; x_wconf 83' lang='lat' dir='ltr'><strong>ventre</strong></span> <span class='ocrx_word' id='word_1_136' title='bbox 408 1745 586 1775; x_wconf 78' lang='lat' dir='ltr'><strong>extractus</strong></span> <span class='ocrx_word' id='word_1_137' title='bbox 617 1753 741 1776; x_wconf 86' lang='lat' dir='ltr'><strong>serva-</strong></span> 
     </span>
     <span class='ocr_line' id='line_1_28' title="bbox 45 1793 739 1835; baseline 0 -10"><span class='ocrx_word' id='word_1_138' title='bbox 45 1794 118 1832; x_wconf 79' lang='lat' dir='ltr'><strong>tur,</strong></span> <span class='ocrx_word' id='word_1_139' title='bbox 141 1793 182 1823; x_wconf 86' lang='lat' dir='ltr'><strong>ut</strong></span> <span class='ocrx_word' id='word_1_140' title='bbox 195 1793 394 1824; x_wconf 88' lang='lat' dir='ltr'><strong>monstrum</strong></span> <span class='ocrx_word' id='word_1_141' title='bbox 409 1793 539 1824; x_wconf 80' lang='lat' dir='ltr'><strong>vincat.</strong></span> <span class='ocrx_word' id='word_1_142' title='bbox 556 1811 591 1815; x_wconf 97' lang='lat'><strong>—</strong></span> <span class='ocrx_word' id='word_1_143' title='bbox 609 1794 739 1835; x_wconf 73' lang='lat' dir='ltr'><strong>[quota]</strong></span> 
     </span>
     <span class='ocr_line' id='line_1_29' title="bbox 45 1841 741 1882; baseline 0.003 -10"><span class='ocrx_word' id='word_1_144' title='bbox 45 1841 146 1882; x_wconf 71' lang='lat' dir='ltr'><strong>cinga</strong></span> <span class='ocrx_word' id='word_1_145' title='bbox 168 1842 274 1873; x_wconf 85' lang='lat' dir='ltr'><strong>antea</strong></span> <span class='ocrx_word' id='word_1_146' title='bbox 294 1841 431 1874; x_wconf 86' lang='lat' dir='ltr'><strong>insueta</strong></span> <span class='ocrx_word' id='word_1_147' title='bbox 455 1842 564 1874; x_wconf 91' lang='lat' dir='ltr'><strong>tauris</strong></span> <span class='ocrx_word' id='word_1_148' title='bbox 587 1841 652 1874; x_wconf 90' lang='lat' dir='ltr'><strong>illis</strong></span> <span class='ocrx_word' id='word_1_149' title='bbox 672 1843 741 1875; x_wconf 86' lang='lat' dir='ltr'><strong>im·</strong></span> 
     </span>
     <span class='ocr_line' id='line_1_30' title="bbox 7 1889 738 1932; baseline 0.003 -10"><span class='ocrx_word' id='word_1_150' title='bbox 7 1905 10 1907; x_wconf 95' lang='lat'>·</span> <span class='ocrx_word' id='word_1_151' title='bbox 43 1891 244 1932; x_wconf 76' lang='lat' dir='ltr'><strong>positurum</strong></span> <span class='ocrx_word' id='word_1_152' title='bbox 259 1889 319 1922; x_wconf 89' lang='lat' dir='ltr'><strong>tali</strong></span> <span class='ocrx_word' id='word_1_153' title='bbox 333 1899 473 1923; x_wconf 89' lang='lat' dir='ltr'><strong>veneno</strong></span> <span class='ocrx_word' id='word_1_154' title='bbox 495 1892 671 1932; x_wconf 80' lang='lat' dir='ltr'><strong>perunxit,</strong></span> <span class='ocrx_word' id='word_1_155' title='bbox 693 1901 738 1924; x_wconf 89' lang='lat' dir='ltr'><strong>ne</strong></span> 
     </span>
     <span class='ocr_line' id='line_1_31' title="bbox 44 1939 741 1982; baseline 0 -10"><span class='ocrx_word' id='word_1_156' title='bbox 44 1939 217 1979; x_wconf 82' lang='lat' dir='ltr'><strong>flammis,</strong></span> <span class='ocrx_word' id='word_1_157' title='bbox 242 1948 331 1982; x_wconf 81' lang='lat' dir='ltr'><strong>quas</strong></span> <span class='ocrx_word' id='word_1_158' title='bbox 354 1939 554 1981; x_wconf 84' lang='lat' dir='ltr'><strong>spirabant,</strong></span> <span class='ocrx_word' id='word_1_159' title='bbox 581 1939 741 1972; x_wconf 89' lang='lat' dir='ltr'><strong>laedere-</strong></span> 
     </span>
     <span class='ocr_line' id='line_1_32' title="bbox 44 1987 739 2029; baseline 0.001 -8"><span class='ocrx_word' id='word_1_160' title='bbox 44 1990 102 2021; x_wconf 77' lang='lat' dir='ltr'><strong>tur</strong></span> <span class='ocrx_word' id='word_1_161' title='bbox 135 1990 321 2029; x_wconf 81' lang='lat' dir='ltr'><strong>taeterque</strong></span> <span class='ocrx_word' id='word_1_162' title='bbox 358 1987 427 2020; x_wconf 89' lang='lat' dir='ltr'><strong>allii</strong></span> <span class='ocrx_word' id='word_1_163' title='bbox 455 1989 545 2020; x_wconf 91' lang='lat' dir='ltr'><strong>odor</strong></span> <span class='ocrx_word' id='word_1_164' title='bbox 581 1992 739 2022; x_wconf 83' lang='lat' dir='ltr'><strong>monstra</strong></span> 
     </span>
     <span class='ocr_line' id='line_1_33' title="bbox 43 2037 741 2078; baseline 0 -7"><span class='ocrx_word' id='word_1_165' title='bbox 43 2039 257 2071; x_wconf 67' lang='lat' dir='ltr'><strong>averteret.»</strong></span> <span class='ocrx_word' id='word_1_166' title='bbox 303 2039 378 2070; x_wconf 86' lang='lat' dir='ltr'><strong>Hoc</strong></span> <span class='ocrx_word' id='word_1_167' title='bbox 400 2047 483 2070; x_wconf 90' lang='lat' dir='ltr'><strong>cum</strong></span> <span class='ocrx_word' id='word_1_168' title='bbox 506 2037 608 2078; x_wconf 81' lang='lat' dir='ltr'><strong>dicit,</strong></span> <span class='ocrx_word' id='word_1_169' title='bbox 643 2040 741 2071; x_wconf 88' lang='lat' dir='ltr'><strong>ioca-</strong></span> 
     </span>
    </p>

    <p class='ocr_par' dir='ltr' id='par_1_13' title="bbox 0 2086 742 2570">
     <span class='ocr_line' id='line_1_34' title="bbox 33 2086 741 2128; baseline 0 -8"><span class='ocrx_word' id='word_1_170' title='bbox 33 2086 188 2123; x_wconf 82' lang='lat' dir='ltr'><strong>-bundus</strong></span> <span class='ocrx_word' id='word_1_171' title='bbox 213 2088 411 2128; x_wconf 82' lang='lat' dir='ltr'><strong>generatim</strong></span> <span class='ocrx_word' id='word_1_172' title='bbox 439 2088 626 2128; x_wconf 83' lang='lat' dir='ltr'><strong>signifieat,</strong></span> <span class='ocrx_word' id='word_1_173' title='bbox 662 2090 741 2120; x_wconf 90' lang='lat' dir='ltr'><strong>tan-</strong></span> 
     </span>
     <span class='ocr_line' id='line_1_35' title="bbox 0 2130 737 2177; baseline -0.001 -7"><span class='ocrx_word' id='word_1_174' title='bbox 0 2130 3 2137; x_wconf 72' lang='grc'><strong>“</strong></span> <span class='ocrx_word' id='word_1_175' title='bbox 44 2137 118 2170; x_wconf 78' lang='lat' dir='ltr'><strong>tam</strong></span> <span class='ocrx_word' id='word_1_176' title='bbox 150 2137 224 2169; x_wconf 85' lang='lat' dir='ltr'><strong>vim</strong></span> <span class='ocrx_word' id='word_1_177' title='bbox 247 2137 424 2177; x_wconf 84' lang='lat' dir='ltr'><strong>magicam</strong></span> <span class='ocrx_word' id='word_1_178' title='bbox 445 2137 481 2168; x_wconf 90' lang='lat' dir='ltr'><strong>in</strong></span> <span class='ocrx_word' id='word_1_179' title='bbox 507 2136 587 2169; x_wconf 91' lang='lat' dir='ltr'><strong>allio</strong></span> <span class='ocrx_word' id='word_1_180' title='bbox 608 2138 737 2176; x_wconf 87' lang='lat' dir='ltr'><strong>inesse,</strong></span> 
     </span>
     <span class='ocr_line' id='line_1_36' title="bbox 45 2185 740 2225; baseline -0.001 -6"><span class='ocrx_word' id='word_1_181' title='bbox 45 2187 85 2219; x_wconf 87' lang='lat' dir='ltr'><strong>ut</strong></span> <span class='ocrx_word' id='word_1_182' title='bbox 113 2185 197 2218; x_wconf 87' lang='lat' dir='ltr'><strong>nihil</strong></span> <span class='ocrx_word' id='word_1_183' title='bbox 232 2186 264 2217; x_wconf 89' lang='lat' dir='ltr'><strong>ei</strong></span> <span class='ocrx_word' id='word_1_184' title='bbox 295 2186 455 2225; x_wconf 82' lang='lat' dir='ltr'><strong>resistat,</strong></span> <span class='ocrx_word' id='word_1_185' title='bbox 494 2194 539 2218; x_wconf 89' lang='lat' dir='ltr'><strong>ne</strong></span> <span class='ocrx_word' id='word_1_186' title='bbox 574 2186 740 2219; x_wconf 89' lang='lat' dir='ltr'><strong>flammae</strong></span> 
     </span>
     <span class='ocr_line' id='line_1_37' title="bbox 45 2233 741 2276; baseline -0.001 -8"><span class='ocrx_word' id='word_1_187' title='bbox 45 2234 192 2276; x_wconf 83' lang='lat' dir='ltr'><strong>quidem</strong></span> <span class='ocrx_word' id='word_1_188' title='bbox 219 2233 297 2266; x_wconf 89' lang='lat' dir='ltr'><strong>illae</strong></span> <span class='ocrx_word' id='word_1_189' title='bbox 326 2236 565 2275; x_wconf 74' lang='lat' dir='ltr'><strong>portentosae.</strong></span> <span class='ocrx_word' id='word_1_190' title='bbox 598 2236 741 2276; x_wconf 82' lang='lat' dir='ltr'><strong>Nequa-</strong></span> 
     </span>
     <span class='ocr_line' id='line_1_38' title="bbox 45 2284 740 2325; baseline 0 -9"><span class='ocrx_word' id='word_1_191' title='bbox 45 2292 154 2325; x_wconf 88' lang='lat' dir='ltr'><strong>quam</strong></span> <span class='ocrx_word' id='word_1_192' title='bbox 187 2286 308 2316; x_wconf 82' lang='lat' dir='ltr'><strong>autem</strong></span> <span class='ocrx_word' id='word_1_193' title='bbox 339 2284 627 2325; x_wconf 84' lang='lat' dir='ltr'><strong>distinguendum</strong></span> <span class='ocrx_word' id='word_1_194' title='bbox 657 2293 740 2317; x_wconf 87' lang='lat' dir='ltr'><strong>eum</strong></span> 
     </span>
     <span class='ocr_line' id='line_1_39' title="bbox 45 2333 742 2366; baseline -0.001 0"><span class='ocrx_word' id='word_1_195' title='bbox 45 2333 180 2366; x_wconf 79' lang='lat' dir='ltr'><strong>editore</strong></span> <span class='ocrx_word' id='word_1_196' title='bbox 203 2333 384 2365; x_wconf 90' lang='lat' dir='ltr'><strong>Leidensi:</strong></span> <span class='ocrx_word' id='word_1_197' title='bbox 411 2334 474 2365; x_wconf 77' lang='lat' dir='ltr'><strong>«Ut</strong></span> <span class='ocrx_word' id='word_1_198' title='bbox 486 2350 503 2356; x_wconf 91' lang='lat'>-</span> <span class='ocrx_word' id='word_1_199' title='bbox 515 2351 531 2356; x_wconf 94' lang='lat'>-</span> <span class='ocrx_word' id='word_1_200' title='bbox 549 2334 677 2365; x_wconf 73' lang='lat' dir='ltr'><strong>mirata</strong></span> <span class='ocrx_word' id='word_1_201' title='bbox 696 2337 742 2366; x_wconf 78' lang='lat' dir='ltr'><strong>est</strong></span> 
     </span>
     <span class='ocr_line' id='line_1_40' title="bbox 44 2382 740 2424; baseline 0 -10"><span class='ocrx_word' id='word_1_202' title='bbox 44 2382 159 2414; x_wconf 70' lang='lat' dir='ltr'><strong>ducem</strong></span> <span class='ocrx_word' id='word_1_203' title='bbox 168 2383 287 2424; x_wconf 70' lang='lat' dir='ltr'><strong>Iynota</strong></span> <span class='ocrx_word' id='word_1_204' title='bbox 302 2383 410 2414; x_wconf 76' lang='lat' dir='ltr'><strong>tauris</strong></span> <span class='ocrx_word' id='word_1_205' title='bbox 424 2382 631 2423; x_wconf 62' lang='lat' dir='ltr'><strong>illigatur-um</strong></span> <span class='ocrx_word' id='word_1_206' title='bbox 647 2383 740 2424; x_wconf 61' lang='lat' dir='ltr'><strong>iuqm</strong></span> 
     </span>
     <span class='ocr_line' id='line_1_41' title="bbox 45 2431 739 2472; baseline 0.001 -9"><span class='ocrx_word' id='word_1_207' title='bbox 45 2431 206 2463; x_wconf 68' lang='lat' dir='ltr'><strong>Per-navit</strong></span> <span class='ocrx_word' id='word_1_208' title='bbox 218 2432 279 2463; x_wconf 81' lang='lat' dir='ltr'><strong>hoe</strong></span> <span class='ocrx_word' id='word_1_209' title='bbox 294 2432 455 2470; x_wconf 72' lang='lat' dir='ltr'><strong>Iasonem,</strong></span> <span class='ocrx_word' id='word_1_210' title='bbox 474 2433 511 2463; x_wconf 88' lang='lat' dir='ltr'><strong>ut</strong></span> <span class='ocrx_word' id='word_1_211' title='bbox 526 2432 602 2472; x_wconf 88' lang='lat' dir='ltr'><strong>pari</strong></span> <span class='ocrx_word' id='word_1_212' title='bbox 618 2440 739 2464; x_wconf 86' lang='lat' dir='ltr'><strong>amore</strong></span> 
     </span>
     <span class='ocr_line' id='line_1_42' title="bbox 45 2479 737 2521; baseline -0.001 -9"><span class='ocrx_word' id='word_1_213' title='bbox 45 2480 230 2521; x_wconf 85' lang='lat' dir='ltr'><strong>flagraret,</strong></span> <span class='ocrx_word' id='word_1_214' title='bbox 267 2489 338 2521; x_wconf 92' lang='lat' dir='ltr'><strong>quo</strong></span> <span class='ocrx_word' id='word_1_215' title='bbox 367 2481 441 2521; x_wconf 87' lang='lat' dir='ltr'><strong>ipsa</strong></span> <span class='ocrx_word' id='word_1_216' title='bbox 470 2479 674 2520; x_wconf 68' lang='lat' dir='ltr'><strong>flagrabat.»</strong></span> <span class='ocrx_word' id='word_1_217' title='bbox 702 2499 737 2503; x_wconf 95' lang='lat'><strong>—</strong></span> 
     </span>
     <span class='ocr_line' id='line_1_43' title="bbox 45 2528 742 2570; baseline 0 -10"><span class='ocrx_word' id='word_1_218' title='bbox 45 2528 215 2570; x_wconf 69' lang='lat' dir='ltr'><strong>Perumtie]</strong></span> <span class='ocrx_word' id='word_1_219' title='bbox 240 2529 462 2570; x_wconf 82' lang='lat' dir='ltr'><strong>Quapropter</strong></span> <span class='ocrx_word' id='word_1_220' title='bbox 484 2530 608 2570; x_wconf 87' lang='lat' dir='ltr'><strong>postea</strong></span> <span class='ocrx_word' id='word_1_221' title='bbox 624 2528 670 2561; x_wconf 91' lang='lat' dir='ltr'><strong>ab</strong></span> <span class='ocrx_word' id='word_1_222' title='bbox 686 2530 742 2560; x_wconf 87' lang='lat' dir='ltr'><strong>Ia-</strong></span> 
     </span>
    </p>
   </div>
   <div class='ocr_carea' id='block_1_11' title="bbox 788 1148 1493 2570">
    <p class='ocr_par' dir='ltr' id='par_1_14' title="bbox 790 1148 1493 1476">
     <span class='ocr_line' id='line_1_44' title="bbox 791 1148 1488 1190; baseline 0.001 -9"><span class='ocrx_word' id='word_1_223' title='bbox 791 1150 875 1181; x_wconf 89' lang='lat' dir='ltr'><strong>risio</strong></span> <span class='ocrx_word' id='word_1_224' title='bbox 909 1148 941 1182; x_wconf 74' lang='lat'><strong>4.</strong></span> <span class='ocrx_word' id='word_1_225' title='bbox 977 1158 1011 1190; x_wconf 86' lang='lat' dir='ltr'><strong>p.</strong></span> <span class='ocrx_word' id='word_1_226' title='bbox 1050 1149 1125 1181; x_wconf 73' lang='lat'><strong>⁴68,</strong></span> <span class='ocrx_word' id='word_1_227' title='bbox 1157 1148 1279 1188; x_wconf 86' lang='lat' dir='ltr'><strong>Lind.‚</strong></span> <span class='ocrx_word' id='word_1_228' title='bbox 1314 1158 1336 1181; x_wconf 92' lang='lat' dir='ltr'><strong>a</strong></span> <span class='ocrx_word' id='word_1_229' title='bbox 1365 1149 1488 1182; x_wconf 84' lang='lat' dir='ltr'><strong>Bothio</strong></span> 
     </span>
     <span class='ocr_line' id='line_1_45' title="bbox 791 1197 1491 1240; baseline 0 -10"><span class='ocrx_word' id='word_1_230' title='bbox 791 1199 1044 1240; x_wconf 86' lang='lat' dir='ltr'><strong>praetermissa</strong></span> <span class='ocrx_word' id='word_1_231' title='bbox 1058 1223 1065 1237; x_wconf 87' lang='lat'><strong>,</strong></span> <span class='ocrx_word' id='word_1_232' title='bbox 1091 1197 1187 1230; x_wconf 83' lang='lat' dir='ltr'><strong>baud</strong></span> <span class='ocrx_word' id='word_1_233' title='bbox 1209 1197 1491 1239; x_wconf 85' lang='lat' dir='ltr'><strong>improbabiliter</strong></span> 
     </span>
     <span class='ocr_line' id='line_1_46' title="bbox 792 1246 1490 1280; baseline 0 -1"><span class='ocrx_word' id='word_1_234' title='bbox 792 1248 844 1279; x_wconf 90' lang='lat' dir='ltr'><strong>sic</strong></span> <span class='ocrx_word' id='word_1_235' title='bbox 877 1248 1036 1280; x_wconf 78' lang='lat' dir='ltr'><strong>restituta</strong></span> <span class='ocrx_word' id='word_1_236' title='bbox 1067 1255 1086 1278; x_wconf 93' lang='lat' dir='ltr'><strong>a</strong></span> <span class='ocrx_word' id='word_1_237' title='bbox 1117 1246 1378 1279; x_wconf 87' lang='lat' dir='ltr'><strong>Lindemanno:</strong></span> <span class='ocrx_word' id='word_1_238' title='bbox 1412 1248 1490 1279; x_wconf 75' lang='lat' dir='ltr'><strong>Non</strong></span> 
     </span>
     <span class='ocr_line' id='line_1_47' title="bbox 790 1297 1489 1336; baseline 0 -8"><span class='ocrx_word' id='word_1_239' title='bbox 790 1306 1028 1336; x_wconf 66' lang='lat' dir='ltr'><strong>commoneto,</strong></span> <span class='ocrx_word' id='word_1_240' title='bbox 1080 1297 1169 1335; x_wconf 77' lang='lat' dir='ltr'><strong>quod</strong></span> <span class='ocrx_word' id='word_1_241' title='bbox 1199 1297 1357 1329; x_wconf 74' lang='lat' dir='ltr'><strong>draconis</strong></span> <span class='ocrx_word' id='word_1_242' title='bbox 1387 1297 1489 1329; x_wconf 73' lang='lat' dir='ltr'><strong>taetri</strong></span> 
     </span>
     <span class='ocr_line' id='line_1_48' title="bbox 791 1346 1490 1386; baseline 0.001 -9"><span class='ocrx_word' id='word_1_243' title='bbox 791 1346 937 1386; x_wconf 78' lang='lat' dir='ltr'><strong>oppressi</strong></span> <span class='ocrx_word' id='word_1_244' title='bbox 970 1346 1148 1386; x_wconf 61' lang='lat' dir='ltr'><strong>impetum</strong></span> <span class='ocrx_word' id='word_1_245' title='bbox 1184 1347 1277 1386; x_wconf 80' lang='lat' dir='ltr'><strong>Non,</strong></span> <span class='ocrx_word' id='word_1_246' title='bbox 1312 1347 1403 1385; x_wconf 72' lang='lat' dir='ltr'><strong>quod</strong></span> <span class='ocrx_word' id='word_1_247' title='bbox 1426 1347 1490 1378; x_wconf 78' lang='lat' dir='ltr'><strong>do-</strong></span> 
     </span>
     <span class='ocr_line' id='line_1_49' title="bbox 790 1396 1489 1437; baseline 0 -10"><span class='ocrx_word' id='word_1_248' title='bbox 790 1396 861 1427; x_wconf 82' lang='lat' dir='ltr'><strong>mui</strong></span> <span class='ocrx_word' id='word_1_249' title='bbox 880 1396 950 1427; x_wconf 76' lang='lat' dir='ltr'><strong>vim</strong></span> <span class='ocrx_word' id='word_1_250' title='bbox 976 1398 1156 1427; x_wconf 74' lang='lat' dir='ltr'><strong>tauromm</strong></span> <span class='ocrx_word' id='word_1_251' title='bbox 1176 1398 1208 1427; x_wconf 79' lang='lat' dir='ltr'><strong>et</strong></span> <span class='ocrx_word' id='word_1_252' title='bbox 1227 1396 1345 1437; x_wconf 63' lang='lat' dir='ltr'><strong>segetis</strong></span> <span class='ocrx_word' id='word_1_253' title='bbox 1368 1403 1489 1427; x_wconf 84' lang='lat' dir='ltr'><strong>arma-</strong></span> 
     </span>
     <span class='ocr_line' id='line_1_50' title="bbox 791 1442 1493 1476; baseline 0.006 -1"><span class='ocrx_word' id='word_1_254' title='bbox 791 1447 845 1476; x_wconf 77' lang='lat' dir='ltr'><strong>lae</strong></span> <span class='ocrx_word' id='word_1_255' title='bbox 866 1453 997 1476; x_wconf 68' lang='lat' dir='ltr'><strong>ananus.</strong></span> <span class='ocrx_word' id='word_1_256' title='bbox 1484 1442 1493 1448; x_wconf 75' lang='grc'><em>’</em></span> 
     </span>
    </p>

    <p class='ocr_par' dir='ltr' id='par_1_15' title="bbox 788 1493 1490 2470">
     <span class='ocr_line' id='line_1_51' title="bbox 836 1493 1487 1536; baseline 0 -10"><span class='ocrx_word' id='word_1_257' title='bbox 836 1494 888 1526; x_wconf 80' lang='grc'><strong>43.</strong></span> <span class='ocrx_word' id='word_1_258' title='bbox 904 1493 957 1527; x_wconf 78' lang='lat'><strong>⁴4.</strong></span> <span class='ocrx_word' id='word_1_259' title='bbox 981 1495 1051 1526; x_wconf 87' lang='lat' dir='ltr'><strong>Hoc</strong></span> <span class='ocrx_word' id='word_1_260' title='bbox 1065 1494 1359 1536; x_wconf 70' lang='lat' dir='ltr'><strong>delibutis-donis]</strong></span> <span class='ocrx_word' id='word_1_261' title='bbox 1376 1493 1487 1536; x_wconf 75' lang='lat' dir='ltr'><strong>«palla</strong></span> 
     </span>
     <span class='ocr_line' id='line_1_52' title="bbox 792 1543 1487 1576; baseline 0.001 -1"><span class='ocrx_word' id='word_1_262' title='bbox 792 1545 828 1575; x_wconf 89' lang='lat' dir='ltr'><strong>et</strong></span> <span class='ocrx_word' id='word_1_263' title='bbox 842 1552 974 1576; x_wconf 87' lang='lat' dir='ltr'><strong>corona</strong></span> <span class='ocrx_word' id='word_1_264' title='bbox 989 1543 1237 1575; x_wconf 87' lang='lat' dir='ltr'><strong>huiuscemodi</strong></span> <span class='ocrx_word' id='word_1_265' title='bbox 1251 1543 1487 1576; x_wconf 87' lang='lat' dir='ltr'><strong>medicamine</strong></span> 
     </span>
     <span class='ocr_line' id='line_1_53' title="bbox 790 1591 1485 1634; baseline 0 -10"><span class='ocrx_word' id='word_1_266' title='bbox 790 1593 1005 1634; x_wconf 78' lang='lat' dir='ltr'><strong>perunctis.»</strong></span> <span class='ocrx_word' id='word_1_267' title='bbox 1033 1611 1070 1615; x_wconf 86' lang='lat'>—</span> <span class='ocrx_word' id='word_1_268' title='bbox 1090 1592 1253 1634; x_wconf 65' lang='lat' dir='ltr'><strong>pellican]</strong></span> <span class='ocrx_word' id='word_1_269' title='bbox 1286 1591 1485 1632; x_wconf 77' lang='lat' dir='ltr'><strong>«Glaucen,</strong></span> 
     </span>
     <span class='ocr_line' id='line_1_54' title="bbox 791 1640 1486 1683; baseline 0.003 -11"><span class='ocrx_word' id='word_1_270' title='bbox 791 1640 859 1681; x_wconf 88' lang='lat' dir='ltr'><strong>(alii</strong></span> <span class='ocrx_word' id='word_1_271' title='bbox 886 1642 1059 1673; x_wconf 86' lang='lat' dir='ltr'><strong>Creusam</strong></span> <span class='ocrx_word' id='word_1_272' title='bbox 1073 1640 1285 1683; x_wconf 87' lang='lat' dir='ltr'><strong>appellant),</strong></span> <span class='ocrx_word' id='word_1_273' title='bbox 1310 1641 1486 1681; x_wconf 82' lang='lat' dir='ltr'><strong>Creontis,</strong></span> 
     </span>
     <span class='ocr_line' id='line_1_55' title="bbox 789 1689 1488 1732; baseline 0.003 -11"><span class='ocrx_word' id='word_1_274' title='bbox 789 1691 883 1731; x_wconf 87' lang='lat' dir='ltr'><strong>regis</strong></span> <span class='ocrx_word' id='word_1_275' title='bbox 896 1690 1082 1729; x_wconf 84' lang='lat' dir='ltr'><strong>Corinthii,</strong></span> <span class='ocrx_word' id='word_1_276' title='bbox 1107 1689 1235 1728; x_wconf 85' lang='lat' dir='ltr'><strong>filiam,</strong></span> <span class='ocrx_word' id='word_1_277' title='bbox 1260 1699 1369 1732; x_wconf 88' lang='lat' dir='ltr'><strong>quam</strong></span> <span class='ocrx_word' id='word_1_278' title='bbox 1384 1692 1488 1723; x_wconf 89' lang='lat' dir='ltr'><strong>Iason</strong></span> 
     </span>
     <span class='ocr_line' id='line_1_56' title="bbox 790 1739 1486 1778; baseline 0 -7"><span class='ocrx_word' id='word_1_279' title='bbox 790 1740 826 1771; x_wconf 93' lang='lat' dir='ltr'><strong>in</strong></span> <span class='ocrx_word' id='word_1_280' title='bbox 868 1740 1132 1771; x_wconf 79' lang='lat' dir='ltr'><strong>matrimonium</strong></span> <span class='ocrx_word' id='word_1_281' title='bbox 1177 1739 1348 1772; x_wconf 84' lang='lat' dir='ltr'><strong>ducturus</strong></span> <span class='ocrx_word' id='word_1_282' title='bbox 1386 1741 1464 1772; x_wconf 88' lang='lat' dir='ltr'><strong>erat</strong></span> <span class='ocrx_word' id='word_1_283' title='bbox 1478 1766 1486 1778; x_wconf 93' lang='lat'><strong>,</strong></span> 
     </span>
     <span class='ocr_line' id='line_1_57' title="bbox 790 1789 1488 1831; baseline 0.001 -10"><span class='ocrx_word' id='word_1_284' title='bbox 790 1798 905 1830; x_wconf 90' lang='lat' dir='ltr'><strong>aeque</strong></span> <span class='ocrx_word' id='word_1_285' title='bbox 928 1789 1002 1821; x_wconf 86' lang='lat' dir='ltr'><strong>aeri</strong></span> <span class='ocrx_word' id='word_1_286' title='bbox 1022 1798 1163 1821; x_wconf 86' lang='lat' dir='ltr'><strong>veneno</strong></span> <span class='ocrx_word' id='word_1_287' title='bbox 1184 1789 1355 1830; x_wconf 88' lang='lat' dir='ltr'><strong>perdidit,</strong></span> <span class='ocrx_word' id='word_1_288' title='bbox 1379 1791 1488 1831; x_wconf 86' lang='lat' dir='ltr'><strong>atque</strong></span> 
     </span>
     <span class='ocr_line' id='line_1_58' title="bbox 790 1838 1488 1879; baseline 0 -8"><span class='ocrx_word' id='word_1_289' title='bbox 790 1841 845 1871; x_wconf 91' lang='lat' dir='ltr'><strong>est</strong></span> <span class='ocrx_word' id='word_1_290' title='bbox 876 1839 962 1878; x_wconf 85' lang='lat' dir='ltr'><strong>hoc,</strong></span> <span class='ocrx_word' id='word_1_291' title='bbox 998 1838 1095 1879; x_wconf 80' lang='lat' dir='ltr'><strong>quod</strong></span> <span class='ocrx_word' id='word_1_292' title='bbox 1123 1839 1159 1870; x_wconf 93' lang='lat' dir='ltr'><strong>in</strong></span> <span class='ocrx_word' id='word_1_293' title='bbox 1196 1838 1369 1871; x_wconf 83' lang='lat' dir='ltr'><strong>intestinis</strong></span> <span class='ocrx_word' id='word_1_294' title='bbox 1396 1839 1488 1872; x_wconf 84' lang='lat' dir='ltr'><strong>meis</strong></span> 
     </span>
     <span class='ocr_line' id='line_1_59' title="bbox 789 1888 1488 1920; baseline 0 0"><span class='ocrx_word' id='word_1_295' title='bbox 789 1889 926 1920; x_wconf 84' lang='lat' dir='ltr'><strong>saevire</strong></span> <span class='ocrx_word' id='word_1_296' title='bbox 950 1888 1076 1920; x_wconf 90' lang='lat' dir='ltr'><strong>sentio.</strong></span> <span class='ocrx_word' id='word_1_297' title='bbox 1090 1900 1105 1916; x_wconf 71' lang='lat' dir='ltr'>n</span> <span class='ocrx_word' id='word_1_298' title='bbox 1151 1888 1235 1919; x_wconf 89' lang='lat' dir='ltr'><strong>Erat</strong></span> <span class='ocrx_word' id='word_1_299' title='bbox 1266 1889 1388 1919; x_wconf 86' lang='lat' dir='ltr'><strong>autem</strong></span> <span class='ocrx_word' id='word_1_300' title='bbox 1422 1897 1488 1920; x_wconf 90' lang='lat' dir='ltr'><strong>na—</strong></span> 
     </span>
     <span class='ocr_line' id='line_1_60' title="bbox 788 1936 1490 1979; baseline 0.003 -11"><span class='ocrx_word' id='word_1_301' title='bbox 788 1937 928 1979; x_wconf 86' lang='lat' dir='ltr'><strong>phthas.</strong></span> <span class='ocrx_word' id='word_1_302' title='bbox 947 1936 1033 1968; x_wconf 91' lang='lat' dir='ltr'><strong>Plin.</strong></span> <span class='ocrx_word' id='word_1_303' title='bbox 1051 1937 1093 1968; x_wconf 88' lang='lat' dir='ltr'><strong>H.</strong></span> <span class='ocrx_word' id='word_1_304' title='bbox 1108 1938 1148 1968; x_wconf 87' lang='lat' dir='ltr'><strong>N.</strong></span> <span class='ocrx_word' id='word_1_305' title='bbox 1166 1937 1199 1975; x_wconf 75' lang='lat'><strong>2,</strong></span> <span class='ocrx_word' id='word_1_306' title='bbox 1214 1937 1294 1968; x_wconf 74' lang='lat'>⁴05:</span> <span class='ocrx_word' id='word_1_307' title='bbox 1318 1937 1371 1968; x_wconf 74' lang='lat' dir='ltr'><strong>Ita</strong></span> <span class='ocrx_word' id='word_1_308' title='bbox 1379 1937 1490 1979; x_wconf 74' lang='lat' dir='ltr'><strong>fertur</strong></span> 
     </span>
     <span class='ocr_line' id='line_1_61' title="bbox 789 1986 1488 2026; baseline 0 -8"><span class='ocrx_word' id='word_1_309' title='bbox 789 1996 813 2018; x_wconf 89' lang='grc' dir='ltr'><em>α</em></span> <span class='ocrx_word' id='word_1_310' title='bbox 837 1987 955 2018; x_wconf 75' lang='lat' dir='ltr'><strong>Medea</strong></span> <span class='ocrx_word' id='word_1_311' title='bbox 980 1986 1128 2026; x_wconf 79' lang='lat' dir='ltr'><strong>pellicem</strong></span> <span class='ocrx_word' id='word_1_312' title='bbox 1156 1989 1362 2024; x_wconf 75' lang='lat' dir='ltr'><strong>crematam,</strong></span> <span class='ocrx_word' id='word_1_313' title='bbox 1392 1989 1488 2026; x_wconf 70' lang='lat' dir='ltr'><strong>posc—</strong></span> 
     </span>
     <span class='ocr_line' id='line_1_62' title="bbox 790 2036 1488 2077; baseline 0 -10"><span class='ocrx_word' id='word_1_314' title='bbox 790 2045 891 2077; x_wconf 77' lang='lat' dir='ltr'><strong>quam</strong></span> <span class='ocrx_word' id='word_1_315' title='bbox 912 2037 1149 2077; x_wconf 74' lang='lat' dir='ltr'><strong>sacrificatura</strong></span> <span class='ocrx_word' id='word_1_316' title='bbox 1169 2036 1214 2067; x_wconf 82' lang='lat' dir='ltr'><strong>ad</strong></span> <span class='ocrx_word' id='word_1_317' title='bbox 1235 2044 1318 2067; x_wconf 79' lang='lat' dir='ltr'><strong>aras</strong></span> <span class='ocrx_word' id='word_1_318' title='bbox 1342 2044 1488 2068; x_wconf 76' lang='lat' dir='ltr'><strong>accesse-</strong></span> 
     </span>
     <span class='ocr_line' id='line_1_63' title="bbox 789 2085 1487 2128; baseline 0 -10"><span class='ocrx_word' id='word_1_319' title='bbox 789 2089 862 2125; x_wconf 74' lang='lat' dir='ltr'><strong>rat,</strong></span> <span class='ocrx_word' id='word_1_320' title='bbox 886 2094 1013 2117; x_wconf 85' lang='lat' dir='ltr'><strong>corona</strong></span> <span class='ocrx_word' id='word_1_321' title='bbox 1027 2085 1104 2126; x_wconf 72' lang='lat' dir='ltr'><strong>ique</strong></span> <span class='ocrx_word' id='word_1_322' title='bbox 1120 2088 1233 2125; x_wconf 77' lang='lat' dir='ltr'><strong>rapta.</strong></span> <span class='ocrx_word' id='word_1_323' title='bbox 1254 2103 1291 2108; x_wconf 84' lang='lat'><strong>—</strong></span> <span class='ocrx_word' id='word_1_324' title='bbox 1318 2085 1487 2128; x_wconf 72' lang='lat' dir='ltr'><strong>serpente]</strong></span> 
     </span>
     <span class='ocr_line' id='line_1_64' title="bbox 790 2132 1485 2174; baseline 0.003 -10"><span class='ocrx_word' id='word_1_325' title='bbox 790 2143 918 2166; x_wconf 82' lang='lat' dir='ltr'><strong>«curru</strong></span> <span class='ocrx_word' id='word_1_326' title='bbox 950 2133 1165 2170; x_wconf 84' lang='lat' dir='ltr'><strong>draconibus</strong></span> <span class='ocrx_word' id='word_1_327' title='bbox 1202 2132 1303 2166; x_wconf 83' lang='lat' dir='ltr'><strong>alatis</strong></span> <span class='ocrx_word' id='word_1_328' title='bbox 1341 2135 1461 2166; x_wconf 88' lang='lat' dir='ltr'><strong>iuncto</strong></span> <span class='ocrx_word' id='word_1_329' title='bbox 1476 2160 1485 2174; x_wconf 89' lang='lat'><strong>,</strong></span> 
     </span>
     <span class='ocr_line' id='line_1_65' title="bbox 791 2182 1488 2225; baseline 0.001 -10"><span class='ocrx_word' id='word_1_330' title='bbox 791 2192 900 2225; x_wconf 90' lang='lat' dir='ltr'><strong>quem</strong></span> <span class='ocrx_word' id='word_1_331' title='bbox 923 2183 1046 2215; x_wconf 82' lang='lat' dir='ltr'><strong>habuit</strong></span> <span class='ocrx_word' id='word_1_332' title='bbox 1068 2182 1113 2214; x_wconf 89' lang='lat' dir='ltr'><strong>ab</strong></span> <span class='ocrx_word' id='word_1_333' title='bbox 1136 2191 1203 2214; x_wconf 87' lang='lat' dir='ltr'><strong>avo</strong></span> <span class='ocrx_word' id='word_1_334' title='bbox 1226 2182 1325 2222; x_wconf 89' lang='lat' dir='ltr'><strong>Sole,</strong></span> <span class='ocrx_word' id='word_1_335' title='bbox 1349 2192 1416 2225; x_wconf 90' lang='lat' dir='ltr'><strong>per</strong></span> <span class='ocrx_word' id='word_1_336' title='bbox 1429 2186 1488 2216; x_wconf 73' lang='lat' dir='ltr'><strong>ae-</strong></span> 
     </span>
     <span class='ocr_line' id='line_1_66' title="bbox 790 2232 1485 2273; baseline 0.001 -9"><span class='ocrx_word' id='word_1_337' title='bbox 790 2241 866 2264; x_wconf 85' lang='lat' dir='ltr'><strong>rem</strong></span> <span class='ocrx_word' id='word_1_338' title='bbox 888 2234 1014 2264; x_wconf 84' lang='lat' dir='ltr'><strong>avecta</strong></span> <span class='ocrx_word' id='word_1_339' title='bbox 1035 2232 1191 2264; x_wconf 81' lang='lat' dir='ltr'><strong>Athenas</strong></span> <span class='ocrx_word' id='word_1_340' title='bbox 1212 2232 1379 2273; x_wconf 78' lang='lat' dir='ltr'><strong>aufugit.»</strong></span> <span class='ocrx_word' id='word_1_341' title='bbox 1414 2232 1485 2265; x_wconf 82' lang='lat' dir='ltr'><strong>Ctr.</strong></span> 
     </span>
     <span class='ocr_line' id='line_1_67' title="bbox 790 2281 1484 2324; baseline 0 -10"><span class='ocrx_word' id='word_1_342' title='bbox 790 2283 852 2324; x_wconf 88' lang='lat' dir='ltr'><strong>Ep.</strong></span> <span class='ocrx_word' id='word_1_343' title='bbox 877 2283 917 2320; x_wconf 84' lang='lat'><strong>5,</strong></span> <span class='ocrx_word' id='word_1_344' title='bbox 942 2282 995 2314; x_wconf 83' lang='grc'><strong>63.</strong></span> <span class='ocrx_word' id='word_1_345' title='bbox 1025 2301 1061 2304; x_wconf 92' lang='grc'>-</span> <span class='ocrx_word' id='word_1_346' title='bbox 1086 2281 1181 2323; x_wconf 75' lang='lat' dir='ltr'><strong>alite]</strong></span> <span class='ocrx_word' id='word_1_347' title='bbox 1205 2283 1245 2313; x_wconf 89' lang='lat' dir='ltr'><strong>ut</strong></span> <span class='ocrx_word' id='word_1_348' title='bbox 1266 2282 1331 2314; x_wconf 92' lang='lat' dir='ltr'><strong>Od.</strong></span> <span class='ocrx_word' id='word_1_349' title='bbox 1356 2281 1394 2321; x_wconf 70' lang='lat'><strong>4,</strong></span> <span class='ocrx_word' id='word_1_350' title='bbox 1427 2283 1484 2321; x_wconf 81' lang='grc' dir='ltr'><strong>Η,</strong></span> 
     </span>
     <span class='ocr_line' id='line_1_68' title="bbox 790 2331 1487 2372; baseline 0 -9"><span class='ocrx_word' id='word_1_351' title='bbox 790 2332 850 2364; x_wconf 74' lang='lat'><strong>26:</strong></span> <span class='ocrx_word' id='word_1_352' title='bbox 883 2331 952 2363; x_wconf 82' lang='lat' dir='ltr'><strong>ales</strong></span> <span class='ocrx_word' id='word_1_353' title='bbox 972 2332 1126 2372; x_wconf 75' lang='lat' dir='ltr'><strong>Peqasus.</strong></span> <span class='ocrx_word' id='word_1_354' title='bbox 1175 2331 1394 2372; x_wconf 87' lang='lat' dir='ltr'><strong>Frequenter</strong></span> <span class='ocrx_word' id='word_1_355' title='bbox 1421 2339 1487 2362; x_wconf 89' lang='lat' dir='ltr'><strong>au-</strong></span> 
     </span>
     <span class='ocr_line' id='line_1_69' title="bbox 791 2380 1487 2421; baseline 0 -9"><span class='ocrx_word' id='word_1_356' title='bbox 791 2383 864 2412; x_wconf 89' lang='lat' dir='ltr'><strong>tem</strong></span> <span class='ocrx_word' id='word_1_357' title='bbox 897 2381 932 2411; x_wconf 91' lang='lat' dir='ltr'><strong>in</strong></span> <span class='ocrx_word' id='word_1_358' title='bbox 963 2380 1056 2411; x_wconf 89' lang='lat' dir='ltr'><strong>vasis</strong></span> <span class='ocrx_word' id='word_1_359' title='bbox 1086 2380 1188 2421; x_wconf 84' lang='lat' dir='ltr'><strong>pictis</strong></span> <span class='ocrx_word' id='word_1_360' title='bbox 1221 2380 1487 2421; x_wconf 84' lang='lat' dir='ltr'><strong>conspiciuntur</strong></span> 
     </span>
     <span class='ocr_line' id='line_1_70' title="bbox 791 2429 1201 2470; baseline -0.002 -9"><span class='ocrx_word' id='word_1_361' title='bbox 791 2429 878 2461; x_wconf 80' lang='lat' dir='ltr'><strong>tales</strong></span> <span class='ocrx_word' id='word_1_362' title='bbox 900 2431 1086 2470; x_wconf 88' lang='lat' dir='ltr'><strong>serpentes</strong></span> <span class='ocrx_word' id='word_1_363' title='bbox 1110 2429 1201 2461; x_wconf 84' lang='lat' dir='ltr'><strong>alati.</strong></span> 
     </span>
    </p>

    <p class='ocr_par' dir='ltr' id='par_1_16' title="bbox 792 2477 1488 2570">
     <span class='ocr_line' id='line_1_71' title="bbox 836 2477 1488 2520; baseline 0 -10"><span class='ocrx_word' id='word_1_364' title='bbox 836 2480 912 2510; x_wconf 54' lang='lat'><strong>⁴54</strong></span> <span class='ocrx_word' id='word_1_365' title='bbox 920 2479 952 2510; x_wconf 91' lang='lat'><strong>8.</strong></span> <span class='ocrx_word' id='word_1_366' title='bbox 967 2479 1113 2510; x_wconf 80' lang='lat' dir='ltr'><strong>siderum</strong></span> <span class='ocrx_word' id='word_1_367' title='bbox 1124 2478 1206 2519; x_wconf 50' lang='lat' dir='ltr'><strong>cen]</strong></span> <span class='ocrx_word' id='word_1_368' title='bbox 1216 2477 1332 2510; x_wconf 79' lang='lat' dir='ltr'><strong>«calor</strong></span> <span class='ocrx_word' id='word_1_369' title='bbox 1343 2487 1488 2520; x_wconf 89' lang='lat' dir='ltr'><strong>oppres-</strong></span> 
     </span>
     <span class='ocr_line' id='line_1_72' title="bbox 792 2527 1484 2570; baseline 0.001 -11"><span class='ocrx_word' id='word_1_370' title='bbox 792 2528 836 2560; x_wconf 93' lang='lat' dir='ltr'><strong>sit</strong></span> <span class='ocrx_word' id='word_1_371' title='bbox 858 2528 993 2560; x_wconf 87' lang='lat' dir='ltr'><strong>aridam</strong></span> <span class='ocrx_word' id='word_1_372' title='bbox 1016 2527 1212 2570; x_wconf 69' lang='lat' dir='ltr'><strong>Apuliam.»</strong></span> <span class='ocrx_word' id='word_1_373' title='bbox 1249 2528 1341 2568; x_wconf 80' lang='lat' dir='ltr'><strong>Virg.</strong></span> <span class='ocrx_word' id='word_1_374' title='bbox 1368 2529 1428 2560; x_wconf 91' lang='lat' dir='ltr'><strong>Ge.</strong></span> <span class='ocrx_word' id='word_1_375' title='bbox 1451 2528 1484 2566; x_wconf 76' lang='lat'><strong>2,</strong></span> 
     </span>
    </p>
   </div>
   <div class='ocr_carea' id='block_1_12' title="bbox 46 2577 1487 2620">
    <p class='ocr_par' dir='ltr' id='par_1_17' title="bbox 46 2577 1487 2620">
     <span class='ocr_line' id='line_1_73' title="bbox 46 2577 1487 2620; baseline -0.001 -10"><span class='ocrx_word' id='word_1_376' title='bbox 46 2586 134 2610; x_wconf 85' lang='lat' dir='ltr'><strong>sone</strong></span> <span class='ocrx_word' id='word_1_377' title='bbox 167 2578 305 2619; x_wconf 86' lang='lat' dir='ltr'><strong>prodita</strong></span> <span class='ocrx_word' id='word_1_378' title='bbox 339 2578 434 2620; x_wconf 92' lang='lat' dir='ltr'><strong>apud</strong></span> <span class='ocrx_word' id='word_1_379' title='bbox 466 2578 616 2610; x_wconf 85' lang='lat' dir='ltr'><strong>Ennium</strong></span> <span class='ocrx_word' id='word_1_380' title='bbox 650 2578 740 2610; x_wconf 87' lang='lat' dir='ltr'><strong>haec</strong></span> <span class='ocrx_word' id='word_1_381' title='bbox 792 2577 995 2609; x_wconf 72' lang='grc' dir='ltr'><strong>353ῑ1ιὲηιεα</strong></span> <span class='ocrx_word' id='word_1_382' title='bbox 1007 2578 1166 2619; x_wconf 73' lang='lat' dir='ltr'><strong>sitifindit.</strong></span> <span class='ocrx_word' id='word_1_383' title='bbox 1177 2577 1487 2617; x_wconf 70' lang='lat' dir='ltr'><strong>Canisaestiserar-</strong></span> 
     </span>
    </p>
   </div>
   <div class='ocr_carea' id='block_1_13' title="bbox 47 2626 742 2668">
    <p class='ocr_par' dir='ltr' id='par_1_18' title="bbox 47 2626 742 2668">
     <span class='ocr_line' id='line_1_74' title="bbox 47 2626 742 2668; baseline 0.001 -10"><span class='ocrx_word' id='word_1_384' title='bbox 47 2627 80 2659; x_wconf 89' lang='lat' dir='ltr'><strong>ei</strong></span> <span class='ocrx_word' id='word_1_385' title='bbox 103 2626 234 2668; x_wconf 87' lang='lat' dir='ltr'><strong>probra</strong></span> <span class='ocrx_word' id='word_1_386' title='bbox 258 2627 430 2666; x_wconf 83' lang='lat' dir='ltr'><strong>obiectat,</strong></span> <span class='ocrx_word' id='word_1_387' title='bbox 456 2629 595 2660; x_wconf 82' lang='lat' dir='ltr'><strong>servata</strong></span> <span class='ocrx_word' id='word_1_388' title='bbox 612 2636 631 2659; x_wconf 85' lang='lat' dir='ltr'><strong>a</strong></span> <span class='ocrx_word' id='word_1_389' title='bbox 649 2627 742 2660; x_wconf 89' lang='lat' dir='ltr'><strong>Cha-</strong></span> 
     </span>
    </p>
   </div>
   <div class='ocr_carea' id='block_1_14' title="bbox 791 2626 1487 2668">
    <p class='ocr_par' dir='ltr' id='par_1_19' title="bbox 791 2626 1487 2668">
     <span class='ocr_line' id='line_1_75' title="bbox 791 2626 1487 2668; baseline 0.003 -10"><span class='ocrx_word' id='word_1_390' title='bbox 791 2637 844 2659; x_wconf 74' lang='lat' dir='ltr'><strong>ca.</strong></span> <span class='ocrx_word' id='word_1_391' title='bbox 865 2645 897 2650; x_wconf 92' lang='lat'>—</span> <span class='ocrx_word' id='word_1_392' title='bbox 918 2626 1043 2668; x_wconf 74' lang='lat' dir='ltr'><strong>insedit]</strong></span> <span class='ocrx_word' id='word_1_393' title='bbox 1064 2626 1275 2666; x_wconf 79' lang='lat' dir='ltr'><strong>«incubuit,·›</strong></span> <span class='ocrx_word' id='word_1_394' title='bbox 1301 2629 1341 2658; x_wconf 78' lang='lat' dir='ltr'><strong>ut</strong></span> <span class='ocrx_word' id='word_1_395' title='bbox 1351 2627 1487 2660; x_wconf 83' lang='lat' dir='ltr'><strong>Seneca</strong></span> 
     </span>
    </p>
   </div>
  </div>
 </body>
</html>
