1722 2904
161 46 242 88 608

674 49 846 82 HORATII
870 49 1096 82 CARMINUM

639 371 1150 411 cmx-¹11!-

384 484 618 534 Audivere,
652 485 789 543 Lyce,
824 483 867 526 di
900 498 997 528 mea
1025 491 1142 535 vota,
1175 483 1219 528 di

386 565 624 615 Audivere,
656 567 798 624 Lyce:
832 565 884 608 fis

440 647 510 689 Vis
543 648 730 690 formosa
758 646 896 690 videri

914 579 1021 609 anus
1036 600 1044 617 ,
1079 573 1122 609 et
1149 572 1293 610 tamen

495 727 716 785 Ludisque
748 734 791 771 et
819 727 931 771 bibis
963 727 1191 785 impudens

383 834 433 876 Et
462 839 589 876 cantu
618 832 802 876 tremulo
833 839 934 890 pota
967 832 1223 891 Cupidinem

243 967 329 999 XIII.
362 967 471 998 Inscr.
496 964 587 1006 volg.
613 965 664 998 Ad
684 966 805 1005 Lycen.
834 982 870 988 —
900 965 1088 1006 omnpotens
1117 974 1151 998 se
1179 965 1249 998 voti
1275 966 1328 999 sui
1347 966 1476 1008 factm
1498 974 1564 999 esso

199 1017 280 1049 dicit
303 1016 390 1056 quod
411 1017 497 1055 Lyce
519 1024 605 1047 anus
625 1015 718 1056 facta
739 1015 782 1047 sit
803 1015 866 1048 BS.

203 1066 238 1098 b.
268 1085 304 1089 -
331 1066 406 1098 Om.
433 1066 471 1097 T.

198 1185 284 1217 XIII.
322 1184 456 1216 Referri
486 1183 626 1215 videtur
655 1182 699 1215 ad
730 1182 794 1216 Od.
820 1182 852 1222 3,

155 1235 233 1272 40.,
267 1233 329 1266 ubi
359 1233 404 1266 de
429 1235 542 1275 Lyces
573 1233 703 1266 ferocia
727 1242 768 1265 ac
793 1241 855 1265 su—

153 1284 278 1326 perbia
301 1284 550 1328 conqueritur,
577 1283 651 1315 sive
675 1283 778 1316 fictus
801 1284 855 1315 est

153 1335 182 1366 is
206 1343 308 1366 amor
347 1342 411 1366 seu
452 1342 571 1366 verus.
619 1333 682 1365 Hic
712 1332 852 1365 vetulae

153 1385 288 1416 interea
312 1383 424 1416 factae
442 1384 478 1415 et
500 1384 621 1415 tamen
644 1381 774 1415 lascive
799 1383 855 1415 iu-

152 1433 286 1466 veniles
303 1441 445 1465 amores
461 1433 614 1474 captanti
631 1441 758 1474 magno
771 1441 854 1465 cum

154 1484 360 1524 contemptu
397 1481 560 1521 insultat,
611 1483 710 1523 grato
749 1480 854 1515 simul

152 1532 271 1564 animo
305 1532 410 1563 bonae
443 1532 612 1571 Cinarae,
653 1532 757 1564 nimis
781 1540 856 1564 ma-

153 1583 231 1613 ture
267 1581 481 1621 exstinctae,
522 1590 672 1614 memor.
726 1581 853 1613 Similis

152 1629 256 1671 plane
292 1631 490 1671 argumenti
526 1632 608 1663 sunt
639 1631 702 1663 Od.
730 1632 769 1670 4,
795 1631 850 1663 25.

153 1681 189 1712 et
204 1680 241 1719 3,
261 1681 313 1712 45.
348 1681 432 1712 item
453 1679 628 1721 Meleager
651 1681 754 1713 Anth.
779 1680 850 1713 Pal.

151 1730 177 1761 I.
202 1737 238 1771 p.
266 1728 350 1762 442:
400 1725 536 1762 Οὐκέτι
560 1727 770 1776 Τιμάριον,
806 1727 852 1763 τὸ

153 1779 241 1824 πρὶν
264 1777 481 1825 γλαφυροῖο
504 1778 664 1822 κέλητος
693 1778 850 1824 Πῆγμα,

151 1829 260 1874 φέρει
290 1826 440 1861 πλωτὸν
464 1826 655 1875 Κύπριδος
685 1831 852 1876 εἰρεσίην

151 1877 229 1910 κτλ.
258 1896 294 1901 -
320 1880 491 1921 Tempus,
518 1889 589 1921 quo
613 1882 851 1922 compositum

151 1929 210 1968 sit,
248 1928 387 1960 definiri
415 1930 548 1971 nequit.
574 1930 746 1962 Kirchner
774 1930 845 1972 opi-

152 1979 255 2010 natur
271 1987 302 2009 a.
321 1987 355 2010 u.
374 1987 404 2010 c.
421 1979 512 2019 736.,
531 1979 660 2012 Grotef.
679 1989 758 2012 a.u.
773 1980 848 2013 738.

196 2027 297 2060 4-4.
333 2037 410 2060 mea
431 2029 527 2070 vota]
565 2030 631 2061 «ut
666 2029 852 2071 puniretur

150 2075 339 2117 aquuando
363 2077 473 2111 fastus
490 2079 571 2111 tuus
591 2079 848 2120 importunus.»

153 2144 189 2149 —-
214 2127 390 2169 Ludisque]
419 2129 476 2159 «ut
503 2127 766 2161 adolescentula
794 2127 849 2160 lu-

150 2175 216 2208 dos
251 2177 419 2218 iocosque
452 2178 643 2211 amatorios
671 2179 785 2211 tentas
814 2179 850 2210 in

153 2226 499 2259 comissationibus.»

193 2276 213 2307 5
228 2293 247 2299 -
263 2276 294 2308 8.
320 2277 470 2318 tremulo]
496 2278 534 2310 ut
556 2277 647 2310 solet
663 2286 741 2310 esse
759 2286 850 2311 anus

148 2323 242 2356 hene
266 2327 383 2366 potae.
432 2327 487 2359 Sic
516 2327 561 2360 de
592 2327 710 2360 vetula
734 2328 848 2360 amica

148 2375 312 2415 Agathias
343 2376 446 2408 Anth.
484 2376 554 2409 Pal.
585 2378 612 2409 I.
645 2386 725 2419 pag.
760 2377 846 2410 468:

148 2423 289 2456 Χείλεα
310 2423 520 2467 βαμβαίνει
554 2427 750 2470 φθέγματι
778 2438 848 2470 γη-

148 2472 283 2519 ραλέῳ.
318 2475 412 2516 Virg.
436 2477 523 2508 Aen.
542 2477 586 2516 7,·
600 2476 675 2508 395.
702 2476 747 2509 de
764 2477 851 2509 Bac-

150 2524 224 2556 chiS
248 2524 464 2557 furentibus:
501 2525 559 2558 Asc
585 2526 676 2558 aliae
701 2527 850 2559 tremulis

147 2573 328 2606 ululatibus
355 2575 490 2607 aethera
512 2576 684 2616 complent.
725 2576 849 2609 Differt

149 2631 294 2663 prorsus
318 2625 427 2658 Persii
451 2624 534 2658 illud
559 2626 595 2665 4,
621 2626 682 2658 24ῑ
709 2626 848 2659 tremulo

907 1033 944 1038 —
979 1015 1030 1048 Ad
1050 1016 1160 1056 Lycen
1188 1016 1335 1048 vetulam
1355 1015 1563 1058 meretricem

904 1183 1101 1223 scalpuntur
1122 1183 1179 1216 ubi
1201 1183 1322 1216 intima
1334 1193 1444 1217 verm.
1465 1202 1503 1208 -
1519 1185 1607 1218 Len—

905 1233 986 1274 tum]
1011 1231 1274 1274 «tranquillum,
1300 1242 1371 1266 non
1386 1235 1608 1268 commotum

906 1291 947 1314 ac
970 1283 1160 1324 propterea
1183 1283 1262 1316 tuas
1285 1291 1414 1325 preces
1443 1292 1515 1316 non
1542 1292 1607 1317 ex-

905 1332 1123 1372 audientem,
1137 1327 1390 1379 ἀδιάφορον.»
1407 1333 1506 1366 Ovid.
1521 1333 1605 1367 Her.

863 1375 866 1378 ⁴
906 1382 943 1421 4,
971 1382 1007 1414 4ε
1042 1382 1139 1414 Hanc
1165 1385 1225 1414 tua
1249 1383 1406 1423 Penelope
1430 1382 1517 1415 lento
1543 1382 1602 1416 tibi

903 1431 1024 1471 mittit,
1052 1431 1158 1464 Ulioee.
1182 1432 1305 1464 Amor.
1324 1431 1364 1473 3,
1383 1432 1422 1472 6,
1442 1432 1502 1465 60:
1540 1432 1606 1474 Qui

904 1484 1015 1513 tenero
1030 1481 1190 1514 lacrimas
1203 1481 1310 1514 lentus
1323 1482 1360 1515 in
1374 1490 1432 1515 ore
1444 1482 1544 1515 videt.
1566 1499 1604 1506 -

903 1531 1079 1573 sollicitas]
1116 1532 1283 1565 «canticis
1306 1531 1486 1565 amatoriis
1509 1532 1605 1565 iuve-

904 1589 968 1614 nes
997 1580 1165 1623 pellicere
1194 1581 1326 1614 frustra
1353 1581 1527 1615 conaris.»
1565 1598 1603 1606 --

902 1631 1040 1663 virentis
1065 1649 1084 1655 —
1099 1648 1119 1654 —
1146 1631 1264 1674 Chiae]
1290 1631 1345 1664 «in
1370 1631 1470 1672 genis
1493 1631 1602 1664 Chiae

904 1682 1018 1713 aetate
1035 1681 1194 1714 florentis
1217 1683 1253 1714 et
1271 1679 1444 1723 psallendi
1468 1681 1604 1722 peritae

902 1730 983 1772 vigil
1002 1730 1128 1771 cubat,
1155 1739 1238 1763 cum
1261 1730 1298 1763 in
1320 1731 1356 1763 te
1379 1730 1516 1772 sopitus
1537 1730 1601 1771 sit,

903 1779 1108 1821 nullamque
1129 1781 1167 1812 tu
1187 1780 1259 1812 iam
1281 1780 1414 1813 excites
1428 1779 1605 1822 cupidita-

903 1831 977 1862 tem
997 1831 1032 1862 te
1048 1829 1222 1862 fruendi.»
1240 1846 1279 1853 —
1297 1829 1379 1862 Chia
1393 1830 1514 1863 autem
1537 1837 1604 1863 no-

903 1888 988 1913 men
1013 1880 1199 1922 proprium
1227 1879 1323 1922 apud
1349 1880 1447 1912 Grut.
1477 1880 1538 1920 45,
1566 1880 1599 1913 9.

902 1929 978 1970 642,
997 1929 1044 1969 9.,
1058 1931 1098 1962 ut
1107 1929 1236 1969 Lesbia,
1252 1929 1364 1963 Delia.
1384 1946 1422 1952 —
1444 1928 1600 1971 psallero]

901 1988 955 2020 pr.
967 1978 1087 2020 digito,
1105 1987 1176 2011 non
1186 1978 1336 2020 plectro,
1354 1978 1526 2012 chordam
1538 1979 1603 2012 im-

901 2028 1046 2070 pellere,
1064 2029 1104 2060 ut
1115 2028 1246 2061 Herod.
1257 2029 1289 2068 4,
1303 2029 1378 2061 455.
1395 2028 1602 2076 κιθαρίζειν

901 2087 940 2110 τε
955 2078 1022 2110 καὶ
1042 2074 1230 2120 wallum
1253 2077 1320 2111 sed
1343 2078 1439 2120 apud
1460 2079 1602 2112 Latinos

900 2128 970 2160 hoc
981 2127 1174 2160 discrimen
1185 2135 1256 2160 non
1267 2135 1414 2170 semper
1424 2128 1598 2160 servetur.

903 2195 939 2201 —
962 2178 998 2210 in
1012 2177 1120 2219 yonis]
1145 2177 1271 2210 Athen.
1291 2177 1344 2210 43.
1362 2186 1443 2219 pag.
1460 2175 1553 2211 564..
1563 2178 1602 2211 et

901 2227 983 2261 604:
1010 2224 1200 2274 Φρύνιχος
1214 2245 1234 2251 -
1248 2226 1312 2260 ἐπὶ
1333 2225 1403 2261 τοῦ
1428 2225 1598 2274 Τρωίλου

899 2273 978 2320 ἔφη
1026 2275 1203 2320 Λάμπειν
1251 2276 1315 2311 ἐπὶ
1361 2277 1600 2324 πορφυρέως

900 2325 1045 2373 παρῇσι
1067 2325 1152 2368 φῶς
1175 2322 1328 2374 ἔρωτος.
1375 2327 1475 2361 Pind.
1493 2328 1597 2360 Nem.

899 2377 931 2417 8,
959 2378 972 2409 4
990 2387 997 2409 :
1016 2372 1115 2424 ‘Lapa
1129 2374 1269 2412 πότνια
1283 2395 1304 2402 -
1318 2395 1340 2402 -
1356 2371 1439 2410 “An
1454 2375 1598 2423 παρθε-

898 2425 1024 2470 νηΐοις
1039 2425 1184 2460 παίδων
1199 2428 1231 2460 τ’
1247 2426 1427 2468 ἐφίζοισα
1449 2423 1597 2486 zhemi-

900 2487 993 2523 ροις.
1030 2477 1136 2520 Soph.
1149 2477 1263 2518 Antig.
1284 2477 1360 2510 782.
1373 2477 1435 2510 D.:
1464 2476 1596 2523 Ερως,

899 2546 920 2551 -
934 2545 954 2551 -
968 2523 1035 2567 Ὃς
1057 2526 1097 2560 ἐν
1119 2525 1311 2569 μαλακαῖς
1326 2528 1502 2573 παρειαῖς
1522 2525 1597 2558 Νε-

898 2573 1030 2617 άνιδος
1052 2573 1280 2617 ἐννυχεύεις.

942 2626 962 2658 9
977 2643 997 2650 -
1014 2620 1066 2659 ⁴2]
1091 2624 1314 2667 Importunas]
1340 2623 1538 2668 «superbus
1561 2625 1597 2658 et

1581 834 1708 895 5,,
