1722 2904
589 72 668 106 Lm.
691 73 748 105 lv.
795 73 832 105 C.
860 74 899 105 V.

1433 74 1516 116 559

248 176 388 219 Curvo
418 188 499 219 nec
526 174 680 219 faciem
706 173 830 219 litore
860 175 1069 220 dimovet:

243 255 316 299 Sic
343 254 571 299 desideriis
600 256 683 299 ieta
710 255 911 299 fidelibus

1471 259 1518 300 ¹5

230 348 236 354 ⁴
296 335 473 387 Quaerit
500 335 636 392 patria
664 335 906 380 Caesarem.

242 446 373 488 Tutus
401 445 482 488 bos
511 445 669 489 etenim
698 459 799 489 rura
826 444 1115 503 perambulat,

243 525 381 568 Nutrit
408 539 509 568 rura
537 526 669 569 Ceres
697 525 895 583 almaque
924 526 1149 576 Faustitas,

242 606 445 650 Pacatum
470 606 647 649 volitant
675 619 755 663 per
782 619 902 649 mare
930 607 1118 656 navitae,

355 685 526 743 Culpari
556 686 703 729 metuit
733 686 882 735 Fides,

1459 691 1515 732 20

163 821 215 855 ⁴4.
239 822 386 854 αοηιουοι
407 822 450 860 T,
482 822 568 854 item
591 823 631 861 S,
663 822 729 855 sed
751 831 929 864 superscr.
954 834 985 863 ι,
1019 825 1107 856 Pott.
1125 825 1307 865 quattuor,
1342 826 1412 858 LCt
1435 828 1470 858 et

116 869 227 903 Bentl.
264 871 323 911 (Ut
344 879 427 910 nos,
450 870 551 903 Bbed
573 872 610 903 et
631 872 719 903 Pott.
745 872 881 913 ceteri.)
906 889 944 896 --
962 873 1015 904 ⁴7.
1031 873 1150 905 etenim
1171 873 1228 906 bos
1248 875 1286 906 T.
1314 893 1350 898 -
1363 878 1470 915 prata

110 919 323 960 perorabunt
354 918 521 961 Tanaquil
539 919 679 952 Faber.
716 938 755 943 —
786 921 840 953 ⁴8.
863 921 1047 952 Nutritur-a
1075 922 1102 953 T
1129 923 1166 953 et
1197 931 1251 963 pr.
1275 922 1320 962 β,
1355 924 1471 956 Nutrit

114 969 217 1010 sarm
236 968 415 1002 Bentleius
437 970 528 1002 eoni.
542 994 550 1009 ,
574 970 690 1001 Nutrit
713 970 803 1002 calca
825 970 1111 1011 cuninghamius.

73 1088 215 1124 κόπον
240 1086 413 1132 ὀπωπάςζ
453 1091 621 1124 Ceterum
653 1092 766 1124 Bern-

72 1140 189 1182 hardy
223 1141 261 1174 et
283 1139 529 1182 Dillenburger
561 1141 766 1182 praeierunt

72 1190 235 1228 Μονάς
259 1188 366 1231 Rege!
387 1198 447 1222 me
462 1198 635 1231 meosque
651 1189 763 1222 Codd.

70 1238 146 1271 Bbc
167 1239 312 1271 secutus
333 1239 484 1271 diminuet.

115 1311 168 1343 ⁴5.
214 1310 301 1353 icta]
340 1319 559 1353 «pereussa,
595 1311 763 1344 affecta.»

71 1360 302 1401 Frequentius
331 1360 376 1392 de
406 1360 607 1401 doloribus,
642 1362 739 1393 metu
754 1386 763 1401 ,

70 1408 185 1448 luetu3
209 1411 331 1442 tamen
352 1410 459 1442 etiam
475 1411 613 1442 Lucret.
631 1410 664 1450 2,
682 1410 762 1442 360:

70 1458 230 1491 desiderio
250 1459 399 1500 per-nm.
444 1458 609 1500 Aeschyl.
640 1460 762 1500 Agam.

70 1506 154 1541 544:
180 1508 299 1554 ἱμέρῳ
321 1506 594 1552 πεπληγμένος.

114 1581 168 1614 47.
206 1590 295 1614 m
324 1581 555 1623 perambulat]
593 1582 764 1615 Consulto

70 1630 279 1663 immoratur
306 1631 343 1663 in
370 1631 464 1663 ruris
492 1633 529 1663 et
554 1632 705 1672 imagine
729 1632 765 1662 et

70 1680 235 1719 nomine;
270 1688 354 1713 nam
376 1689 443 1722 ope
466 1682 519 1713 rei
541 1681 693 1713 rusticae
728 1681 765 1712 et

71 1730 236 1762 strenuae
271 1729 523 1770 agriculturae,
569 1738 635 1771 per
670 1728 763 1761 bella

71 1777 184 1810 civilia
205 1778 243 1810 et
262 1778 484 1811 intermissae
507 1780 543 1811 et
563 1779 661 1811 varie
683 1787 765 1820 per-

71 1825 252 1866 turbatae,
288 1836 332 1859 ex
361 1829 481 1860 mente
510 1829 655 1868 Augusti
680 1830 761 1860 ante

71 1876 190 1908 omnia
218 1875 392 1909 firmanda
422 1878 499 1909 erat
518 1878 570 1909 rei
598 1876 761 1918 publicae

70 1923 178 1957 salus.
223 1925 311 1957 Hine
346 1927 445 1966 grata
481 1925 538 1957 illa
574 1926 737 1967 repetitio
753 1951 761 1965 ‚

70 1982 180 2015 quam
200 1974 307 2007 variis
320 1974 454 2013 modis,
479 1974 546 2006 sed
567 1974 762 2014 infeliciter,

71 2022 207 2055 amoliri
230 2024 347 2056 eonati
376 2025 458 2056 sunt
486 2024 621 2063 Critici,
655 2023 765 2056 veluti

71 2072 132 2112 qui
146 2072 296 2104 coniecit
308 2081 394 2104 nara
402 2073 628 2113 perambulat,
644 2074 687 2105 N.
698 2073 767 2104 cul-

70 2121 416 2162 tacuninghamius;
442 2122 555 2154 Faber
561 2125 669 2162 prata
679 2130 765 2163 pro-

26 2205 33 2209 ,
70 2178 208 2212 ponens
237 2178 377 2203 memor
407 2170 516 2203 fuisse
538 2171 678 2203 videtur
700 2171 763 2203 Od.

70 2219 111 2258 3,
146 2219 207 2259 ⁴8,
242 2220 303 2251 u:
348 2220 462 2252 Festus
493 2221 529 2251 in
556 2221 669 2260 pratis
705 2229 766 2252 va—

70 2271 126 2300 cat
146 2268 249 2300 otioso
270 2268 353 2301 Cum
373 2268 452 2300 bove
469 2278 589 2310 payns.
629 2270 765 2301 Pastio-

71 2325 156 2350 nem
177 2318 298 2349 autem
318 2317 355 2349 h.
373 2316 395 2349 l.
417 2317 589 2358 significat
612 2318 706 2359 (nam
729 2319 762 2350 in

70 2366 138 2398 hac
171 2365 353 2398 dumtaxat
388 2366 455 2399 bos
488 2365 599 2398 libere
632 2375 763 2408 pascua

71 2413 328 2456 perambulat);
353 2415 389 2446 in
411 2415 583 2453 aratione,
612 2423 704 2455 quae
726 2424 760 2447 ν.

71 2471 149 2504 seq.
191 2464 406 2502 continetur,
445 2463 595 2496 stimulis
633 2463 762 2496 durum

72 2512 119 2544 ad
138 2511 299 2544 lahorem
321 2513 494 2546 incitatur,
518 2514 656 2552 Notavi,
681 2513 763 2554 quia

72 2559 228 2593 nonnulli
242 2569 277 2592 v.
290 2561 526 2601 perambulare
542 2561 587 2593 de
605 2562 762 2594 aratione

73 2610 290 2651 interpretati
312 2611 404 2642 sunt.

859 1092 976 1124 48-20.
999 1093 1116 1125 Naar-tt
1135 1093 1234 1135 na-a]
1258 1093 1403 1128 «fertilia
1425 1095 1512 1128 red-

815 1141 900 1173 dit.»
934 1141 1037 1175 Silius
1067 1143 1127 1183 ⁴2,
1159 1143 1242 1175 375:
1280 1144 1513 1177 ama--co-

813 1191 900 1222 reris
920 1193 1050 1223 nutv-ita
1077 1192 1205 1233 favore.
1244 1193 1341 1225 Inter
1365 1194 1512 1234 Augusti

815 1248 981 1272 nummos
1021 1240 1080 1272 hie
1115 1250 1258 1282 quoque
1296 1243 1373 1274 est:
1421 1243 1510 1275 [ΜΡ.

814 1288 987 1321 CAESAR.
1026 1289 1256 1322 AVGVSTVS.
1296 1290 1419 1331 (Caput
1445 1301 1513 1323 na-

814 1337 921 1378 dmn.)
943 1338 1034 1370 COL.
1058 1339 1140 1370 IVL.
1178 1338 1344 1379 (Berytus.
1369 1340 1511 1372 Colonia

814 1386 947 1427 arans.)
969 1386 1100 1419 Eekhel
1116 1389 1156 1420 D.
1175 1389 1215 1420 N.
1233 1388 1289 1420 VI.
1306 1397 1342 1429 p.
1362 1388 1437 1421 ⁴32.
1465 1405 1502 1412 —

813 1435 994 1478 Faustitas]
1023 1435 1133 1468 Nobis
1156 1445 1251 1468 nunc
1273 1432 1379 1478 ἅπαξ
1400 1435 1511 1480 λεγό-

812 1493 942 1525 μενον.
988 1486 1101 1517 Deam
1130 1493 1279 1526 gregum
1306 1486 1511 1527 praesidem

813 1534 1064 1574 interpretatur
1076 1533 1301 1566 Forcellinus.
1327 1534 1398 1567 Sed
1412 1537 1510 1568 recte

813 1580 951 1613 Schol.:
1001 1583 1125 1613 «Nove
1168 1581 1327 1615 Felicitas
1363 1583 1457 1616 dicta
1470 1594 1478 1622 ;
1491 1595 1510 1612 ι

813 1631 972 1662 omnium
994 1638 1116 1662 rerum
1136 1630 1364 1663 abundantia.
1390 1632 1507 1665 carm.

813 1680 891 1712 Sec.
915 1679 977 1711 59:
1014 1678 1111 1711 beata
1133 1679 1234 1719 pleno
1262 1680 1366 1721 Copia
1390 1690 1508 1713 coma.

815 1747 852 1752 —
886 1729 1028 1760 Novitas
1061 1730 1183 1761 autem
1214 1729 1371 1770 videtur,
1411 1731 1510 1771 quod

811 1778 1028 1810 Faustitatem
1049 1778 1134 1810 dixit
1154 1787 1221 1820 pro
1242 1779 1369 1811 Fausta
1390 1780 1510 1812 Felici-

810 1829 893 1865 tate,
919 1827 1019 1859 cuius
1042 1826 1213 1859 sollemne
1237 1829 1456 1860 memoratur
1474 1829 1510 1861 in

812 1875 956 1908 Kalend.
983 1876 1200 1908 Amiternino
1215 1877 1325 1909 Inscr.
1354 1885 1401 1909 m.
1432 1878 1507 1910 Lat.

813 1925 854 1957 11.
873 1933 919 1966 Ap.
945 1924 1021 1957 4⁴2.
1057 1942 1093 1948 ——
1125 1925 1304 1966 Pacatum]
1328 1934 1349 1957 a
1371 1926 1507 1967 piratis.

814 1973 910 2005 Suet.
936 1974 1010 2005 Oct.
1029 1973 1091 2005 98:
1116 1974 1286 2006 Vectores
1308 1976 1508 2016 nautaeque

814 2023 859 2055 de
876 2023 957 2055 naw‘
972 2022 1206 2055 Alexandrina
1220 2025 1378 2064 Augusto
1396 2023 1510 2056 accla-

815 2073 968 2112 marunt,
981 2072 1191 2112 per-mamm
1204 2074 1326 2112 vivere,
1338 2082 1403 2113 per
1413 2074 1508 2106 {uum

813 2122 992 2162 navigare,
1017 2120 1167 2153 libertate
1182 2125 1283 2162 alque
1294 2122 1439 2162 fortunis
1444 2131 1509 2162 per·

812 2170 907 2201 tuum
919 2170 1000 2210 frui.
1017 2187 1054 2192 -—
1071 2170 1221 2211 volitant]
1239 2172 1278 2201 ut
1291 2171 1362 2202 iam
1376 2171 1508 2203 Ennius

814 2218 899 2250 dixit
917 2219 1074 2250 velivolas
1092 2227 1204 2250 naves.
1249 2219 1343 2260 Virg.
1369 2221 1456 2252 Aen.
1472 2219 1506 2260 3,

815 2267 893 2300 ⁴24:
906 2267 1091 2308 petamque
1099 2267 1264 2307 volamus,
1284 2267 1329 2299 de
1342 2267 1451 2300 celeri
1465 2277 1508 2300 ac

813 2317 887 2347 tuto
900 2324 1006 2348 cursu
1018 2341 1026 2355 ,
1043 2325 1116 2348 non
1132 2315 1177 2348 de
1192 2315 1333 2348 lascivia
1351 2318 1388 2348 et
1401 2317 1510 2350 auda-

814 2365 866 2396 cia
882 2366 1067 2397 nautarum
1078 2391 1085 2404 ‚
1103 2367 1142 2397 ut
1159 2364 1215 2397 alii
1232 2365 1365 2398 volunt.
1382 2384 1419 2389 ——
1433 2366 1510 2399 Cul-

807 2414 889 2453 pari
916 2414 1048 2455 metuit]
1074 2415 1175 2446 «Non
1204 2413 1364 2456 culpatur
1386 2415 1508 2448 cuius-

812 2471 921 2503 quam
947 2462 1054 2500 fides,
1089 2464 1171 2504 quia
1202 2472 1307 2496 nemo
1337 2465 1408 2503 est,
1443 2465 1506 2504 qui

813 2520 893 2543 eam
926 2511 1049 2551 violet,
1090 2512 1155 2544 sed
1189 2514 1310 2545 sancte
1343 2514 1507 2545 servatur

812 2560 857 2592 ab
887 2559 1088 2593 omnibus.»
1127 2560 1197 2592 Cfr.
1223 2561 1287 2593 Od.
1313 2562 1352 2600 2,
1387 2561 1426 2600 2,
1463 2561 1503 2593 7:

808 2618 919 2649 penna
940 2613 1100 2642 metm-ue
1119 2609 1215 2641 solvi.
