1722 2904
202 67 283 112 724

746 71 915 104 HORATll
939 71 1111 104 EPODON

683 409 998 450 cm
1032 409 1184 450 xv:-

261 551 400 594 Altera
433 550 516 592 ian]
547 549 696 592 teritur
726 547 850 591 bellis
881 547 1078 591 civilibus
1109 554 1249 598 aetas»,

292 684 378 715 XVI.
418 684 526 714 Inscr.
552 680 643 722 volg.
682 680 733 712 Ad
761 681 923 721 populum
957 681 1154 712 Romanum.
1194 696 1230 702 —
1268 679 1326 712 Rei
1343 678 1498 720 publicae
1520 681 1613 722 deflet

250 734 423 774 sortunwm
444 733 504 764 Bc.
534 750 561 754 -
588 732 665 763 Om.
692 731 729 762 T.

247 852 334 884 XVI.
372 851 518 883 Videtur
544 850 613 882 hoc
637 857 782 881 carmen
806 855 907 880 com-

204 902 359 944 positum
383 899 450 933 sub
475 899 611 931 initium
635 897 718 931 belli
746 897 907 930 Perusini

205 960 237 983 a.
253 959 287 982 u.
303 959 333 982 c.
353 949 444 988 7⁴3„
471 956 554 981 cum
571 948 797 981 contentione
815 946 906 979 civili

205 1001 298 1032 inter
313 1001 349 1032 L.
364 999 554 1032 Antonium
572 1007 645 1030 cos.
662 998 699 1030 et
714 998 907 1030 Caesarem

204 1050 433 1082 Octavianum
462 1048 585 1090 paucis
615 1046 799 1079 mensibus
826 1048 907 1088 post

203 1098 381 1131 funestam
397 1097 491 1130 illam
507 1097 622 1130 aciem
644 1095 906 1137 Philippensem

204 1148 271 1181 sub
308 1148 392 1190 ipsis
429 1146 529 1181 Urbis
563 1145 752 1179 moenibus
785 1154 907 1177 erum-

202 1199 310 1240 pente
335 1205 458 1230 rerum
481 1197 722 1229 Romanarum
744 1195 905 1227 condicio

204 1257 288 1280 cum
312 1248 347 1279 in
371 1245 462 1280 Urbe
488 1247 564 1277 tum
580 1246 614 1277 in
631 1246 703 1277 tota
719 1245 793 1277 fere
809 1243 904 1276 Italia

204 1296 423 1339 deploranda
455 1304 497 1328 ac
527 1295 816 1337 desperatissima
846 1303 906 1326 es-

204 1349 270 1380 set.
313 1346 383 1378 Cfr.
410 1345 584 1377 Kirchner
613 1344 756 1383 Quaest.
784 1344 903 1375 Horat.

202 1406 238 1439 p.
257 1397 312 1428 22.
352 1396 457 1428 Certe
486 1393 690 1427 huiusmodi
720 1392 906 1425 consilium

203 1447 359 1489 patrium
376 1444 491 1478 solum
507 1443 732 1485 relinquendi
748 1442 806 1475 tali
823 1451 906 1475 cum

204 1496 376 1529 libertatis
405 1503 514 1527 sensu
537 1493 745 1526 melioribus
769 1492 906 1524 civibus

205 1546 291 1578 dare
315 1546 374 1577 vix
395 1546 552 1587 poterat,
587 1545 780 1586 postquam
808 1543 907 1575 Mae-

203 1595 338 1628 cenatis
362 1596 397 1627 et
420 1594 599 1626 Octaviani
625 1593 800 1625 amicitiae
825 1601 905 1624 sese

202 1644 402 1688 applicavit.
422 1642 509 1676 Male
520 1643 625 1684 igitur
632 1641 688 1674 alii
697 1641 907 1674 referuntad

202 1695 340 1727 initium
362 1692 473 1725 ultimi
498 1693 590 1724 inter
612 1692 841 1724 Octavianum
871 1692 907 1722 et

201 1743 391 1777 Antonium
415 1740 498 1774 belli
522 1750 553 1773 a.
576 1751 610 1773 u.
630 1750 660 1773 c.
681 1741 771 1780 722„
797 1748 906 1781 quam

201 1792 428 1825 falsissimam
474 1791 679 1832 opinionem
724 1798 840 1831 nuper
885 1798 905 1821 a

202 1841 360 1883 quodam
373 1843 554 1873 recoctam
567 1840 710 1881 optimis
719 1847 907 1880 argumen-

203 1891 248 1923 tis
278 1899 365 1922 usus
395 1890 562 1922 refutavit
592 1889 737 1921 Franke.
785 1887 907 1920 Liber-

202 1941 293 1972 rima
315 1941 437 1972 autem
466 1939 704 1980 indignatione
729 1945 904 1970 accensus

202 1990 456 2029 vehementer,
482 1998 526 2021 ne
552 1989 669 2021 dicam
692 1986 902 2027 iuveniliter,

201 2041 235 2072 in
274 2038 451 2071 bellorum
484 2039 732 2071 intestinorum
767 2036 905 2070 scelera

200 2089 379 2121 invehitur
394 2097 593 2129 eorumque
610 2087 828 2120 calamitates
844 2086 906 2118 de-

201 2137 326 2180 plorat.
379 2138 593 2179 Magnopere
647 2145 732 2169 vero
778 2135 906 2168 fallitur

200 2187 358 2227 Monieh‚
400 2187 456 2218 cui
495 2188 617 2219 nescio
657 2194 749 2227 quae
783 2193 904 2217 amara

201 2236 376 2282 εἰρωνεία
398 2245 464 2277 per
488 2237 603 2269 totum
626 2243 773 2267 carmen
789 2234 905 2266 domi-

200 2287 277 2318 nari
300 2287 375 2318 visa
400 2287 465 2319 est.
501 2285 603 2325 Quod
634 2286 755 2318 autem
778 2285 813 2316 in
836 2284 905 2316 hoc

200 2336 358 2368 carmine
390 2335 527 2368 civibus
556 2334 727 2367 libertatis
757 2334 905 2366 amanti-

198 2386 268 2418 bus
289 2384 474 2418 consilium
495 2385 669 2426 impertit,
688 2384 764 2416 eius
787 2392 907 2416 exem-

198 2434 276 2477 plar
299 2435 449 2467 fortasse
465 2433 590 2466 hahuit
605 2435 649 2467 M.
669 2433 811 2466 Sertorii
825 2441 907 2474 pro-

201 2485 369 2526 positum.
397 2483 573 2516 Plutarch.
593 2484 682 2520 Sert.
701 2483 740 2515 9:
766 2479 804 2523 (ὁ
819 2482 907 2528 Σερ-

198 2530 350 2580 τώριος)
383 2529 507 2580 ἔρωτα
537 2528 769 2575 θαυμαστὸν
790 2527 906 2571 ο«ἔσχεν

201 2582 362 2626 οἰκῆσαι
372 2581 442 2624 τὰς
456 2580 676 2629 (Μακάρων)
685 2579 832 2624 νήσους
839 2581 906 2613 καὶ

199 2630 266 2681 ζῇν
294 2633 335 2666 ἑν
360 2630 508 2677 ἡσυχίᾳ.
531 2629 754 2679 τυραννίδος
781 2627 905 2663 ἀπαλ-

957 844 1085 891 λαγεὶς
1128 846 1194 879 καὶ
1240 844 1419 889 πολέμων
1462 842 1652 880 ἁπάντων.
1720 850 1722 885 ζ

957 898 1074 929 Acron
1096 895 1143 929 ad
1170 905 1205 928 v.
1230 895 1291 929 42:
1324 896 1376 929 Aa
1396 896 1524 929 insulas
1544 897 1656 939 fortun

956 949 1056 978 natas
1078 946 1244 978 Salustius
1265 946 1302 978 in
1325 946 1476 978 Historia
1497 946 1578 978 dicit
1599 946 1656 978 vi-
1719 941 1722 985 ξ

957 999 1046 1028 ctwn
1060 996 1200 1028 voluisse
1222 995 1273 1028 ire
1287 995 1485 1028 Sertorium.
1505 997 1547 1038 (a.
1566 1005 1604 1028 u.
1621 1005 1652 1029 c.
1717 1033 1722 1036 ,

958 1045 1048 1085 673.,
1080 1054 1151 1086 quo
1180 1045 1219 1077 C.
1243 1045 1377 1078 Annius
1407 1040 1542 1078 Luscus
1569 1054 1656 1087 pro-

958 1096 1108 1137 scriptos
1132 1095 1168 1127 et
1190 1095 1226 1127 in
1248 1095 1292 1128 iis
1315 1095 1511 1127 Sertorium
1533 1095 1657 1137 Hispa-

956 1146 1013 1177 nia
1030 1143 1188 1186 expulit.)
1206 1145 1349 1178 Servius
1361 1144 1408 1177 ad
1419 1146 1506 1177 Aen.
1521 1145 1555 1184 5,
1570 1144 1652 1177 735:

958 1203 1042 1235 quas
1047 1192 1247 1241 (μακάρων
1258 1192 1417 1237 νήσους)
1429 1195 1479 1227 ait
1490 1194 1656 1227 Salustius

955 1244 1088 1276 inclitas
1105 1253 1173 1277 esse
1185 1244 1322 1276 Homeri
1334 1243 1550 1276 carminibus
1577 1244 1652 1285 (Od.

955 1292 997 1333 δ,
1021 1293 1086 1326 563
1102 1302 1182 1336 sqq.
1213 1295 1295 1327 Hes.
1309 1289 1362 1326 Ἐ.
1381 1305 1416 1326 κ.
1430 1290 1485 1326 Ἡ.
1506 1294 1570 1326 470
1585 1295 1654 1336 sq.)

1000 1344 1031 1376 l.
1049 1344 1082 1376 2.
1113 1343 1242 1386 Altera]
1279 1343 1418 1376 «Altera
1451 1344 1523 1376 iam
1555 1345 1655 1377 aetas

955 1393 1038 1426 inde
1063 1402 1083 1425 a
1107 1392 1198 1426 Sulla
1225 1394 1268 1435 (a.
1298 1402 1333 1425 u.
1361 1402 1393 1426 c.
1422 1393 1512 1435 666.)
1542 1394 1656 1436 agitur

956 1444 1048 1476 inter
1069 1443 1161 1476 bella
1186 1444 1418 1477 domestica.»
1445 1442 1520 1476 Noli
1544 1443 1655 1486 expli-

957 1503 1039 1526 care
1063 1503 1147 1526 cum
1171 1494 1312 1527 Vossio:
1336 1493 1445 1526 Solum
1466 1494 1656 1527 daszweite

957 1543 1142 1576 Geschlecht
1176 1543 1266 1575 wir-d
1297 1543 1519 1575 verheert
1550 1544 1656 1576 durch

955 1593 1290 1635 Buryerbefehduuq;
1317 1601 1400 1625 cum
1421 1602 1456 1625 v.
1474 1596 1582 1626 terere
1594 1593 1656 1626 ad·

957 1643 1028 1675 dita
1058 1643 1231 1684 temporis
1262 1642 1514 1684 significatione
1540 1641 1655 1676 mole-

956 1694 1031 1725 stae
1049 1693 1110 1724 aut
1123 1692 1253 1724 frustra
1269 1693 1500 1734 consumptae
1517 1691 1655 1724 diutur-

956 1742 1072 1774 nitatis
1095 1741 1278 1774 dumtaxat
1302 1742 1483 1774 notionem
1508 1740 1651 1781 habeat,

956 1800 1025 1824 non
1058 1791 1265 1824 vastationis
1299 1791 1406 1832 atque
1438 1790 1578 1824 excidii.
1615 1809 1651 1814 -

955 1841 1043 1881 Suis]
1060 1841 1217 1882 Propert.
1235 1841 1273 1880 2,
1293 1841 1352 1880 ⁴5,
1370 1839 1431 1873 45:
1454 1841 1524 1873 Noc
1538 1840 1654 1872 totiens

952 1891 1101 1931 propriis
1121 1891 1250 1922 cirown
1271 1891 1466 1931 oppugnata
1479 1889 1655 1930 trimma

953 1941 1062 1972 Lassa
1081 1940 1167 1981 foret
1187 1939 1295 1971 crines
1307 1939 1432 1971 solvero
1444 1939 1551 1972 Roma
1563 1947 1651 1971 suos.

955 1990 992 2030 3,
1011 1989 1070 2029 ⁴3,
1096 1989 1154 2021 60:
1180 1989 1367 2030 Frangitur
1377 1989 1654 2030 ipsamisssoma

953 2038 1096 2079 superba
1111 2038 1215 2070 bonis.
1241 2037 1356 2071 Manil.
1375 2038 1389 2070 ⁴
1405 2063 1413 2078 ,
1439 2037 1520 2070 9⁴0:
1543 2038 1654 2079 Impe-

954 2089 1108 2128 riumque
1130 2088 1199 2119 suis
1217 2087 1370 2130 conflixit
1388 2087 1517 2120 viribus
1529 2087 1651 2128 ipsum.
1679 2084 1687 2092 ’

954 2137 1062 2177 Id.4,
1093 2136 1151 2169 43:
1188 2137 1392 2177 Romamque
1419 2137 1554 2169 suismet
1583 2137 1654 2168 Pu-

953 2190 1113 2228 9nantem
1144 2185 1310 2218 membris.
1358 2186 1431 2218 Liv.
1457 2186 1494 2218 in
1515 2184 1650 2221 pmcn:

956 2233 1155 2268 Resss—ut
1187 2236 1258 2267 iam
1289 2235 1519 2277 maynuudine
1557 2233 1686 2271 labo—.

953 2288 1004 2317 ret
1033 2294 1106 2317 sua.
1152 2283 1309 2317 Similem
1342 2285 1499 2317 Senecae
1532 2282 1652 2316 locum
1685 2286 1687 2291 ·

956 2335 1134 2376 excerpsit
1155 2335 1311 2366 Lactant.
1336 2335 1421 2366 Inst.
1447 2334 1483 2373 7,
1509 2333 1570 2374 ⁴5,
1595 2332 1649 2366 ⁴4.
1677 2327 1688 2370 f

954 2384 1168 2425 Augustinus
1196 2383 1241 2416 de
1266 2384 1305 2416 C.
1330 2384 1372 2416 D.
1399 2383 1458 2423 ⁴8,
1490 2381 1551 2415 45:
1585 2382 1654 2414 Ro—

954 2442 1012 2465 ma
1027 2434 1093 2466 late
1107 2433 1180 2465 orbi
1194 2436 1365 2465 terrarum
1378 2432 1550 2472 imperans
1563 2434 1652 2463 tam-

956 2491 1058 2524 quam
1072 2491 1106 2514 se
1127 2483 1236 2523 ipsam
1256 2482 1346 2523 ferre
1359 2490 1426 2513 non
1439 2481 1566 2521 valens,
1589 2489 1653 2513 sua

954 2541 987 2565 se
1010 2532 1252 2572 quodammodo
1281 2530 1510 2572 magnitudine
1540 2529 1652 2571 freae-

954 2585 1021 2614 rat.
1044 2600 1079 2604 —
1097 2580 1174 2614 Noli
1190 2579 1366 2623 explicare
1382 2587 1465 2612 cum
1479 2579 1648 2612 Baxtero:

957 2632 1020 2664 «Ει
1048 2631 1123 2672 ipsa
1152 2630 1270 2672 posuit
1291 2629 1336 2662 ad
1359 2629 1567 2672 emphasim
1602 2628 1652 2661 si-
