1722 2904
686 77 820 110 unm.
867 76 998 109 cm.
1023 76 1108 109 xvi.
1546 72 1620 116 734

244 184 349 233 Vos,
381 180 540 239 quibus
569 186 637 224 est
663 180 819 230 virtus,
851 178 1105 223 muliebrem
1134 178 1266 222 tollite
1295 178 1454 221 luctum

300 263 479 306 Etrusca
508 268 681 319 praeter
708 267 752 304 et
778 259 919 303 volate
950 259 1085 303 litora.
1574 259 1627 300 40
1696 318 1706 321 χ

242 344 329 386 Nos
357 348 500 385 manet
528 342 732 385 Oceanus
760 341 1081 398 circumvagos:
1113 353 1234 388 arva,
1266 339 1391 384 beata

298 424 498 466 Petamus
528 435 631 465 arva
658 421 813 465 divites
842 427 886 464 et
914 419 1096 470 insulas,

243 503 398 548 Reddit
425 502 501 546 ubi
531 503 735 546 Cererem
764 500 890 545 tellus
921 501 1083 545 inarata
1111 502 1339 559 quotannis
1410 558 1412 560 ι

299 584 350 626 Et
378 584 583 640 imputata
612 581 738 626 floret
765 595 905 639 usque
933 582 1078 631 vinea,

243 663 460 707 Germinat
487 670 531 706 et
559 676 778 720 nunquam
808 662 989 706 fallentis
1019 669 1179 706 termes
1207 661 1366 711 olivae,
1575 664 1630 705 45

300 744 519 801 Suamque
549 742 664 800 pulla
694 742 802 786 ficus
831 750 955 786 ornat
983 742 1206 793 arborem,

273 863 327 895 39.
352 865 400 894 est
420 862 554 894 animus
576 861 768 903 «excerpta
791 860 982 894 Bodleiana
1007 860 1133 893 CCCC.
1151 869 1350 894 annorum·
1373 861 1469 903 apud
1484 862 1589 895 Bent-

229 911 349 944 leium.
377 921 421 934 -·
439 910 494 944 44.
518 911 752 952 cen-mm
772 919 861 943 ama
882 910 1002 948 becum-
1023 911 1178 943 Petamus
1197 919 1286 943 arva
1307 910 1498 945 Bentleius.

185 1019 280 1052 μαι
294 1028 315 1035 -
327 1006 559 1042 -Ὡκεανοῦ,
585 1008 709 1042 Catuli.
727 1009 790 1049 64,
815 1009 858 1042 30
874 1019 881 1040 :

188 1061 401 1100 oceanusque
427 1062 546 1100 pater,
581 1062 687 1091 totum
719 1059 777 1098 qui
809 1067 886 1090 ωηι-

185 1110 342 1151 pmitm·
361 1109 491 1147 orbam
527 1110 564 1140 et
585 1117 701 1149 aeque
723 1107 884 1141 absolute

187 1158 347 1199 RufflA,
370 1158 436 1191 56:
474 1159 550 1198 Qua
570 1157 790 1199 circmnfusus
817 1159 886 1199 tlu-

186 1210 280 1240 ctuat
304 1207 487 1249 Οοωοκιι.)
518 1206 592 1246 illa,
628 1215 721 1248 quae
749 1207 883 1245 nostis,

187 1257 286 1290 beata
306 1266 410 1297 arva,
434 1253 503 1297 τὰς
524 1254 711 1302 μακάρων
726 1253 883 1298 νήσους,

183 1310 370 1348 pamm.»
392 1307 425 1347 2)
442 1306 514 1339 alii:
532 1307 765 1347 circunvaqus
778 1315 885 1337 arva:

188 1356 287 1389 beosa
298 1357 451 1388 Petamus
464 1365 562 1388 arva.
587 1356 619 1396 3)
636 1354 693 1387 alii
708 1355 882 1396 denique·
875 1379 882 1385 .

189 1406 421 1447 circumagi&
456 1414 544 1437 arva
580 1405 698 1437 beata:
733 1405 887 1437 Petamus

190 1463 289 1487 arva.
313 1454 384 1487 Sed
406 1463 473 1496 per
485 1463 525 1487 se
548 1453 767 1495 intelligitur,
791 1453 887 1485 insu-

187 1503 244 1536 las
259 1504 457 1536 circumflui
470 1505 628 1536 Oceano:
653 1505 689 1536 et
704 1499 884 1548 ἀναφορὰ

188 1554 309 1586 nostra
333 1562 461 1594 «ama,
495 1554 594 1586 beata
621 1557 778 1594 petamus
798 1561 886 1584 arva

189 1602 290 1643 (illan)
318 1611 404 1635 vere
434 1602 543 1644 lyrica
575 1606 640 1636 est.
679 1603 767 1635 Vide
788 1603 883 1643 Virg.

188 1653 276 1684 Aen.
300 1652 341 1691 7,
364 1653 441 1685 586.
470 1653 547 1685 587.
578 1671 615 1676 —
639 1652 771 1684 beata-
786 1652 885 1691 arva]

189 1702 284 1743 Virg.
303 1702 391 1734 Aen.
420 1702 458 1741 6,
487 1702 573 1735 638:
604 1703 772 1734 Devenere
798 1701 887 1732 locos

188 1751 292 1782 motos
317 1753 349 1783 et
375 1759 517 1783 mwena
542 1752 651 1783 vireta
683 1752 887 1783 Fortunato-

189 1808 269 1831 παπ
298 1808 472 1832 nemon-mn
503 1801 655 1840 sedesque
687 1800 811 1832 bealm.
846 1816 883 1821 —

159 1865 162 1867 Δ
189 1849 308 1880 divites
329 1852 361 1881 et
381 1849 518 1891 insulas]
543 1849 684 1881 additur
696 1858 763 1890 per
784 1846 889 1889 ἐπεξ-

189 1895 342 1940 ἡγησιν.
387 1899 437 1930 De
469 1898 667 1931 Orc-adibus
689 1897 810 1930 insulis
833 1898 887 1929 in·-

189 1948 404 1988 terpretatur
426 1948 564 1980 Comm.
591 1948 698 1988 Cruq.
715 1972 723 1986 ,
757 1947 887 1979 rectius

189 1995 349 2038 plerique
373 1996 419 2028 de
442 1997 610 2029 canariis.
652 1996 792 2028 Fundus
813 1993 888 2038 μύ-

188 2045 264 2078 θου
298 2047 353 2078 est
385 2045 527 2078 Hesiodi
563 2045 661 2078 loeus
691 2045 737 2077 ad
765 2054 801 2076 ν.
830 2045 884 2077 63.

190 2095 399 2136 exscriptus.
457 2095 691 2136 Antiquomm
724 2094 769 2126 de
799 2094 888 2126 bea-

190 2145 307 2176 torum
349 2143 469 2177 insulis
507 2145 691 2186 opiniones
735 2145 886 2186 optime,

191 2201 275 2225 mox
296 2194 331 2226 in
354 2193 500 2226 easdem
516 2194 729 2234 migraturus
744 2219 751 2231 ,
777 2201 890 2234 expo-

191 2242 262 2275 suit
298 2243 336 2274 C.
362 2242 401 2274 O.
437 2242 560 2275 Miiller
582 2243 617 2274 in
647 2241 889 2274 parentalibus

192 2289 364 2322 Guilielmi
386 2291 441 2322 IV.
475 2292 656 2331 Gottingae
685 2292 780 2323 4837.
821 2292 890 2323 Lo-

191 2347 255 2372 cus
293 2340 467 2380 imprimis
500 2340 754 2372 memorandus
777 2342 832 2372 est
854 2340 888 2372 in

193 2389 371 2420 Socratico
401 2387 458 2420 illo
488 2389 643 2420 Axiocho
674 2389 749 2421 374.
784 2389 822 2420 E.
851 2407 887 2412 —

192 2436 307 2469 Schol.
333 2436 417 2469 Plat.
441 2446 519 2479 pag.
541 2437 616 2470 934.
643 2438 706 2470 Ed.
726 2439 887 2470 nostrae:

192 2485 459 2527 Πτολεμαῖος·
467 2486 535 2519 -ἐν
546 2484 577 2519 δ’
587 2486 890 2532 Γεωγραφουμέ-

193 2545 268 2566 νων
297 2535 395 2578 φησὶ
427 2533 496 2576 τὰς
526 2533 712 2595 μακάρων
745 2533 890 2578 νήσους

195 2580 236 2625 ἓξ
258 2581 326 2615 τὸν
347 2582 516 2630 αριθμὸν
538 2582 636 2617 ειναι
657 2583 699 2618 ἐν
720 2583 767 2631 τῇ
783 2582 891 2625 ἐντὸς

194 2631 320 2679 Λιβύῃ
341 2631 440 2666 κατὰ
455 2634 499 2666 τὸ
519 2620 754 2667 Ἀτλαντικὸν
778 2633 891 2667 πέλα-

934 1019 1014 1052 γος.
1047 1010 1261 1051 Pomponius
1282 1009 1373 1042 Mela
1395 1009 1434 1050 3,
1460 1010 1521 1042 40;
1545 1011 1632 1043 For-

934 1062 1073 1101 turiatae
1093 1059 1222 1090 &uidae
1243 1058 1416 1091 abundant
1435 1067 1500 1091 sua
1519 1063 1632 1100 ῳοηω

932 1109 1051 1150 genitis
1084 1111 1115 1140 et
1147 1108 1284 1140 subinde
1314 1109 1394 1140 aliis
1422 1117 1524 1149 πειρον
1556 1109 1633 1141 altis

934 1157 1175 1190 inausa-entibus
1206 1158 1290 1189 new
1322 1158 1478 1190 sollicitos
1515 1159 1629 1198 alma,

934 1207 1061 1244 beatius
1087 1216 1190 1248 quam
1222 1207 1311 1240 aliae
1336 1208 1435 1240 urbes
1465 1209 1629 1240 multae.

935 1258 1104 1290 Ceterum
1137 1257 1189 1290 sic
1221 1258 1293 1290 iam
1326 1258 1433 1299 prisci
1469 1258 1631 1300 Aegyptii

934 1306 1067 1339 Inreros
1078 1314 1163 1339 suos
1177 1307 1213 1339 in
1227 1306 1390 1339 ultimum
1401 1307 1632 1340 Occidentem

935 1357 1175 1387 removerant.

978 1403 1096 1436 43-48.
1124 1405 1240 1437 Reddit
1264 1405 1321 1437 ubi
1343 1405 1426 1447 eet.]
1452 1404 1535 1438 «ubi
1555 1406 1632 1438 sine

934 1452 1145 1493 agricultura
1180 1455 1273 1486 terra
1304 1463 1347 1486 ex
1376 1462 1417 1486 se
1445 1455 1633 1495 quotannis

934 1501 1036 1534 effert
1050 1502 1203 1543 finges.-
1219 1503 1333 1535 Reddit
1348 1505 1470 1536 tamen
1484 1504 1531 1535 ita
1547 1513 1634 1545 quo-

934 1559 1005 1591 que
1031 1559 1134 1583 suam
1160 1552 1450 1592 significationem
1485 1554 1630 1585 retinet:

936 1600 1092 1640 «profert
1115 1600 1332 1633 frumentum
1355 1602 1456 1642 quasi
1472 1601 1634 1634 debitum

935 1649 1090 1681 humano
1113 1650 1274 1690 generi.»
1302 1667 1339 1673 —
1382 1653 1450 1683 Pro
1484 1651 1636 1683 Cererem

935 1699 1094 1730 Meineke
1117 1700 1259 1740 scripsit
1279 1709 1443 1738 cererem,
1474 1709 1547 1740 quo
1568 1709 1635 1741 per

934 1748 1179 1789 μετωνυμίαν
1201 1748 1418 1781 frumentum
1441 1748 1636 1790 intelligen-

936 1797 1023 1829 dum
1046 1806 1127 1829 esse
1150 1796 1278 1830 clarius
1294 1798 1519 1839 significaret.
1561 1798 1632 1831 Cfr.

938 1845 1077 1885 Quintil.
1103 1847 1143 1885 8,
1174 1847 1212 1885 6,
1244 1847 1298 1879 24.
1338 1848 1462 1880 Rarius
1495 1849 1531 1880 in
1564 1848 1634 1880 hoc

937 1903 1068 1936 genere
1091 1895 1204 1928 Pallas
1234 1897 1377 1937 ponitur
1399 1899 1435 1928 et
1466 1905 1532 1938 pro
1555 1896 1634 1929 olea

938 1946 974 1976 et
1002 1953 1067 1985 pro
1090 1944 1181 1977 oleo.
1221 1945 1319 1976 ovid.
1344 1948 1422 1978 Am.
1447 1947 1487 1985 2,
1513 1947 1574 1984 46,
1599 1947 1631 1979 8.

939 1993 1079 2026 Heroid.
1099 1994 1155 2031 49,
1182 1993 1235 2026 44.
1268 1995 1371 2026 Trist.
1390 1994 1428 2033 4,
1453 1996 1492 2033 5,
1518 1994 1558 2028 4;
1596 1996 1636 2027 Ut

936 2043 1018 2084 viyil
1038 2044 1150 2083 infusa
1170 2043 1306 2075 Pallade
1326 2045 1468 2084 flamma
1484 2045 1631 2076 solet.—

938 2091 1095 2133 inarata]
1141 2093 1192 2124 De
1238 2092 1395 2133 Γαβίοις
1438 2093 1637 2134 Aeschylus

940 2141 1075 2181 Fragm
1107 2141 1182 2174 484.
1207 2142 1331 2174 Dind.:
1369 2141 1415 2173 ἵν’
1440 2138 1519 2174 οὔτ’
1539 2138 1636 2188 ἆρο-

940 2199 1031 2234 τρον
1053 2200 1143 2223 ουτε
1160 2189 1331 2234 γατόιιος
1351 2192 1485 2234 Τέμνει
1499 2191 1634 2225 δίκελλ

938 2236 1127 2285 ἄρουραν,
1166 2237 1247 2272 ἀλλ’
1278 2237 1519 2297 αὖτόσποροι
1540 2239 1635 2275 rheu

938 2290 1104 2333 φέρουσι
1148 2289 1282 2330 βίοτον
1325 2286 1504 2330 ἄφθονον
1541 2291 1636 2348 fipe-

938 2342 1031 2379 τοῖς.
1060 2357 1095 2361 -
1121 2341 1298 2380 imputata]
1322 2349 1524 2381 «nunquam
1546 2342 1637 2373 vini-

940 2390 1026 2421 toris
1071 2388 1158 2421 falce
1202 2391 1294 2421 tacta
1337 2390 1441 2421 floret
1476 2398 1636 2430 uvasque

941 2438 1040 2470 fert.»
1055 2437 1124 2470 Cfr.
1138 2437 1312 2478 Virg.Ecl.
1331 2439 1363 2475 4,
1378 2440 1432 2471 29.
1450 2457 1485 2462 —-
1507 2439 1635 2481 termes]

942 2495 1082 2519 «ramus
1106 2486 1205 2519 oleae
1229 2496 1312 2519 cum
1334 2487 1433 2520 bacis
1452 2488 1635 2520 dominum

941 2544 1122 2576 nunquam
1147 2535 1230 2568 fallit
1252 2535 1308 2568 vel
1337 2536 1464 2577 frigore
1486 2536 1542 2569 vel
1565 2538 1636 2569 sic-

941 2586 1044 2617 citate
1068 2587 1204 2618 ustus.»
1223 2603 1259 2608 —
1284 2585 1390 2618 Suam
1405 2604 1424 2609 -
1438 2603 1457 2609 —
1470 2586 1635 2628 arborem]

942 2635 1014 2666 den
1035 2635 1350 2667 Mutterstamm.
1381 2636 1482 2668 Voss.
1501 2636 1633 2672 «Ficus,
