1722 2904
202 71 283 113 532

712 71 881 103 HORATII
908 71 1134 105 CARMINUM

371 175 536 218 Tiburis
566 176 682 233 ripas
713 189 899 232 operosa
928 189 1087 232 parvus

547 256 744 299 Carmina
772 255 899 313 fingo.

371 362 580 406 Concines
610 362 774 405 maiore
803 366 931 418 poeta
966 360 1129 418 plectro

371 444 620 492 Caesarem,
657 441 920 499 quandoque
949 440 1089 485 trahet
1115 441 1282 486 feroces

370 526 453 568 Per
483 538 655 568 sacrum
684 522 841 566 clivum
869 523 1022 565 merita
1053 522 1240 566 decorus

1597 525 1651 567 35

539 604 709 648 Fronde
740 602 1004 662 Sygambros
1020 637 1029 654 ,

286 714 340 746 34.
376 714 466 745 rivos
488 711 601 745 Bentl.
628 711 718 744 coni.
760 728 796 734 —
835 709 890 743 34.
917 709 1031 742 trahat
1064 717 1244 751 superscr.
1283 709 1359 743 «vel
1393 711 1522 744 trahet»
1547 711 1585 744 d.
1615 729 1651 735 -—-

244 763 296 795 35.
323 763 441 795 clivom
463 761 575 794 Bentl.
604 778 640 784 -—
666 760 721 793 36.
746 759 951 802 Sygambros
972 758 1067 799 Bbc,
1100 759 1145 799 C,
1176 758 1309 800 Bentl.,
1335 760 1431 794 FMJ:
1467 760 1611 802 Sycam-

244 813 319 845 bros
341 813 382 852 S,
408 811 599 844 Sicambros
621 810 735 851 cd,Lt.

243 906 296 938 34.
329 905 382 937 32.
415 905 529 945 ripas]
565 902 746 943 absolute,
770 904 810 935 ut
833 902 897 935 Od.

200 956 237 995 3,
263 956 306 987 25
322 981 329 995 ,
359 955 437 994 43.,
478 954 541 986 ubi
564 963 635 986 non
659 954 775 986 minus
798 952 899 985 facile

197 1005 298 1037 Hebri
337 1005 465 1046 cuique
515 1004 551 1036 in
600 1004 760 1035 mentem
804 1003 901 1035 venit

199 1062 309 1096 quam
338 1053 396 1085 hic
418 1053 562 1085 Anienis.
597 1053 811 1094 Neutiquam
835 1053 901 1094 igi-

197 1106 254 1136 tur
268 1103 359 1135 rivos
381 1101 583 1143 legendum.
606 1119 642 1124 —
662 1102 812 1144 operosa]
839 1111 902 1144 op-

197 1154 378 1195 ponuntur
400 1153 459 1192 iis,
494 1160 585 1193 quae
612 1152 726 1193 poetis
742 1177 749 1191 ,
789 1152 901 1194 inspi-

196 1202 358 1235 rantibus
373 1202 501 1241 Musis,
537 1200 645 1234 veluti
669 1202 796 1243 sponte
819 1210 903 1243 pro-

195 1252 353 1285 veniunt.
382 1270 419 1275 -
440 1251 588 1293 parvus]
616 1251 675 1283 «ut
697 1253 772 1292 apis
797 1259 900 1283 com-

195 1302 320 1343 parata
350 1309 432 1333 cum
464 1309 598 1341 cycn0‚
634 1301 682 1332 ita
716 1309 780 1341 ego
816 1309 900 1333 cum

195 1351 348 1384 Pindaro
384 1351 618 1390 commissus,
671 1351 786 1383 tenuis
818 1359 900 1383 sum

197 1403 305 1443 atque
339 1399 483 1433 humilis
523 1402 663 1442 poeta.»
706 1419 743 1424 -
790 1400 898 1442 fingo]

196 1447 347 1483 πλάττω
362 1474 371 1490 ,
403 1449 516 1482 verbo
540 1450 683 1482 Graecis
707 1449 752 1482 de
784 1449 899 1482 melli—

194 1500 274 1533 ficio
298 1500 458 1542 proprio.

239 1550 292 1582 33.
335 1550 491 1582 Concines
524 1549 612 1591 cet.]
649 1549 821 1590 «Dignius
861 1551 898 1582 tu

195 1608 303 1632 canes
327 1599 373 1631 ad
400 1598 532 1640 lyram,
565 1599 682 1631 maius
705 1607 899 1640 argumen-

194 1651 271 1681 tum
300 1649 533 1687 tractaturus,
570 1648 717 1689 Augusti
747 1647 895 1689 laudes,

193 1707 283 1740 quas
321 1706 470 1739 operosa
509 1706 590 1729 mea
632 1698 788 1729 carmina
826 1706 897 1730 non

193 1748 468 1789 assequuntur.»
508 1747 565 1779 Sic
594 1747 690 1779 enim
717 1746 810 1779 malo
834 1755 898 1779 ex—

191 1797 323 1840 plicare
347 1805 455 1838 quam
479 1805 563 1828 cum
584 1798 748 1829 Acrone:
781 1797 898 1829 «Can-

192 1848 285 1880 tabis
309 1847 499 1879 nobiscum
522 1847 575 1886 tu,
601 1847 769 1887 Antoni‚»
800 1846 897 1888 quod

192 1897 322 1940 probat
338 1898 453 1938 Unger
469 1895 514 1928 de
532 1897 571 1928 C.
589 1895 710 1937 Valgio
730 1905 810 1938 pag.
839 1896 893 1929 24.

192 1948 332 1980 Etenim
359 1947 389 1978 si
419 1946 487 1978 hoc
517 1944 687 1978 voluisset
709 1946 893 1986 Horatius,

192 1998 250 2029 hic
286 1996 406 2028 statim
441 1994 729 2036 subiungendum
763 1994 895 2036 aliquid

193 2047 316 2079 fuisset
332 2045 377 2078 de
394 2047 495 2087 parte
509 2045 553 2077 ab
571 2045 648 2086 ipso
665 2045 700 2077 in
717 2045 771 2076 his
786 2044 896 2076 laudi-

193 2095 261 2128 bus
284 2096 434 2128 Antonio
459 2094 682 2127 demandatis
706 2103 896 2127 assumen-

197 2145 254 2177 da.
273 2162 309 2168 —
328 2145 479 2185 Iungunt
496 2144 643 2185 quidam
653 2146 758 2184 poeta
767 2144 898 2176 maiore

188 2195 316 2234 plectro
347 2193 564 2235 (praeditus);
607 2193 673 2226 sed
700 2192 894 2235 simplicius

193 2245 262 2276 est:
303 2244 454 2275 concines
482 2244 612 2275 maiore
639 2243 791 2283 plectro,
829 2243 896 2274 «ut

193 2294 297 2334 poeta
311 2301 397 2325 vere
415 2293 482 2325 hoc
499 2293 642 2325 nomine
660 2292 804 2333 dignus,
822 2291 896 2334 ple—

192 2342 291 2374 niore
313 2350 417 2382 sono,
444 2342 642 2383 grandioris
659 2342 802 2383 spiritus
820 2350 895 2373 car-

191 2392 322 2424 mine.»
370 2392 426 2424 Sic
458 2392 556 2424 Ovid.
592 2392 673 2425 Met.
708 2392 768 2431 40,
809 2391 891 2423 45οε

191 2442 294 2473 cecini
318 2440 444 2481 plectro
473 2442 632 2482 graviore
662 2441 827 2482 Gigantas
842 2457 861 2463 -
875 2458 894 2463 -

191 2491 288 2522 Nunc
304 2499 386 2531 opus
400 2494 447 2523 est
462 2491 582 2523 leviore
595 2491 683 2531 lyra.
712 2491 892 2531 (Ceterum

193 2540 358 2573 Horatius
395 2548 577 2581 nunquam
608 2540 768 2582 profecto
797 2540 895 2581 cogi—

192 2590 277 2621 tavit
292 2589 336 2622 de
352 2591 508 2631 Augusto
532 2598 615 2622 cum
631 2589 782 2622 Pindaro
798 2598 894 2622 com-

193 2639 369 2679 parando,
404 2641 443 2673 ut
475 2639 637 2682 opinatus
662 2641 716 2672 est
740 2639 893 2672 novissi-

950 897 1034 934 mus
1066 903 1266 944 interpres:
1310 903 1395 935 «Du
1425 904 1523 936 wir-st
1552 904 1653 936 sehon

950 952 1077 993 besser,
1102 952 1154 984 als
1175 953 1247 993 ich,
1272 952 1335 985 den
1355 952 1523 995 Auqustus
1543 953 1652 986 besin-

948 1010 1034 1043 ¹qen,
1075 1003 1137 1034 der
1176 1002 1230 1035 ein
1263 1002 1430 1048 dhnliches
1451 1003 1554 1036 Genio
1587 1003 1654 1036 wie

948 1052 1075 1084 Pindar
1097 1051 1155 1092 ist,
1187 1052 1299 1084 desset»
1319 1052 1565 1095 Bestrobunqen
1585 1053 1653 1085 wir

948 1101 1116 1134 kleineren
1142 1102 1271 1134 Geister
1299 1101 1366 1134 alle
1392 1102 1532 1144 sordem
1562 1105 1652 1135 mii-§-

948 1151 1055 1194 sen.»)
1083 1169 1116 1175 -
1138 1151 1254 1194 poeta]
1277 1152 1410 1194 quippe
1425 1152 1488 1194 qui
1505 1153 1653 1186 Diome—

949 1201 1056 1233 deam
1078 1202 1331 1242 composuerit.

994 1268 1047 1302 34.
1074 1269 1283 1312 quandoque]
1306 1269 1650 1312 «quandocunque»

949 1320 1039 1351 Nam
1061 1320 1146 1351 tunc
1167 1319 1287 1361 ipsum
1309 1328 1381 1352 non
1404 1319 1584 1362 cogitabat
1605 1319 1651 1353 de

949 1369 1129 1410 triumpho
1153 1368 1330 1401 ducendo.
1367 1369 1483 1402 Immo
1507 1377 1539 1402 a.
1555 1378 1592 1403 u.
1611 1378 1644 1403 c.

949 1417 1024 1451 744.
1050 1419 1230 1459 Augustus
1253 1417 1363 1451 rebus
1387 1417 1536 1460 Gallicis,
1561 1421 1651 1452 Ger-

949 1468 1117 1508 manicis,
1165 1468 1436 1510 Hispanicisque
1482 1468 1650 1502 omnibus

950 1517 1157 1559 compositis
1191 1517 1348 1550 honores
1382 1526 1402 1550 a
1435 1519 1561 1551 senatu
1584 1518 1650 1551 de—

950 1569 1069 1600 cretos
1103 1575 1176 1599 non
1204 1567 1344 1609 accepit
1371 1567 1408 1600 et
1437 1568 1625 1609 praeterea
1639 1594 1647 1609 ,

949 1624 1139 1649 occursum
1163 1615 1285 1658 populi
1306 1617 1500 1657 vitaturus,
1539 1618 1648 1650 noctu

932 1665 1078 1698 'urbem
1101 1666 1253 1698 intravit.
1292 1665 1367 1707 (Dio
1391 1666 1490 1699 Cass.
1507 1665 1562 1707 54,
1579 1667 1647 1708 25.)

947 1716 1009 1748 Est
1041 1715 1168 1756 igitur:
1219 1723 1326 1748 «cum
1359 1715 1426 1757 ipsi
1459 1714 1649 1757 aliquando

948 1764 1105 1807 placebit
1143 1764 1407 1807 triumphare.»
1445 1784 1482 1789 —
1522 1765 1646 1809 trahet]

948 1815 1034 1857 Epp.
1060 1815 1097 1854 2,
1125 1815 1162 1855 4,
1192 1814 1247 1847 494
1268 1823 1275 1846 :
1300 1815 1386 1848 Mox
1407 1815 1556 1847 trahitur
1575 1824 1649 1848 ma-

946 1864 1042 1897 nibus
1063 1873 1182 1906 regum
1202 1864 1356 1896 Fortuna
1375 1865 1520 1897 retortis.

990 1933 1044 1965 35.
1079 1941 1214 1965 sacrum
1236 1932 1374 1974 clivmn]
1405 1933 1515 1966 Sacer
1536 1931 1647 1966 clivus

946 1991 966 2014 a
990 1980 1084 2014 nullo
1108 1981 1282 2023 scriptore
1305 1982 1527 2014 memoratur
1539 1990 1648 2024 prae·-

946 2033 1110 2073 terquam
1137 2031 1183 2063 ab
1207 2032 1349 2064 Horatio
1381 2032 1418 2064 et
1445 2040 1467 2064 a
1488 2029 1646 2065 Martiale

946 2082 986 2121 4,
1022 2081 1082 2121 70,
1118 2082 1150 2113 5.
1201 2082 1344 2114 Partem
1376 2081 1483 2114 fuisse
1516 2082 1646 2114 Sacrae

944 2131 1022 2163 viae
1053 2129 1180 2163 leniter
1208 2131 1485 2172 ascendentem,
1525 2130 1647 2164 diver-

945 2189 1023 2214 sam
1047 2189 1067 2212 a
1087 2180 1181 2213 ⁴clivo
1207 2180 1403 2223 Capitolino
1428 2182 1550 2224 (quem
1571 2189 1648 2215 me-

943 2232 1059 2263 morat
1091 2231 1203 2263 Varro
1244 2232 1308 2264 LL.
1333 2232 1372 2271 5,
1397 2230 1452 2264 47.
1476 2240 1558 2274 pag.
1586 2231 1640 2264 48.

944 2279 1090 2321 Muell.),
1119 2280 1302 2313 contendit
1317 2281 1385 2313 Fea
1410 2279 1454 2312 ad
1471 2280 1584 2322 Epod.
1609 2281 1642 2321 7,

944 2330 975 2362 8.
1014 2329 1102 2362 Vide
1126 2330 1198 2362 iam
1222 2330 1431 2362 Excursum.
1616 2325 1626 2333 '

988 2391 1042 2423 36.
1061 2391 1274 2434 Sygambros]
1290 2391 1395 2433 Apud
1411 2392 1491 2425 Tac.
1505 2394 1595 2425 Ann.
1609 2393 1641 2432 2,

943 2441 997 2473 26.
1024 2441 1192 2474 scribitur
1213 2441 1438 2483 Sugambros,
1478 2442 1518 2474 ut
1539 2441 1645 2474 Suria

945 2491 1013 2522 cet.
1062 2490 1223 2523 Straboni
1239 2490 1271 2523 4.
1289 2499 1325 2532 p.
1345 2490 1420 2524 494.
1446 2491 1528 2524 sunt
1548 2488 1642 2524 Σού-

943 2539 1124 2586 γαμβροι,
1150 2540 1252 2572 Dioni
1263 2539 1318 2580 54,
1332 2539 1386 2573 20.
1404 2537 1640 2586 Σύγαμβροι,

944 2588 1095 2631 populus
1125 2589 1334 2622 Germaniae
1364 2589 1517 2622 tractum
1550 2590 1644 2623 inter

944 2639 1128 2679 Rhenum,
1169 2639 1296 2680 Sigiam
1332 2639 1368 2672 et
1399 2639 1572 2682 Luppiam
1603 2639 1639 2671 ss.
