1722 2904
623 66 702 100 Lm.
725 66 783 99 lv.
831 66 870 98 C.
895 66 936 98 11.

269 173 434 229 Teque,
466 169 568 213 dum
597 168 811 227 procedit,

269 253 362 295 Non
392 249 526 295 semel
556 249 776 299 dicemus,
809 249 850 292 io
882 247 1134 305 Triumphe,

1461 60 1544 103 535

844 168 886 211 io
917 166 1146 225 Triumphe
1164 201 1172 215 ,

272 331 429 376 Civitas
459 330 598 375 omnis
628 328 914 386 dabimusque
943 327 1054 371 divis

442 410 583 454 Thura
611 409 820 467 benignis.

270 507 327 549 Te
358 504 510 548 decem
540 502 649 547 tauri
681 501 946 558 totidemque
975 513 1157 550 vaccae,

192 611 246 646 49.
274 611 379 652 raquo
398 610 541 650 BbScd,
566 612 639 643 tres
661 607 797 649 Bland.‚
823 607 945 649 scripti
960 615 1088 640 omnes
1103 606 1316 639 vetustiores
1331 606 1477 640 Bentleii
1493 633 1500 646 ,

144 669 271 694 omnes
285 660 441 693 Pottierii
456 660 598 701 praeter
612 667 735 698 unum,
753 657 827 689 LCJ
838 667 845 688 :
874 657 984 697 Tuque
997 657 1085 689 Pott.
1102 656 1173 694 22„
1190 655 1275 695 tm,
1291 657 1386 696 Isque
1399 657 1502 689 Bent-

145 710 234 744 leius
256 710 349 743 coni.
383 725 420 732 —
448 708 599 749 procedit
620 709 666 747 B,
702 707 847 740 firmans
874 706 916 739 D.
941 705 1071 738 Heinsii
1100 705 1192 738 coni.
1218 714 1238 737 a
1262 706 1446 747 Rutgersio
1467 707 1503 738 et

143 758 301 793 Bentleio
320 759 519 800 receptam:
539 757 693 798 procedis
713 755 808 788 bScd
824 764 908 788 cum
922 755 1052 788 ceteris
1067 754 1165 788 libris
1180 756 1272 788 notis
1287 756 1325 788 et
1338 755 1498 788 LCtFMJ.

103 852 262 886 omnium
306 850 591 892 antiquissimum
639 851 799 882 nostrum

104 901 190 936 Cod.
214 901 241 934 B
264 899 484 939 firmantem,
517 898 613 940 quod
636 899 678 931 D.
696 898 802 930 Hein-

103 951 178 984 sius
200 951 237 982 et
250 949 427 982 Bentleius
446 948 621 989 sagaciter
635 947 801 979 viderunt

104 1009 170 1042 pro
191 1008 226 1032 v.
245 999 418 1040 procedis,
442 999 525 1030 nato
549 1006 592 1030 ex
614 1005 723 1039 prava
742 1005 802 1028 ac-

103 1047 388 1082 commodatione
411 1047 458 1080 ad
479 1046 560 1080 lect.
596 1050 710 1086 euque,
746 1045 800 1078 le-

102 1097 261 1140 gendum
306 1105 387 1130 esse
407 1093 410 1096 ’
420 1096 572 1138 ρνοωαίε
607 1096 796 1137 Augustus.

106 1147 203 1189 (Hire
225 1147 346 1179 autem
368 1155 411 1179 ac
439 1154 554 1188 paene
582 1143 800 1177 incredibili-

104 1198 161 1229 ter
182 1194 287 1237 Rege!
320 1195 518 1235 contendit,
554 1194 647 1227 hanc
680 1202 799 1226 meam

103 1245 310 1285 lectionem,
345 1253 438 1287 quae
474 1244 632 1278 innititur
665 1243 798 1282 Codici,

102 1296 143 1327 ut
162 1295 232 1327 hoc
254 1293 373 1327 denuo
395 1293 588 1334 inculcem,
628 1294 801 1335 antiquis-

105 1344 196 1376 simo
229 1343 322 1376 inter
354 1351 480 1376 omnes
518 1342 636 1375 adhuc
672 1343 774 1375 notos
790 1367 798 1381 ,

104 1393 233 1426 idonea
254 1393 461 1425 auctoritate
483 1392 689 1425 destitutam
705 1400 797 1424 esse.

105 1441 196 1481 Quid
210 1443 332 1474 autem
346 1441 567 1474 manifestius
583 1450 691 1482 quam
708 1450 750 1473 ex
763 1450 797 1473 v.

105 1491 247 1524 Camere
274 1491 332 1522 hic
355 1489 517 1522 facillime
539 1491 653 1532 repeti
677 1490 801 1523 Caesar

98 1539 273 1580 procedit?
295 1539 341 1571 de
357 1547 445 1580 quo,
470 1540 592 1580 utpote
607 1539 802 1580 triumpha-

103 1590 200 1628 tore,
225 1588 448 1630 aptissimum
471 1589 527 1620 est
548 1588 617 1620 hoc
634 1588 797 1627 verbum,

104 1637 150 1670 de
167 1637 426 1680 spectatoribus
447 1646 534 1669 vero
556 1636 659 1678 longe
682 1638 800 1670 minus

104 1695 301 1728 congruum
315 1686 480 1727 videtur.)
518 1688 557 1719 In
582 1687 651 1719 hoc
679 1688 799 1719 autem

102 1737 230 1778 poetae
268 1733 541 1779 ἐνθουσιασμῷ
581 1736 726 1768 minime
764 1737 800 1767 in

105 1794 150 1818 eo
172 1785 354 1818 offendere
389 1784 584 1824 debemus,
622 1785 720 1826 quod
741 1785 799 1817 hic

104 1834 336 1876 Triumphum
371 1835 407 1866 et
434 1834 578 1876 stropha
601 1835 774 1875 sequente
789 1859 797 1873 ,

104 1883 310 1925 interposito
333 1884 454 1915 tamen
477 1883 656 1915 communi
686 1882 798 1915 verbo

104 1932 256 1965 dabimus
288 1932 389 1973 (nego
423 1933 459 1964 et
488 1933 526 1963 tu
555 1940 669 1973 aeque
692 1932 799 1972 atque

104 1989 230 2014 omnes
257 1980 386 2022 cives»)
421 1981 601 2013 secundae
624 1989 799 2022 personae

103 2031 313 2073 pronomine
329 2039 452 2063 rursus
468 2029 657 2072 alloquitur
670 2029 796 2062 Iulum.

103 2080 189 2112 Post
216 2080 375 2112 nostram
406 2079 596 2112 lectionem
629 2088 650 2111 a
685 2079 796 2112 Codd.

104 2129 296 2161 maximam
328 2128 438 2161 habet
471 2129 716 2161 auctoritatem
740 2130 800 2161 Το-

105 2187 185 2218 que,
217 2178 488 2218 dtmprocedis,
523 2178 559 2210 id
583 2179 656 2217 est,
692 2178 799 2210 «dum

105 2228 163 2267 tu,
188 2227 378 2268 Triumphe
394 2253 402 2266 ,
426 2227 608 2269 procedis,
634 2228 669 2260 in
693 2229 800 2269 Capi-

107 2276 230 2309 tolium
253 2276 429 2309 duceris.»
475 2277 589 2309 Tertia
612 2286 656 2309 ex
679 2286 801 2310 corre-

106 2326 221 2358 ctione
255 2326 337 2358 nata
371 2326 445 2358 est:
485 2326 595 2366 Tuque
620 2326 698 2359 dum
715 2336 801 2367 pro-

106 2376 210 2414 οαίἱε,
248 2376 432 2415 «Antonin,
469 2377 508 2407 ut
537 2375 695 2417 plerique
726 2378 801 2409 sta-

106 2426 227 2463 tuunt,
262 2423 318 2456 alii
340 2423 440 2462 olim,
467 2434 509 2457 «o
531 2424 623 2457 Sol.»
667 2425 800 2457 Verum

107 2482 216 2515 quam
239 2474 378 2515 ineptae
402 2482 526 2506 omnes
553 2475 640 2506 istae
655 2474 724 2506 sint
747 2473 801 2506 le-

109 2524 262 2563 ctiones,
295 2523 385 2554 adeo
419 2522 514 2555 clare
547 2523 801 2555 demonstravit

109 2571 302 2611 Bentleius,
334 2572 374 2604 ut
400 2571 542 2604 refutari
571 2573 713 2605 omnino
735 2581 800 2604 ne—

110 2623 232 2662 queat,
262 2622 326 2654 etsi
349 2622 466 2654 minus
483 2620 562 2654 felix
584 2621 647 2654 fuit
667 2622 700 2654 in
716 2630 801 2663 pro-

848 847 1014 890 ponendo
1047 848 1143 888 1squo
1175 856 1240 890 pro
1269 847 1401 880 Horatii
1428 847 1545 889 Teque.

849 897 1013 930 Omnium
1048 898 1168 930 autem
1202 896 1357 929 maxime
1380 897 1470 930 mira
1493 898 1547 930 est

849 946 1024 979 distinctio
1070 945 1134 978 Ed.
1172 944 1543 979 Gesnerobothianae:

847 1004 994 1035 canam,
1017 998 1149 1036 recepto
1164 995 1307 1028 Caesare
1326 995 1412 1036 felic
1428 995 1543 1036 Teque.

847 1046 939 1078 Dum
965 1045 1131 1085 procedis.
1170 1062 1207 1068 —
1250 1045 1419 1078 Ceterum
1447 1047 1545 1078 recte

848 1094 920 1127 iam
934 1093 1149 1127 scholiastae
1172 1095 1311 1127 cuncti:
1339 1094 1412 1127 «Ad
1428 1095 1546 1137 ipsum

847 1144 1080 1185 Triumphum
1101 1152 1296 1176 conversus
1311 1152 1414 1176 sacra
1429 1143 1547 1176 accla-

848 1193 1003 1226 matione
1019 1193 1089 1225 hoc
1112 1192 1232 1225 dicit.»
1258 1210 1295 1217 —
1322 1193 1442 1225 «Nicht
1463 1193 1548 1226 blo-32

848 1244 956 1284 teque
979 1243 1060 1274 oder
1081 1243 1212 1284 tuque,
1248 1243 1335 1274 auch
1356 1242 1462 1283 dum,
1486 1243 1548 1275 das

849 1292 963 1324 Horaz
989 1292 1078 1324 nach
1107 1293 1181 1324 dem
1208 1295 1315 1324 ersten
1336 1292 1446 1324 Buche
1471 1293 1548 1324 nir-

846 1342 933 1383 9end
954 1342 990 1373 in
1012 1341 1076 1373 den
1096 1341 1260 1374 Carmina
1283 1333 1547 1374 anwer'tdet-md

848 1390 1024 1432 einiyomal
1045 1390 1091 1432 (z.
1111 1391 1151 1423 Β.
1175 1391 1236 1422 Od.
1261 1391 1300 1430 2,
1319 1391 1379 1430 42,
1395 1391 1451 1423 25.
1475 1391 1546 1422 und

848 1441 884 1472 in
905 1439 1011 1480 Epod.
1036 1441 1079 1479 5,
1104 1441 1159 1472 55.
1189 1440 1251 1471 mu
1273 1440 1335 1472 den
1357 1440 1458 1479 Mn,
1491 1449 1546 1471 wo

848 1498 932 1522 cum
963 1490 1023 1530 fiir
1055 1490 1118 1521 den
1146 1489 1280 1530 Beqriff
1302 1497 1366 1520 zur
1397 1489 1470 1521 Zeit
1492 1497 1545 1520 wo

849 1540 910 1571 das
932 1538 1069 1580 bessere)
1092 1547 1138 1570 zu
1150 1537 1335 1570 ver-treiben
1348 1539 1405 1578 ist,
1423 1539 1546 1570 scheinc

849 1589 902 1621 ein
934 1588 1026 1620 Flick
1066 1591 1146 1620 stau
1178 1588 1238 1619 der
1269 1588 1545 1629 urspriiwlichen

847 1638 965 1669 Lesart
993 1646 1039 1669 zu
1069 1637 1173 1669 sein.»
1215 1637 1428 1669 Bssmuunnr.
1476 1637 1546 1669 Sed

848 1687 934 1728 quid
962 1686 1252 1719 substituendum
1282 1687 1328 1718 sit
1347 1685 1543 1728 particulae

848 1737 946 1776 dum,
971 1735 1151 1777 quomodo
1170 1734 1341 1776 legendus
1357 1736 1452 1768 totus
1466 1744 1547 1767 ver-

849 1784 980 1819 siculus
993 1810 1000 1824 ,
1026 1784 1146 1817 dicere
1168 1784 1271 1817 nobis
1294 1784 1457 1825 dignatus
1473 1793 1544 1817 non

849 1836 915 1867 est.
962 1834 1004 1866 Et
1026 1843 1117 1866 nova
1131 1833 1291 1875 profecto
1312 1834 1397 1865 mihi
1418 1834 1547 1866 accidit

848 1884 1007 1916 doctrina
1052 1884 1117 1916 ista
1152 1883 1197 1915 de
1230 1884 1320 1924 part.
1357 1884 1459 1922 dm,
1499 1883 1545 1915 ab

848 1933 990 1966 Horatio
1033 1934 1115 1974 post
1159 1932 1364 1964 carminum
1404 1931 1480 1964 Lib.
1518 1933 1543 1964 1.

848 1990 1026 2023 nusquam
1040 1982 1208 2023 usurpata
1225 1990 1233 2019 3
1257 1981 1436 2022 reperitur
1451 1981 1545 2014 enim

848 2032 911 2064 Od.
936 2032 974 2071 2,
1002 2031 1040 2070 3,
1068 2031 1119 2062 45.
1153 2030 1215 2074 40,
1240 2030 1273 2061 2.
1310 2030 1370 2069 44,
1397 2030 1450 2062 46.
1488 2031 1542 2071 42,

847 2082 902 2114 25.
927 2079 990 2112 Od.
1015 2079 1055 2119 3,
1081 2080 1120 2118 7,
1147 2079 1199 2111 48.
1234 2079 1295 2119 44,
1319 2078 1374 2111 23.
1401 2079 1462 2118 47,
1489 2079 1542 2112 43.

847 2131 908 2170 20,
933 2130 966 2162 9.
1004 2127 1140 2168 24,24.
1180 2127 1293 2167 30,8.
1333 2127 1397 2160 Od.
1423 2127 1461 2167 4,
1488 2129 1542 2168 42,

847 2180 922 2217 26.;
959 2186 1044 2218 ergo
1069 2178 1213 2219 praeter
1234 2178 1398 2210 nostrum
1426 2176 1563 2210 locum-

847 2228 1031 2261 undecies.

891 2278 946 2310 52.
972 2277 1093 2316 Thura]
1116 2275 1256 2309 Adoleri
1284 2275 1447 2309 solebant
1467 2276 1546 2309 thu-

848 2336 887 2359 ra
917 2328 952 2358 in
978 2326 1047 2358 aris
1073 2325 1296 2367 temporariis
1322 2334 1389 2367 per
1410 2325 1546 2367 plateas

849 2379 885 2409 et
910 2385 1032 2415 areas,
1057 2384 1147 2417 quas
1168 2383 1300 2417 pompa
1323 2375 1544 2417 triumphalis

849 2426 1046 2466 attingeret,
1064 2425 1264 2457 exstructis.
1287 2424 1442 2465 SicVirg.
1453 2426 1541 2456 Aen.

849 2475 983 2514 &⁴052
1008 2475 1294 2506 onmes--Thura
1310 2473 1456 2512 dabant,
1482 2473 1542 2505 ubi

850 2524 1009 2556 Servius:
1029 2523 1167 2556 «Verbo
1179 2531 1363 2555 sacrorum
1376 2531 1461 2554 usus
1474 2523 1540 2554 est.

849 2574 936 2605 Nam
971 2572 1040 2604 dici
1074 2572 1211 2605 solebat
1233 2573 1268 2604 in
1292 2572 1425 2604 sacris:
1464 2572 1516 2603 DA
1532 2597 1541 2609 ,,

849 2629 935 2660 ouon
958 2629 1086 2662 naurs,
1109 2630 1156 2654 DE
1176 2629 1269 2655 mxu
1290 2628 1418 2653 DEXTRA
1434 2628 1542 2653 uus.»
