1722 2904
564 86 577 109 ’·
599 102 681 136 un.
705 103 762 136 m.

810 102 849 136 C.
874 103 916 135 11.

402 208 540 251 Vexet
567 219 706 264 eques
734 205 994 250 metuendus
1021 205 1144 250 hasta

295 313 522 370 vitamque
551 311 632 355 sub
662 310 762 355 divo
792 318 835 355 et
862 311 1042 370 trepidis
1072 319 1170 369 agat
1485 313 1512 355 5

318 394 323 399 '
353 422 364 424 -ν
419 393 515 438 bus.
574 391 697 436 Illum
726 406 781 436 ex
808 392 1036 436 moenibus
1063 392 1240 437 hosticis

257 491 278 504 r
350 475 542 518 Matrona
570 472 768 517 bellantis
798 473 966 531 tyranni

198 539 202 543 ⁵
404 554 679 613 Prospiciens
707 560 751 597 et
778 553 924 597 adulta
950 554 1072 611 virgo

293 661 506 718 Suspiret‚
540 660 674 710 eheu,
706 673 761 703 ne
793 658 914 702 rudis
942 659 1159 716 agminum

294 743 492 799 Sponsus
521 740 708 785 lacessat
735 732 882 798 regius
911 753 1116 798 asperum

1456 740 1510 783 ⁴0

349 824 480 866 'sactu
508 821 700 873 leonem,
732 835 863 879 quem
893 827 1071 865 cruenta

404 904 490 946 Per
518 902 683 946 medias
712 902 823 959 rapit
851 902 916 944 ira
945 901 1116 945 caedes.

152 1031 186 1063 ὖ.
210 1029 265 1062 dio
283 1029 338 1062 et.

365 1046 403 1052 —
426 1029 503 1060 divo
524 1028 660 1069 trepidis
681 1027 845 1068 Doering.
870 1026 1044 1059 Refutavit
1065 1026 1183 1068 Regel.
1205 1045 1241 1050 —

1267 1027 1341 1068 (Vv.
1360 1028 1421 1060 5-
1427 1029 1441 1061 4
1448 1029 1468 1060 2

112 1079 245 1112 desunt
265 1079 302 1111 in
322 1078 375 1119 B.)
402 1096 439 1102 —
463 1077 496 1110 9.
518 1078 583 1110 hou
601 1077 665 1110 heu
685 1076 720 1109 d.
746 1077 865 1109 Ceteri
886 1077 958 1108 mei
979 1077 1070 1109 eheu.

109 1185 143 1217 3.
165 1184 199 1218 4.
232 1183 389 1226 Pervius]
413 1184 477 1216 Hic
497 1180 654 1227 γνώμας
675 1191 762 1224 pro—

21 1262 26 1266 .
65 1242 204 1276 ponens
216 1234 361 1276 proprio
375 1234 485 1266 utitur
498 1234 641 1266 nomine
653 1258 661 1272 ‚
678 1232 761 1265 alibi

65 1292 174 1326 saepe
202 1282 409 1326 praeferens
435 1283 575 1325 poetica
601 1282 658 1316 vel
687 1284 762 1316 Me-

63 1334 186 1366 dorum
214 1332 273 1366 vel
303 1334 481 1365 Personam
508 1331 694 1365 vocabula.
721 1351 758 1356 —

68 1382 186 1424 Vaut]
223 1383 367 1423 «urgeat
399 1383 436 1414 et
457 1381 647 1415 conturbet
667 1382 762 1414 acri-

66 1433 194 1473 terque
214 1433 484 1473 persequatur.»

108 1482 142 1513 δ.
176 1480 236 1512 sub
257 1481 333 1513 divo
355 1484 387 1513 et
408 1480 559 1522 trepidis]
598 1482 656 1513 «et
677 1489 760 1513 cum

66 1529 227 1563 molestia
260 1532 298 1563 et
328 1531 365 1563 in
395 1530 597 1572 periculis.»
650 1531 762 1564 Parti-

65 1579 145 1613 cula
166 1583 198 1612 et
217 1589 342 1613 carere
364 1589 436 1613 non
450 1589 653 1622 possumus,
678 1589 761 1612 cum

64 1631 185 1672 inepta
206 1630 252 1662 sit
273 1631 467 1662 sententia:
506 1631 633 1662 «vitam
656 1630 762 1671 degat

65 1680 103 1712 in
122 1678 288 1722 periculis
317 1679 385 1712 sub
413 1679 531 1711 divo.»
560 1680 707 1720 Trepidis
727 1680 762 1711 in

64 1729 164 1762 rebus
185 1728 272 1761 dixit
293 1729 399 1761 etiam
418 1729 536 1763 Livius
555 1728 593 1767 4,
620 1729 672 1761 47.
699 1729 759 1768 34,

66 1779 121 1811 44.
144 1779 182 1810 ὄπ
200 1787 241 1810 ro
261 1778 394 1818 trepida
414 1779 453 1817 5,
477 1779 532 1810 50.
567 1777 691 1810 Tibull.
720 1779 760 1818 2,

0 1857 1 1861 ,
66 1828 107 1868 3,
128 1828 193 1864 24ε
215 1828 487 1868 trepidispetiere
499 1827 639 1860 orawla
652 1828 760 1861 rebus.

0 1923 2 1925 Ι
65 1876 157 1910 Alibi
180 1877 333 1917 «dubiis,
362 1876 605 1919 periculosis.»

0 1956 4 1966 ,
109 1927 143 1959 6.
180 1927 295 1968 111an
339 1927 464 1959 Totam
496 1926 588 1958 hanc
621 1936 762 1969 pugnae

0 1987 4 2002 τ
66 1984 214 2009 scenam
256 1976 396 2017 egregie
441 1984 484 2008 ac
520 1977 762 2019 maximopere

0 2040 4 2053 τ
67 2021 265 2066 δεικτικῶς
297 2026 378 2057 ante
413 2024 536 2057 oculos
570 2025 674 2058 nobis
696 2035 764 2068 po-

68 2075 161 2108 suit:
187 2074 302 2113 qiam
322 2073 551 2106 fortissimum
575 2083 618 2107 ac
641 2075 764 2108 formi—

67 2122 226 2156 dandum
249 2123 417 2155 iuvenem
442 2124 669 2156 Romanum»
693 2126 762 2157 cet.

0 2186 2 2206 3
66 2172 140 2206 ctr.
167 2172 308 2205 Nitzsch
333 2172 428 2214 apud
453 2171 655 2206 Liibkerum
682 2183 762 2216 pag.

67 2222 144 2255 344.
170 2240 207 2245 -
231 2222 379 2263 hosticis]
402 2222 541 2263 poetica
563 2221 677 2255 forma
698 2232 764 2264 pro

0 2289 5 2309 ξ
67 2271 251 2311 hostilibus,
268 2272 314 2303 nt
333 2271 498 2312 gentious,
530 2280 602 2312 quo
624 2272 764 2305 Tacitus

67 2320 196 2359 utitur,
220 2321 258 2352 et
277 2321 411 2352 οιύἰωε.

0 2365 10 2405 Ξ
69 2370 207 2411 ginem,
233 2378 325 2410 quae
347 2370 476 2402 mentis
499 2368 610 2402 oculis
632 2369 765 2402 obver-

0 2425 10 2438 *
69 2420 184 2458 setur,
207 2419 357 2451 transire
380 2420 544 2451 maturat.

441 2338 480 2344 -—
503 2321 578 2353 Iam
603 2320 650 2353 ad
674 2322 765 2354 ima-

113 2468 147 2500 7.
169 2468 347 2510 Matrona]
369 2469 409 2500 ut
432 2469 502 2500 iam
523 2468 616 2509 apud
633 2469 767 2501 Home-

69 2525 151 2549 rum
183 2516 231 2557 (ll.
254 2528 297 2559 γ,
326 2517 414 2557 ⁴54.)
439 2518 476 2549 et
495 2517 639 2550 Hesiod.
669 2518 764 2550 Seut.

0 2547 2 2549 Ι
69 2565 155 2599 242:
205 2566 250 2598 αἱ
283 2565 325 2599 δὲ
358 2569 536 2609 γυναῖκες
567 2564 767 2609 ἐϋδμήτων

4 2609 10 2615 ”
70 2614 133 2648 ἐπὶ
154 2613 305 2661 πύργων
325 2613 504 2648 Χάλκεον
535 2611 606 2657 ὀξὺ
635 2614 766 2657 βόων,

71 2662 171 2697 κατὰ
185 2663 216 2696 δ’
232 2663 463 2712 ἐδρύπτοντο
483 2663 655 2712 παρειάς·
679 2675 768 2699 uxo-

810 1191 870 1215 res
893 1190 1030 1223 pugnas
1052 1181 1206 1214 heroum
1222 1191 1243 1214 e
1258 1182 1416 1216 turribus
1431 1192 1515 1225 pro-

810 1233 989 1273 spectant;
1024 1232 1110 1264 item
1138 1232 1311 1272 Antigone
1340 1233 1376 1265 in
1398 1234 1512 1266 muris

809 1280 997 1314 Thebanis.
1024 1280 1153 1322 (Eurip.
1172 1281 1304 1313 Phoen.
1323 1282 1391 1322 88.)
1416 1283 1510 1324 Virg.

809 1332 897 1363 Aen.
934 1330 988 1362 44.
1013 1323 1100 1362 415:
1153 1330 1234 1362 Tum
1264 1339 1380 1363 muros
1410 1332 1513 1364 varia

808 1380 945 1412 cinxere
977 1388 1104 1412 corona
1132 1381 1313 1413 Matronae
1331 1382 1507 1422 pum-ique.

810 1428 911 1462 Silius
937 1430 974 1468 2.
998 1429 1082 1461 25⁴:
1118 1429 1336 1462 cmaeloemanc
1358 1434 1509 1471 macres,

808 1478 957 1519 celsoque
992 1487 1011 1510 e
1042 1479 1185 1511 nulnum
1215 1480 1309 1511 muri
1340 1481 1512 1513 Lamentis

808 1538 878 1560 vox
891 1528 1003 1560 mictu
1022 1531 1129 1560 sonat.
1155 1529 1239 1560 Stat.
1255 1528 1365 1561 Theb.
1383 1530 1417 1569 7,
1431 1530 1508 1563 240:

808 1579 965 1610 Nondum
984 1578 1085 1609 hostis
1105 1578 1214 1616 circa,
1247 1579 1376 1618 trepido
1398 1582 1510 1612 tamen

810 1628 943 1669 agmine
973 1631 1099 1659 matres
1126 1627 1353 1660 Conscendunt
1383 1637 1510 1670 muros,

809 1679 886 1709 inde
907 1686 1007 1708 arma
1033 1677 1173 1708 niteruia
1201 1677 1291 1708 natis
1311 1677 1356 1709 Et
1386 1678 1511 1718 sormi-

810 1727 938 1759 dandos
955 1729 1145 1758 monstrant
1163 1726 1224 1759 sub
1238 1728 1365 1759 casside
1381 1731 1508 1768 patres.

854 1776 887 1808 9.
911 1775 1078 1817 Sic-spiret]
1095 1777 1220 1808 «tacita
1235 1785 1402 1816 secum;»
1427 1787 1510 1811 nam

811 1827 888 1859 eius
920 1825 1173 1859 sollicitudines
1206 1826 1399 1866 significat,
1437 1836 1512 1861 non

810 1876 922 1917 ipsius
960 1873 1127 1916 querelae
1159 1874 1270 1907 verba
1307 1876 1428 1908 refert.
1472 1895 1509 1899 —

811 1934 853 1957 ne
864 1924 949 1966 cet]
967 1923 1147 1963 «sollicita,
1161 1933 1228 1956 ne»
1242 1926 1311 1956 cet.
1334 1926 1514 1958 Metuendi

813 1975 909 2007 enim
919 1975 1016 2006 notio
1027 1974 1121 2005 inest
1131 1974 1166 2005 in
1178 1973 1291 2005 verbo
1302 1974 1455 2013 suspiret.
1472 1993 1510 1998 —

813 2023 1002 2065 omninum]
1027 2023 1135 2054 totius
1149 2023 1201 2054 rei
1217 2021 1375 2055 militaris
1387 2048 1395 2062 ,
1412 2024 1513 2056 cuius

812 2072 910 2105 haud
920 2072 1064 2105 minima
1074 2080 1159 2113 pars
1168 2072 1222 2104 est
1229 2080 1357 2112 agmen
1366 2072 1511 2106 ducere.

858 2123 912 2155 40.
958 2121 1282 2162 speum-regnas]
1326 2122 1515 2163 Accipien-

814 2172 901 2204 dum
923 2171 969 2203 de
992 2170 1080 2203 alius
1102 2171 1196 2211 regis
1228 2170 1401 2203 foederati
1427 2170 1511 2212 filio,

812 2223 853 2253 ut
885 2219 1069 2253 Coroebus
1096 2221 1243 2261 propter
1273 2220 1514 2254 Cassandram

814 2271 952 2304 Troiam
982 2271 1141 2302 venerat.
1168 2287 1205 2292 —
1240 2269 1396 2312 lacessat]
1432 2279 1516 2303 «su-

813 2319 926 2362 perbe
957 2321 992 2351 et
1020 2321 1141 2351 tamen
1168 2319 1246 2351 sine
1273 2327 1446 2352 successu
1467 2320 1515 2352 ad

813 2377 970 2411 pugnam
1012 2369 1216 2409 provocet.»
1267 2385 1305 2392 —-
1354 2377 1514 2409 asponam

818 2420 919 2451 Tae-cu
950 2417 1094 2459 leonem]
1145 2425 1275 2458 «quem
1311 2418 1342 2451 si
1375 2419 1512 2459 tangas,

817 2468 1065 2509 exasperatur,
1126 2466 1209 2499 furit
1251 2468 1514 2509 prosternitque

816 2519 963 2559 propius
985 2515 1234 2549 accedentes.»
1256 2516 1352 2548 Iliad.
1370 2527 1411 2555 v,
1437 2517 1512 2548 ⁴72.

817 2567 863 2599 de
892 2565 1018 2599 leone:
1075 2562 1162 2607 ἰθὺς
1203 2567 1362 2611 φέρεται
1392 2566 1511 2607 μένει.

817 2615 919 2648 Silius
942 2616 981 2655 7,
1005 2615 1082 2649 400.
1118 2615 1163 2648 de
1187 2614 1400 2648 Hannibale:
1441 2615 1514 2647 Iam

817 2674 930 2699 cemes
962 2665 1120 2705 Libycum
1158 2666 1244 2697 hunc
1284 2665 1375 2697 vallo
1407 2665 1517 2697 assul-
