1722 2904
541 58 620 92 Lm.
645 58 701 91 111.
748 58 788 91 C.
813 57 942 90 xxvn.

1413 54 1497 96 499

259 137 495 205 *Perfidum
524 161 671 205 ridens
700 162 842 205 Venus
872 167 914 203 et
942 160 1123 203 remisso

449 241 580 284 Filius
608 255 725 285 ιιι-(ιιι.

279 348 395 397 Mox,
427 346 500 390 ubi
530 346 630 389 lusit
658 346 783 389 satis:
814 345 1054 396 Abstinet0‚

280 427 415 477 Dixit,
448 427 607 471 irarum
636 426 889 484 calidaeque
920 426 1059 475 rixae,

278 507 385 551 Cum
415 507 491 551 tibi
520 507 682 551 invisus
711 506 941 551 laceranda
969 505 1122 550 reddet

451 588 617 631 Cornua
649 595 809 631 taurus.

287 694 401 738 Uxor
432 693 575 737 invicti
609 693 728 739 lovis*
750 706 849 737 esse
879 694 1038 737 nescis:

139 851 193 883 67.
229 854 260 884 ot
289 854 426 884 vuasto
458 859 636 893 superscr.
660 850 795 883 renti-wo
829 851 866 882 B.
903 869 938 874 —
973 850 1026 883 69.
1054 851 1143 883 latit
1171 859 1350 893 superscr.
1378 851 1455 885 lusit

97 900 146 936 B:
181 900 270 933 &wit
300 900 409 933 etiam
437 907 530 933 unus
559 899 647 932 Pott.
678 899 712 932 7.
747 917 783 922 —
815 899 870 931 7⁴.
895 900 986 932 visas
1014 901 1154 942 septem
1182 901 1287 941 Pott.,

1312 902 1398 934 item
1432 913 1455 945 y

96 958 152 992 ap.
177 949 319 983 Kirchn.
343 958 380 992 p.
407 948 483 989 36.,
519 949 628 981 imus
656 956 748 981 unus
779 949 868 981 Pott.
894 948 926 982 4.
950 949 1025 982 Iam
1053 949 1112 982 tibi
1136 950 1279 982 initiam
1300 949 1454 984 malebat

95 999 208 1033 Bentl.
236 1017 272 1022 —
296 1000 404 1032 reddit
425 999 463 1032 B.

53 1141 198 1175 abaciam
218 1143 254 1175 in
269 1142 496 1184 musandum,
526 1141 750 1184 frequentibus

53 1195 255 1233 mmet-ata
279 1193 385 1225 sami-5.
431 1191 551 1235 Eurip.
575 1191 745 1224 Androm.

52 1238 246 1274 84721105
272 1250 343 1284 μοι
365 1237 486 1296 πυρὸς
506 1239 603 1282 φίλα
625 1238 748 1282 φλόξ;

50 1287 136 1323 Ποῦ
157 1288 189 1322 δ’
209 1290 264 1331 εἰς
286 1290 425 1349 πέτρας
444 1286 633 1349 αερθῶἬ
648 1287 748 1323 κατὰ

52 1335 195 1372 πόντον
216 1335 245 1383 ἢ
265 1339 353 1372 καθ’
377 1334 473 1373 ὕλαν
495 1337 628 1386 ὀρέων.

94 1406 149 1439 67.
181 1407 362 1450 Pur-fidum]
396 1406 567 1449 «maligne
604 1415 647 1439 ac
682 1407 748 1440 do-

51 1455 181 1496 lose,-
224 1456 292 1489 sed
335 1457 453 1489 iuncta
496 1457 630 1495 ironia;
676 1466 748 1489 ιιοιι

51 1504 147 1538 enim
169 1505 258 1538 irata
274 1505 419 1539 advenit
432 1505 571 1545 Venus,
596 1507 636 1538 ut
651 1505 747 1548 apud

50 1553 198 1587 ’Πιοοαιπ
221 1555 262 1595 4,
286 1555 342 1588 96.
366 1555 557 1597 Daphnidi:
588 1553 746 1613 Δάθρια

50 1602 123 1645 μὲν
142 1601 344 1647 γελάοισα,
375 1601 499 1651 βαρὺν
519 1603 551 1636 δ’
574 1601 651 1643 ἀνὰ
672 1605 746 1638 θυ-

49 1648 170 1693 μὸν”
149 1662 308 1693 exona,
337 1653 404 1686 sed
424 1654 498 1686 suis
521 1654 656 1687 artibus
679 1655 746 1687 de-

50 1701 165 1734 lusam
192 1710 272 1735 esse
294 1702 425 1744 gaudet
452 1703 616 1744 Europen
644 1711 746 1735 eam-

50 1759 121 1791 que
135 1750 239 1783 simul
255 1750 466 1784 consolatur.
501 1753 624 1793 Aeque
644 1754 748 1794 perfi-

49 1801 130 1834 dum
148 1801 262 1834 videm
281 1801 402 1834 Venus
423 1803 559 1843 spectat
578 1802 743 1842 Peleum‚

50 1851 110 1891 qui
137 1849 323 1882 Thetidem
344 1852 476 1892 raptat,
510 1851 605 1892 apud
626 1851 747 1884 Miniu-

49 1908 117 1940 gen
141 1900 233 1932 Μοπ.
261 1900 288 1931 Ι.
311 1899 348 1931 Τ.
374 1900 427 1932 40.
453 1901 488 1932 et
515 1900 650 1942 Cupido
677 1902 746 1933 Le-

49 1948 133 1981 dam
144 1957 165 1980 a
177 1957 292 1990 cygno
303 1957 546 1991 compressam
558 1950 592 1982 in
607 1950 744 1991 pictura

49 1998 264 2039 Pompeiana
292 1999 379 2031 Mas.
404 1999 549 2031 Borbon
573 1999 614 2030 X.
641 2000 677 2032 T.
709 1999 742 2032 3

52 2064 88 2069 -
124 2047 278 2089 remisso]
320 2046 473 2087 «,laxato
513 2049 643 2089 quippe
683 2050 743 2090 qui

49 2104 138 2137 opus
161 2105 266 2129 snum
290 2097 434 2129 iamiam
456 2097 698 2139 perfecisset.»

91 2162 146 2194 69.
171 2163 224 2195 70.
260 2163 317 2195 abi
344 2164 422 2196 lusit
442 2165 540 2206 satis]
566 2165 648 2197 «ubi
672 2167 742 2198 Ve-

48 2219 115 2243 nus
145 2212 230 2244 satis
257 2212 414 2245 irriserat
440 2213 594 2255 puellam
622 2214 742 2256 splen-

49 2259 153 2292 didae
168 2268 254 2292 suae
271 2262 375 2294 sortis
394 2263 587 2303 ignaram.»
606 2282 643 2287 —
659 2264 742 2296 Abs-

49 2309 172 2341 tmcto—
154 2310 322 2352 —irarumJ
345 2307 494 2350 ἀπέχου
516 2310 586 2355 τῆς
609 2309 739 2359 ὀργῆς,

49 2360 88 2390 ut
102 2358 165 2390 Od.
182 2358 218 2398 4,
237 2359 277 2398 9,
302 2359 361 2392 37:
386 2361 551 2393 abstinens
571 2379 591 2385 -
605 2379 624 2385 —
640 2371 742 2403 pecu-

46 2407 141 2446 niae,
165 2408 261 2447 et2,
286 2408 322 2448 9,
348 2410 407 2441 ⁴7:
442 2411 741 2452 Desine--que-

47 2457 208 2489 relarum.
229 2475 264 2480 -
282 2434 474 2498 calidaeque
493 2460 604 2502 rioeae]
629 2462 740 2494 «acris

49 2505 247 2538 huiusmodi
270 2508 537 2540 contentionis.»

91 2566 145 2598 7t.
163 2567 320 2609 Camtibv]
335 2570 450 2607 «tunc,
464 2577 546 2602 cum
558 2569 621 2602 tibi
632 2572 737 2610 cet.»;

50 2615 193 2647 minime
217 2615 462 2657 explicandum
482 2618 614 2651 «donec
636 2619 735 2659 tihi»,

798 1150 865 1175 nec
887 1142 1120 1175 scribendum
1143 1144 1222 1175 dam
1243 1143 1302 1176 tibi
1325 1151 1408 1176 cum
1429 1143 1491 1176 Ed.

796 1192 932 1224 Veneta
962 1191 1059 1226 4490.
1090 1191 1147 1225 vel
1175 1202 1243 1225 non
1264 1193 1323 1225 tibi
1346 1192 1493 1236 (Fabric.

799 1241 909 1282 ⁴555.)
945 1251 989 1274 ex
1021 1241 1114 1274 male
1147 1241 1333 1276 intellectis
1367 1242 1495 1276 Scholl.

796 1291 883 1323 vett.
920 1291 1079 1333 (usanen,
1104 1292 1217 1333 inquit
1235 1293 1373 1332 Acron,
1405 1301 1496 1325 «non

796 1339 971 1373 lacerabis
995 1348 1097 1379 eum,
1132 1340 1194 1373 ubi
1222 1350 1347 1374 rursus
1369 1350 1409 1374 se
1433 1340 1495 1374 tibi

796 1388 972 1422 obtulerit.
980 1390 1009 1431 ι)
1044 1389 1212 1423 Consulto
1235 1399 1319 1423 cum
1340 1389 1409 1422 levi
1431 1399 1496 1423 va-

795 1439 943 1472 riatione
959 1439 1088 1481 repetit
1111 1440 1262 1473 irridens
1276 1441 1372 1482 ipsas
1387 1441 1496 1473 Euro-

794 1497 862 1530 pae
886 1489 1000 1522 minas
1022 1498 1056 1520 v.
1074 1487 1129 1521 45.
1151 1508 1187 1512 -
1212 1489 1407 1532 laceranda]
1430 1498 1496 1532 pro

794 1547 828 1570 v.
856 1538 1000 1580 proprio
1025 1538 1228 1580 frangenda.
1269 1539 1387 1572 «Tunc
1415 1539 1495 1580 (hoc

795 1587 892 1619 enim
914 1586 1119 1628 significat),
1146 1587 1207 1620 ubi
1227 1587 1274 1620 ad
1304 1589 1339 1620 te
1363 1587 1496 1630 ample-

794 1635 949 1669 xandam
981 1637 1201 1673 revertetur.
1243 1636 1357 1679 probe
1397 1638 1490 1678 scin,

794 1684 894 1717 facile
918 1686 955 1718 in
977 1686 1126 1727 gratiam
1149 1694 1231 1718 cum
1259 1684 1317 1723 illo
1339 1686 1490 1726 redibis,

794 1735 855 1774 qui
878 1743 972 1766 nunc
994 1734 1057 1766 tibi
1083 1736 1158 1766 tam
1179 1735 1314 1767 invisus
1337 1736 1426 1768 est.»
1454 1755 1489 1759 —

793 1783 916 1825 reddet]
942 1784 1080 1816 «denuo
1102 1784 1308 1826 praebebit;
1333 1785 1489 1826 primum

794 1834 905 1873 enim,
932 1843 1015 1866 cum
1038 1843 1081 1866 ex
1107 1835 1298 1875 improw’so
1325 1836 1492 1868 evanuis-

793 1884 864 1922 set,
901 1892 985 1915 eum
1019 1892 1104 1915 sane
1139 1882 1297 1915 lacerare
1325 1893 1396 1916 non
1423 1893 1491 1926 po-

793 1933 922 1965 tuisti.»
960 1932 1083 1964 Omnia
1107 1933 1258 1971 ironice;
1298 1941 1368 1965 non
1393 1934 1490 1966 enim

791 1981 1000 2022 tauriformis
1021 1981 1067 2013 ad
1084 1990 1164 2013 eam
1180 1990 1391 2015 reversurus
1414 1986 1489 2015 erat

791 2031 957 2072 Iuppiter.
974 2031 1152 2071 (Ceterum
1163 2031 1372 2072 Bernhardy
1386 2040 1490 2073 prae-

791 2079 858 2111 fert
899 2079 1039 2112 Codicis
1075 2081 1102 2112 B
1135 2079 1323 2113 lectionem
1357 2082 1487 2120 reddit,

782 2130 884 2169 Jetzt,
920 2130 965 2160 da
997 2138 1034 2161 er
1062 2130 1116 2161 dir
1143 2129 1321 2171 pret-syba
1360 2138 1487 2162 verum

790 2178 877 2210 scite
910 2179 1014 2219 poeta
1049 2187 1127 2210 rem
1156 2179 1207 2211 sic
1234 2179 1484 2212 conformavit.

789 2228 828 2258 ut
849 2235 916 2268 per
938 2228 1084 2260 cunctas
1112 2227 1187 2260 illas
1210 2229 1371 2270 Europae
1395 2238 1486 2270 que-
1543 2263 1549 2265 „

789 2277 957 2309 rimonias
991 2279 1026 2309 et
1060 2275 1167 2309 falsus
1198 2278 1354 2319 Iuppiter
1383 2280 1484 2309 tauro

789 2333 830 2358 se
853 2324 974 2358 celans
997 2328 1033 2358 et
1053 2335 1161 2358 verus
1176 2326 1337 2366 abesset,
1363 2335 1485 2358 nemo-

789 2383 859 2415 que
881 2376 1025 2416 praeter
1039 2373 1197 2421 εἴρωνας
1218 2375 1311 2414 illos,
1339 2375 1484 2417 Cupidi—

789 2433 871 2456 nem
895 2426 931 2456 et
952 2425 1151 2464 Venerem,
1176 2434 1238 2458 eas
1261 2425 1423 2465 audiret.)

831 2473 885 2505 73.
925 2474 1027 2516 Umor]
1058 2475 1131 2506 Iam
1154 2483 1197 2506 ex
1220 2475 1329 2507 ironia
1354 2474 1399 2505 ad
1418 2483 1483 2505 ve-

787 2531 863 2554 ram
902 2522 1176 2555 consolationem
1213 2524 1351 2562 transit,
1392 2532 1483 2563 quo-

787 2572 880 2603 circa
908 2570 1057 2611 aliorum
1084 2573 1346 2614 interrogationi
1375 2581 1482 2613 prae-

760 2648 764 2658 ,
788 2619 862 2653 fero
891 2620 1112 2662 tranquillam
1142 2622 1233 2653 hanc
1256 2623 1289 2653 et
1312 2621 1479 2653 blandam
