1722 2904
173 35 257 89 680

708 36 880 71 HoRATu
905 38 1076 72 EPODON

455 141 716 185 Convertere
747 141 979 185 humanam
1001 131 1172 195 ⁴vicem3

397 223 511 266 Diris
542 237 667 281 agam
696 237 798 276 vos3
830 224 924 267 dira
954 223 1182 267 detestatio

455 304 578 348 Nulla
608 305 804 362 expiatur
832 305 1017 349 victima.

1571 308 1627 349 90

403 386 535 437 Quin,
567 385 642 429 ubi
671 386 816 443 perire
846 386 991 429 iussus
1022 386 1323 444 exspiravere,

454 467 697 510 Nocturnus
727 480 954 510 occurram
990 469 1128 510 Furor

398 548 634 605 Petamque
663 547 804 591 voltus
833 547 987 592 umbra
1018 549 1163 592 curvis
1195 549 1435 607 unguibus,

457 629 578 680 Quae
607 628 672 671 vis
703 627 886 672 deorum
916 636 982 673 est
1010 630 1200 674 manium
1217 665 1226 681 ,

402 710 452 752 Et
481 709 683 767 inquietis
713 709 912 753 assidens
942 711 1210 768 praecordiis

173 836 329 878 gitaho.»
370 837 538 869 Ceterum
554 844 686 868 novem
709 835 796 869 alias
820 837 876 868 in-

173 886 446 928 terpretationes
456 894 677 928 exponemus
689 886 725 918 in
738 886 820 918 Exc.
831 887 872 918 ΙΙ.

216 936 292 968 Iam
322 935 508 968 videamus
539 934 686 976 singula.
727 936 794 968 Fas
814 945 875 968 ne—

171 986 290 1027 fasque
323 995 367 1018 ex
401 985 658 1018 consuetudine
690 986 810 1018 Latina
840 986 876 1017 in

174 1034 239 1068 illis
261 1044 362 1067 sacra
385 1038 415 1067 et
432 1035 602 1077 profana,
628 1036 744 1067 divi-na
765 1038 796 1067 et
817 1036 878 1067 hu-

173 1094 294 1125 mana,
329 1085 437 1126 fanda
463 1084 628 1126 nefanda,
663 1085 800 1117 honesta
822 1085 877 1117 in-

174 1135 326 1175 honesta,
352 1135 493 1166 dicenda
516 1135 660 1167 tacenda
683 1130 795 1181 (ῥητὰ
811 1135 877 1168 καὶ

172 1179 347 1230 α’ῥρητα),
374 1184 572 1225 significat‹
572 1185 728 1217 ‹omnino
745 1186 874 1226 omnia,

175 1243 267 1275 quae
301 1233 359 1266 lex
393 1234 511 1266 divina
542 1235 663 1267 statuit
691 1236 751 1267 aut
783 1235 877 1268 licita

175 1292 256 1316 esse
269 1285 330 1316 aut
345 1283 493 1323 nefaria3
505 1296 520 1313 »
542 1285 584 1316 ut-
598 1284 781 1326 Sophoclis
798 1294 879 1318 ver-

173 1332 230 1366 bis
253 1328 333 1365 u'tar
355 1334 390 1366 in
414 1333 501 1366 Oed
521 1334 608 1385 Tyr.
634 1334 718 1367 864:
755 1332 878 1378 (λόγοι

171 1379 266 1429 ἑργα
285 1393 326 1415 τε
350 1380 489 1426 πάντα)
506 1375 561 1416 ὧν
576 1381 692 1426 νόμοι
708 1382 879 1431 πρόκειν-

172 1442 236 1465 ται
260 1429 481 1475 Τψίποὸες,
516 1429 702 1491 οὐρανίαν
729 1432 785 1466 Δι’
817 1435 878 1466 αἰ-

173 1482 280 1541 Ospa
303 1483 576 1523 τεκνωθέντες,
605 1483 660 1515 ὠν
682 1479 878 1527 Ὄλυμπος

173 1529 310 1578 Πατὴρ
341 1530 478 1575 μόνος·
511 1532 645 1566 collatis
675 1534 790 1575 Antig.
815 1543 874 1566 vv.

174 1582 239 1616 454
276 1591 379 1624 seqq.
433 1584 598 1625 Magnum
639 1584 761 1616 autem
797 1580 852 1625 fas
867 1609 874 1623 ,

176 1633 259 1674 quia
290 1632 449 1664 divinum
480 1634 588 1674 atque
613 1634 799 1665 aeternum
823 1634 879 1666 est

175 1682 367 1714 discrimen
399 1682 492 1714 inter
529 1681 581 1714 fas
619 1684 725 1723 atque
763 1682 874 1715 nefas.

178 1750 215 1754 —
239 1732 423 1763 hwmanam
442 1731 559 1773 vicem]
586 1731 787 1773 «quomodo
810 1732 878 1764 ho-

175 1781 332 1814 minibus
347 1778 523 1821 δυνατόν,
550 1789 763 1814 concessum
787 1782 875 1821 est»;

178 1832 391 1864 «hominum
414 1840 558 1871 more»,
591 1832 671 1873 auf
692 1832 878 1864 mensch-

175 1881 275 1914 liche
311 1882 457 1920 Weise3
498 1890 583 1914 nam
615 1882 738 1914 «tuam
760 1882 877 1914 vicem

176 1930 298 1971 doleo,
334 1931 458 1963 anxius
483 1939 580 1971 sum,
613 1931 783 1971 irascor»,
808 1931 878 1963 hoc

176 1980 368 2021 significat:
402 1979 552 2012 «eodem
575 1980 683 2012 modo
707 1979 811 2012 doleo
835 1988 879 2012 ac

177 2030 262 2062 mihi
286 2030 424 2062 certum
440 2031 495 2062 est
517 2030 551 2062 te
569 2028 690 2062 dolere
706 2029 877 2062 debere.»

176 2080 251 2112 Hoc
275 2088 360 2120 ergo
385 2079 484 2111 dicit:
525 2078 634 2111 «alias
664 2078 781 2112 solent
810 2080 879 2111 ho·-

174 2129 290 2161 mines
307 2129 535 2161 miseratione
552 2130 588 2161 et
607 2128 776 2170 precihus
791 2128 880 2161 mol-

173 2177 237 2210 lire
260 2178 486 2210 inimicorum
507 2179 736 2220 hostiumque
760 2179 879 2211 saevi-

177 2229 260 2260 tiam
284 2236 481 2269 eorumque
505 2228 596 2260 iram
618 2227 780 2270 placare,
812 2228 879 2261 sed

175 2278 245 2310 hoc
265 2277 351 2310 mihi
375 2286 469 2310 nune
486 2277 659 2310 adversus
675 2287 759 2318 vos,
785 2287 877 2320 quae

177 2327 353 2359 humanos
388 2335 515 2360 sensus
544 2327 755 2359 iamdudum
778 2328 879 2360 exui-

177 2377 251 2415 stis,
267 2378 434 2417 negatum
447 2378 535 2409 est.»
553 2395 588 2399 —-
607 2376 746 2418 Venena]
763 2377 875 2409 Adde:

179 2427 235 2457 «et
259 2435 350 2467 quae
367 2426 456 2459 haec
473 2427 641 2465 miscent,
667 2434 774 2467 sagae
791 2435 878 2459 con-

180 2475 410 2508 sceleratae.»

222 2525 275 2556 89.
314 2525 407 2557 Diris
429 2534 531 2567 aqam
561 2526 637 2567 vos]
673 2527 752 2559 Tac.
787 2527 874 2558 Anu.

180 2575 199 2605 6
210 2599 217 2612 ,
243 2574 284 2606 24
300 2584 306 2606 :
341 2574 467 2607 Tiberio
483 2593 502 2598 -
517 2593 535 2598 -
552 2574 646 2619 diras
665 2575 878 2616 imprecaba-

181 2627 235 2655 lm·
260 2624 428 2666 (Drusus).
452 2643 486 2648 -
513 2625 590 2657 dira
607 2626 776 2658 detestatio
793 2625 875 2667 cet.]

1570 714 1626 756 95

928 837 1028 870 «Vim
1058 836 1243 880 religiosae
1273 835 1539 881 imprecationis
1562 848 1629 872 ne·-
1678 843 1680 845 '

926 895 986 919 mo
1010 886 1166 928 effugere
1188 889 1325 930 potest3
1339 901 1355 918 n
1392 890 1428 922 et
1456 889 1526 922 hoc
1547 889 1630 931 qui—

927 936 1012 969 dem
1028 945 1071 969 ex
1093 938 1274 970 communi
1295 938 1460 971 veterum
1481 946 1630 980 persua-

926 987 1038 1019 sione.
1086 986 1287 1019 Recordare
1315 987 1422 1020 modo
1453 987 1539 1021 diris
1563 988 1630 1021 de-

925 1036 1050 1068 votum
1073 1035 1119 1068 ab
1141 1036 1243 1069 Ateio
1266 1035 1348 1069 trib.
1369 1035 1417 1078 pl.
1436 1037 1626 1078 Crassum,

926 1093 1036 1127 quem
1066 1083 1160 1117 nulla
1191 1085 1406 1118 caerimonia
1437 1086 1552 1128 potuit
1581 1086 1628 1119 ab

927 1135 1031 1167 exitio
1055 1143 1213 1167 servare.
1255 1134 1420 1168 SImiliter
1434 1130 1629 1168 cum'diras

927 1185 1056 1216 nautae
1086 1184 1219 1216 minata
1243 1186 1340 1218 esset
1361 1185 1522 1227 naufragi
1543 1193 1627 1218 um-

926 1233 1083 1266 bra-0d.
1110 1234 1148 1273 ⁴,
1183 1233 1245 1273 28,
1282 1232 1336 1267 34.
1372 1233 1487 1266 addit:
1525 1235 1630 1276 Teque

921 1283 1063 1324 piacula
1083 1283 1180 1315 nulla
1199 1283 1372 1316 resolvent.
1412 1283 1499 1317 Plin.
1524 1285 1566 1317 Η.
1583 1285 1625 1317 Ν.

927 1333 987 1373 28,
1003 1333 1036 1366 2.
1047 1341 1077 1366 s.
1091 1332 1132 1366 4:
1150 1333 1259 1374 Defiqc’
1276 1333 1408 1374 quidem
1423 1334 1632 1375 dir-isdepra-

927 1382 1111 1415 canonibus
1132 1391 1228 1415 nomo
1246 1391 1314 1415 non
1327 1383 1455 1415 metuit.
1480 1384 1625 1416 Sueton.

929 1432 1051 1466 Claud.
1078 1432 1139 1466 ⁴2:
1175 1432 1272 1472 quasi
1302 1433 1514 1472 par-midam
1547 1433 1630 1465 diris

928 1481 1211 1515 exsecrationibus
1231 1481 1400 1514 incessere.

971 1532 1025 1564 92.
1043 1531 1097 1564 93.
1122 1532 1314 1564 Nocturnus
1327 1549 1347 1556 -
1361 1531 1626 1573 Furor]*lemnr‚

926 1580 1035 1614 larva.
1084 1580 1209 1622 (Furor
1235 1589 1300 1623 pro
1322 1581 1445 1622 Furia,
1471 1580 1538 1614 sed
1559 1581 1630 1614 Fu·
1674 1579 1676 1581 ’

925 1639 1038 1664 rorem
1061 1630 1166 1670 dixit,
1192 1638 1276 1663 cum
1291 1629 1336 1663 de
1359 1639 1474 1672 puero
1488 1631 1624 1672 agatur.

928 1679 1058 1721 GLOSS.)
1082 1679 1249 1721 Aeschyl.
1267 1680 1427 1722 Choeph.
1445 1680 1526 1713 288:
1552 1679 1629 1713 Koa

927 1728 1054 1764 λύσσα
1089 1730 1154 1762 καὶ
1195 1726 1362 1772 μάταιος
1398 1728 1443 1762 ἐκ
1479 1728 1630 1763 νυκτῶν
1669 1749 1674 1757 -

927 1778 1068 1822 φόβος.
1086 1779 1175 1812 Ibid.
1194 1779 1276 1813 524:
1294 1778 1338 1813 ἐκ
1352 1797 1393 1804 --
1405 1776 1631 1824 νυκτιπλάγ-

926 1840 1027 1864 κτων
1057 1826 1247 1873 δειμάτων
1271 1848 1323 1863 -—.
1349 1829 1443 1871 Virg.
1469 1831 1557 1863 Aen.
1583 1829 1625 1871 4,
1672 1834 1675 1835 ’

927 1881 1012 1914 386:
1047 1879 1205 1912 Omnibus
1233 1879 1357 1911 umbra
1388 1879 1469 1912 locis
1511 1881 1627 1913 adoro.

926 1930 1050 1970 Dabis,
1085 1928 1253 1969 improbe,
1274 1937 1412 1969 poenas.
1462 1929 1562 1962 ovid.
1591 1930 1627 1962 in

926 1979 1025 2012 Ibide
1041 1988 1075 2011 v.
1094 1978 1177 2011 ⁴43:
1205 1979 1287 2010 Tum
1308 1986 1439 2019 quoque
1458 1978 1629 2020 factorum

925 2030 1059 2062 veniam
1080 2037 1207 2062 memor
1231 2028 1354 2061 Umbra
1381 2031 1535 2061 tuorum:
1570 2029 1630 2061 ln-

926 2088 1049 2120 sequar
1070 2082 1102 2111 et
1121 2079 1230 2111 voltus
1251 2087 1344 2111 ossea
1365 2078 1466 2111 larva
1486 2081 1571 2111 tuos.
1589 2097 1626 2102 -

926 2129 1038 2162 curvis
1048 2128 1224 2170 unguibus]
1239 2128 1362 2169 Cogita
1377 2128 1510 2168 Furias,
1535 2135 1629 2170 quae

926 2177 1139 2221 praelongos
1151 2176 1287 2210 hahent
1297 2185 1435 2219 ungues
1446 2177 1625 2211 incurvos.

929 2228 1095 2270 (Bottiger
1117 2227 1356 2260 Furienmaske
1379 2227 1415 2259 in
1436 2227 1532 2268 fine.)

971 2277 1088 2311 94-98.
1123 2277 1286 2319 munitam]
1317 2278 1376 2309 «ut
1402 2275 1481 2318 lege
1509 2276 1626 2309 divina

928 2334 1139 2359 concessum
1164 2326 1219 2372 est
1239 2324 1377 2358 umbris
1399 2325 1454 2358 ius
1476 2325 1512 2357 in
1535 2325 1628 2359 sica-

928 2377 998 2408 rios
1023 2384 1065 2408 ac
1089 2375 1269 2408 veneficos
1284 2374 1467 2407 saeviendi
1490 2382 1627 2416 eosque

928 2425 1158 2458 ulciscendi.»
1196 2423 1271 2457 Val.
1291 2423 1401 2456 Flacc.
1419 2423 1441 2456 3
1453 2449 1460 2463 ,
1485 2424 1562 2457 386.
1581 2423 1627 2456 de

929 2476 1082 2508 necatis:
1103 2477 1200 2515 patet
1222 2474 1295 2506 ollis
1315 2473 1424 2506 ianua
1446 2473 1502 2506 leti
1522 2473 1629 2514 Atque

927 2525 1048 2557 ilerum
1070 2532 1221 2557 remeare
1243 2523 1335 2562 licem
1359 2531 1466 2556 comes
1486 2531 1627 2554 unasu-

927 2584 1045 2608 rorum
1066 2574 1208 2607 Additur
1230 2578 1261 2607 et
1283 2574 1418 2615 paritor
1438 2576 1549 2606 terras
1571 2575 1627 2605 at-

928 2634 990 2665 que
1012 2633 1162 2665 aequora
1184 2624 1338 2657 lustrant.
1382 2623 1527 2664 Quisque
1547 2631 1626 2655 suos
