1722 2904
115 87 198 127 540

626 84 795 117 llORATll
821 84 1046 117 CARMINUM

343 192 392 233 Et
423 191 507 233 iam
538 190 666 232 dente
698 188 839 231 minus
869 187 1074 231 mordeor
1106 187 1261 230 invido.

284 298 322 341 Ο
341 332 348 347 ,
380 296 605 340 testudinis
636 309 794 339 aureae

341 377 522 422 Dulcem
552 390 664 434 quae
696 375 920 433 strepitum
939 409 948 425 ,
981 372 1119 422 Pieri,
1151 380 1392 430 temperaS,

285 461 323 503 Ο
353 459 480 502 mutis
510 471 686 515 quoque
716 455 907 514 piscibus

339 541 558 583 Donatura
587 538 733 597 cycni,
766 537 802 579 si
832 535 982 585 libeat,
1015 548 1195 584 sonum,

203 667 258 699 20.
284 666 373 707 ciyni
395 664 479 697 bed.

120 773 259 811 autem,
296 772 470 812 quatenus
499 771 626 811 poetae
651 768 816 802 omnibus

117 822 189 854 cari
217 821 425 862 acceptique
453 820 546 852 sunt.
575 837 611 843 -
643 818 815 861 mordeor]

118 871 283 910 «rodor»,
309 871 348 902 ut
364 871 419 902 est
434 869 530 911 apud
546 869 644 901 Ovid.
662 869 763 902 Trist.
781 867 814 908 4,

119 921 176 960 40,
204 920 286 952 423ῑ
323 920 414 958 Nec,
451 919 508 959 qui
530 919 690 950 detrectat
711 926 819 958 prae-

118 971 236 1010 sentia,
261 970 362 1002 Livor
383 969 498 1009 iniquo
517 969 624 1000 Ullum
639 969 678 1000 de
697 968 820 1000 nostris

118 1022 211 1053 dente
243 1019 422 1052 momordit
454 1027 546 1059 opus
594 1018 739 1051 Martial.
771 1019 791 1050 5
808 1043 816 1058 ,

117 1071 184 1103 28:
236 1069 402 1111 (Invidus)
448 1068 657 1110 Rubiyinosis
699 1071 820 1100 cuncta

117 1119 265 1151 dentibus
285 1119 385 1151 rodit.
426 1118 525 1151 Pind.
555 1117 657 1159 Pyth.
683 1118 704 1150 2
720 1143 727 1157 ,
752 1117 814 1150 53:

117 1166 236 1209 δάκος
270 1167 403 1200 ἀδινὸν
435 1165 687 1213 κακαγοριᾶν.
736 1168 818 1199 Tor-

117 1227 221 1257 queor
260 1217 506 1258 Cuninghamii
553 1216 655 1257 longe
700 1217 817 1249 minus

117 1267 320 1309 appositum
351 1267 405 1299 est
433 1275 476 1298 ac
498 1275 584 1298 vera
608 1266 816 1298 auctoritate

120 1317 229 1348 caret.
258 1315 433 1356 «Gloria»,
459 1316 591 1357 inquit,
629 1315 818 1347 «invidiam

119 1367 221 1398 vici.»
261 1365 325 1398 Od.
361 1366 400 1405 2,
437 1366 499 1405 20,
535 1365 577 1398 4;
625 1365 819 1404 invidiaque

119 1416 231 1448 maior
256 1415 356 1447 Urbes
376 1415 578 1454 relinquam.

162 1466 215 1497 47.
253 1465 307 1497 48.
343 1464 514 1496 testudinis
541 1464 681 1504 aureae]
716 1463 816 1496 Pind.

118 1515 219 1556 Pyth.
246 1515 286 1554 4,
312 1515 325 1545 4
348 1523 355 1545 :
384 1513 544 1560 Χρυσέα
566 1511 749 1559 φόρμιγξ.
778 1532 814 1536 -

120 1563 312 1605 strepitum]
350 1564 406 1596 Sic
439 1565 545 1596 vocat
565 1562 665 1604 lyrae
689 1572 819 1596 sonum

502 1614 556 1646 34.
581 1615 670 1656 Epp.
689 1615 729 1654 4,
757 1613 816 1654 44,

234 1664 274 1694 ut
306 1639 406 1719 mad}
442 1663 565 1695 Isthm.
598 1663 637 1703 4,
671 1664 726 1695 27.
750 1664 816 1696 Β.

118 1615 226 1646 etiam
249 1614 336 1655 Epp.
367 1614 406 1653 4,
435 1614 474 1652 2,

117 1711 294 1745 κλέονται
325 1711 356 1744 δ’
390 1708 432 1744 ἔν
466 1722 507 1745 τε
536 1714 819 1770 φορμίγγεσσιν

117 1761 159 1794 ἐν
191 1758 319 1794 αὗλων
354 1771 394 1794 τε
439 1759 672 1804 παμφώνοις
717 1759 819 1804 ὁμο-

117 1810 238 1852 κλαῖς.
279 1830 316 1834 -
351 1812 458 1852 Pieri]
494 1813 616 1844 Rarior
644 1813 702 1844 hie
730 1821 817 1845 usus

118 1869 215 1893 num.
234 1861 321 1901 sing.
341 1860 438 1893 Ovid.
459 1862 550 1894 Fast.
574 1861 611 1901 4,
631 1862 719 1894 222·
712 1886 720 1893 .
743 1862 819 1893 Pie-

117 1911 167 1942 ris
188 1918 268 1942 orsa
290 1910 391 1950 loqui.
432 1928 468 1933 —
505 1911 682 1951 temperas]
709 1911 820 1943 «stim-

119 1963 235 1992 mese.»
260 1956 419 2001 Propere.
438 1960 458 1991 2
472 1984 479 1998 ,
497 1959 558 2000 34,
577 1960 642 1992 79:
671 1960 748 1992 Tale
761 1960 819 2001 fa-

118 2010 165 2041 cis
197 2017 355 2048 carmen,
399 2010 497 2040 docta
528 2010 687 2042 testudine
721 2010 819 2050 quale

119 2058 275 2097 Cynthius
296 2058 459 2098 impositis
473 2061 635 2098 temperat
648 2059 815 2091 articulis.

163 2107 216 2138 49.
241 2107 297 2138 20.
322 2107 608 2148 mutis-piscibus]
633 2108 689 2140 Sic
710 2109 818 2140 etiam

119 2157 253 2188 Graeci.
280 2156 421 2189 Hesiod.
452 2157 547 2189 Scut.
577 2158 617 2189 H.
646 2153 818 2190 2⁴2³&-

119 2204 240 2245 λοπας
257 2203 389 2246 ἰχθῦς,
405 2210 514 2238 mutos
523 2207 648 2246 pisces,
666 2208 705 2238 ut
721 2208 818 2240 certe

119 2256 439 2287 Grammaticorum
472 2265 556 2297 pars
595 2255 816 2297 explicabat,

119 2303 174 2336 alii
197 2304 324 2336 celeres.
373 2304 536 2346 Sophocl.
562 2306 597 2337 in
620 2305 819 2347 Phrygibus

121 2354 258 2394 Fragm.
278 2355 354 2386 700.
372 2355 434 2387 D.:
460 2351 593 2400 Χορὸς
609 2353 650 2388 δὲ
664 2353 819 2398 μύνδων

121 2404 175 2441 (ex
198 2402 302 2443 gloss.
329 2403 384 2435 alii
407 2402 438 2435 δ’
455 2400 648 2446 ἀναύδων)
672 2402 818 2443 ἰχθύων

119 2447 329 2497 ἑπερῥόθει.
378 2454 523 2495 Oppian.
559 2453 634 2486 Hal.
671 2455 707 2493 4,
735 2454 815 2487 434;

120 2501 194 2533 Καὶ
228 2499 398 2547 σκάρον,
434 2498 478 2542 ὃς
513 2501 561 2545 δὴ
595 2500 744 2545 μοῦνος
777 2503 818 2536 ἐν

121 2548 275 2588 ἰχθύσιν
309 2548 426 2584 πᾶσιν
448 2548 630 2594 ἀναύδοις
655 2553 818 2597 Φθέγγε-

119 2609 180 2631 ται
205 2599 390 2642 ι’κμαλέαν
413 2599 595 2644 λαλαγήν.
636 2620 672 2625 -
709 2604 816 2643 cycni]

120 2649 230 2688 prima
257 2649 391 2690 syllaba
418 2651 452 2682 h.
480 2650 500 2682 1.
529 2653 705 2693 correpta.

1509 535 1564 579 20

910 769 965 801 24.
989 768 1148 811 muneris]
1173 766 1334 802 «Nullum
1345 776 1469 801 meum
1486 777 1568 810 pro-

866 819 985 860 prium
1007 819 1177 851 meritum
1191 843 1200 858 ,
1238 819 1353 851 totum
1374 819 1478 851 tuum
1500 818 1567 851 do-

867 876 954 900 num
976 877 1019 900 ac
1034 867 1251 901 beneficium
1266 869 1356 901 est.»
1391 868 1446 901 Ad
1459 876 1567 902 usum

868 917 991 950 confer
1005 917 1082 950 Tib.
1112 917 1149 957 4,
1172 917 1211 957 9,
1235 916 1301 950 43:
1326 917 1435 958 Saepe
1456 918 1567 959 inspe—

866 967 961 999 ranti
982 967 1072 999 venit
1085 966 1144 999 tibi
1157 975 1294 999 munere
1307 970 1432 1000 nostro.
1458 967 1568 1000 Ama-

867 1016 929 1049 bili
953 1017 1073 1049 autem
1096 1016 1272 1049 modestia
1295 1017 1474 1058 temperat
1494 1015 1569 1049 lau-

868 1065 950 1106 des,
977 1074 1066 1107 quas
1089 1074 1154 1099 suo
1177 1066 1253 1098 iure
1277 1065 1346 1099 sibi
1369 1065 1501 1099 tribuit.
1528 1083 1565 1090 —-

867 1117 1016 1158 Propter
1048 1116 1165 1157 ipsam
1197 1116 1271 1148 vim
1303 1115 1469 1149 vocabuli
1490 1125 1570 1148 mu-

866 1166 956 1198 neris
978 1166 1096 1207 priore
1118 1164 1198 1197 loco
1221 1165 1362 1207 posuit,
1399 1174 1489 1206 non,
1529 1166 1569 1197 ut

867 1215 1073 1248 nonnemini
1087 1214 1202 1248 lenius
1218 1215 1332 1248 visum
1349 1216 1424 1248 est:
1454 1215 1570 1248 Totum

866 1265 926 1298 hoe
958 1265 1106 1297 muneris
1135 1268 1183 1297 est
1215 1265 1276 1297 tui.

867 1316 956 1354 hoc,
981 1314 1047 1347 sed
1069 1313 1280 1356 languidius.

910 1364 1058 1397 22-24.
1097 1367 1267 1397 monstror
1299 1365 1414 1406 digito]
1444 1365 1480 1397 in
1505 1364 1571 1397 bo-

867 1422 952 1446 nam
973 1415 1114 1456 partem
1129 1414 1252 1447 contra
1267 1415 1409 1447 nostrae
1428 1414 1568 1455 linguae

867 1464 1054 1497 rationem.
1101 1463 1245 1496 Luciam
1284 1463 1415 1496 Herod.
1455 1465 1494 1496 2:
1535 1461 1574 1496 εἴ

868 1512 943 1546 πού
967 1523 1010 1556 γε
1032 1513 1175 1556 φανείη
1197 1509 1343 1554 μόνον,
1375 1511 1569 1546 ἐδείκνυτο

1337 1265 1416 1297 Non
1451 1263 1567 1297 lenius

867 1561 919 1607 τῷ
943 1561 1128 1607 δακτύλῳ·
1154 1556 1271 1604 οὗτος
1293 1561 1441 1604 ἐκεῖνος
1456 1559 1570 1609 ‘Hed-

867 1610 982 1654 δοτός
1003 1612 1109 1646 ἐστιν
1124 1609 1147 1645 ὁ
1162 1609 1233 1654 τὰς
1246 1610 1379 1655 μάχας
1391 1609 1462 1654 τὰς
1474 1612 1570 1659 Περ-

868 1661 983 1704 σικὰς
1020 1660 1308 1709 συγγεγραφώς.
1367 1663 1424 1695 Sic
1460 1663 1568 1696 etiam

867 1712 956 1746 Dial.
982 1721 1072 1745 mer.
1099 1713 1136 1752 6,
1168 1712 1200 1745 4.
1237 1713 1337 1745 Pers.
1363 1712 1401 1752 4,
1426 1712 1488 1745 28:
1526 1712 1570 1747 At

862 1763 1043 1803 pulchrum
1064 1765 1112 1794 est
1129 1738 1239 1803 ²‹liyito
1258 1762 1443 1794 monstrari
1464 1764 1497 1795 ct
1515 1761 1570 1794 ai-

867 1812 937 1844 cier
956 1812 1019 1843 Hic
1040 1814 1099 1844 est.
1130 1811 1211 1844 Tac.
1229 1810 1318 1844 Dial.
1336 1810 1382 1844 de
1398 1811 1508 1844 Oratt.
1526 1811 1564 1843 7:

869 1862 958 1902 Quos
979 1862 1113 1902 saepius
1136 1861 1254 1902 volqus
1277 1869 1408 1901 quoque
1429 1860 1570 1901 inmeri-

868 1914 939 1942 tum
960 1914 991 1942 et
1012 1911 1182 1942 tunicatus
1203 1910 1256 1942 hic
1272 1909 1419 1950 populus
1436 1912 1569 1942 tranm-

866 1963 961 1992 untes
981 1961 1114 1992 nomine
1134 1963 1233 1992 vocat
1253 1963 1286 1992 et
1311 1959 1416 2002 di9ito
1437 1957 1571 1992 ammi»-

867 2008 980 2042 strat?
1002 2009 1073 2042 Sed
1097 2010 1183 2041 etin
1198 2009 1413 2042 deteriorem
1427 2009 1569 2051 partem
1636 2038 1642 2041 ,

868 2058 964 2100 apud
987 2058 1151 2091 Ovidium
1172 2059 1292 2091 Amor.
1315 2057 1354 2099 3,
1379 2058 1417 2097 6,
1442 2058 1505 2090 77:
1529 2066 1570 2090 cu

867 2109 980 2150 digitis
1005 2108 1160 2149 desiynor
1180 2108 1336 2140 adultera
1356 2107 1455 2149 volgi.
1491 2107 1570 2148 (Lu-

869 2158 959 2190 cian.
985 2157 1085 2189 Rhet.
1109 2159 1232 2190 Praec.
1256 2158 1318 2190 25:
1351 2153 1398 2189 τὸ
1425 2155 1570 2190 δείκνυ-

868 2207 962 2240 σθαι
994 2202 1046 2249 τῷ
1069 2204 1242 2249 δακτύλῳ
1263 2203 1404 2239 τοῦτον
1418 2205 1568 2240 ἐκεῖνον

868 2253 936 2288 τὸν
958 2251 1174 2301 ἀκρότατον
1196 2254 1238 2288 ἐν
1257 2252 1364 2302 πάσῃ
1379 2256 1498 2300 κακίᾳ
1512 2254 1569 2288 λε-

867 2303 1062 2349 γόμενον.)
1081 2323 1118 2329 -
1138 2306 1436 2346 praetereuntium]
1453 2306 1567 2339 Minus

868 2356 950 2397 apte
963 2363 1077 2397 nuper
1088 2355 1234 2396 quidam
1245 2355 1406 2397 posthoc
1416 2364 1451 2387 v.
1466 2354 1568 2388 colon

867 2404 1075 2447 ponendum
1091 2413 1172 2437 esse
1193 2405 1231 2437 et
1244 2404 1462 2445 iungendum
1475 2405 1570 2445 Quod

868 2455 1038 2487 Romanae
1050 2454 1168 2496 fidicen
1189 2454 1286 2494 lyrae
1300 2455 1393 2494 spiro
1404 2454 1567 2496 opinatus

869 2505 935 2536 est.
950 2522 985 2527 —
997 2504 1167 2536 Romanae
1178 2502 1299 2545 fidicen
1313 2503 1420 2544 lyrae]
1435 2502 1486 2536 Cf.
1500 2503 1565 2536 od.

869 2553 906 2591 3,
925 2553 979 2593 30,
999 2552 1051 2585 43.
1070 2553 1156 2595 Epp.
1177 2553 1212 2592 4,
1234 2553 1292 2592 49,
1309 2552 1353 2585 24
1368 2553 1406 2585 et
1418 2552 1488 2590 32,
1505 2552 1566 2585 ubi

868 2603 1026 2634 Latinum
1041 2611 1080 2634 se
1093 2603 1260 2644 fidicinem
1274 2602 1443 2634 nominat.
1465 2601 1563 2634 ovid.

869 2651 970 2684 Trist.
996 2651 1034 2691 4,
1063 2651 1122 2691 40,
1149 2651 1208 2684 49:
1244 2652 1287 2684 Et
1311 2651 1415 2684 tenuit
1435 2653 1567 2683 nostras
