1722 2904
597 86 677 119 Lm.
702 84 758 117 lv.
805 84 845 116 C.
870 84 896 115 1.

244 193 388 236 Duces
417 190 561 238 thura,
595 188 804 248 lyraeque
834 194 878 230 et
905 185 1187 243 Berecyntiae

190 271 472 316 Delectabere
501 270 631 314 tibiae

244 353 383 396 Mixtis
413 349 674 396 carminibus
704 363 790 392 non
819 349 913 392 sine
940 346 1108 398 fistula;

191 457 282 502 mio
308 457 376 501 bis
405 455 528 514 pueri
558 437 628 499 'die

245 538 412 580 Numen
442 549 541 580 cum
571 534 731 578 teneris
761 532 998 591 virginibus
1028 539 1147 575 tuum

192 617 435 662 Laudantes
463 615 578 674 pede
608 613 792 659 candido

246 699 295 740 In
323 710 489 740 morem
518 695 681 740 Salium
709 702 775 739 ter
802 694 994 752 quatient
1023 694 1212 736 humum.

167 793 222 826 22.
246 792 301 825 23.
326 792 486 832 lyraeque
507 794 537 823 et
559 790 807 830 Beroeymiae-
822 789 904 821 tibia
928 788 1000 830 (sic)
1025 789 1060 827 S,
1085 787 1482 828 lyr-aqueeffloroeynna

124 861 143 866 -
166 841 247 875 tib-‘a
269 840 412 874 «Codex
434 840 578 881 Cruquii
601 838 804 872 Blandinius
827 839 985 871 omnium
1007 838 1269 871 vetustissimus
1284 845 1367 870 cum
1382 838 1485 870 Lam-

122 891 196 924 bini
218 890 432 933 quibusdam
454 891 491 923 et
511 889 720 922 Bersmanni
746 897 837 922 uno»
843 889 903 927 ,C
927 889 964 920 et
977 886 1167 920 Bentleius.
1187 904 1224 910 —
1248 886 1304 919 28.
1328 887 1483 926 quaem

128 940 217 981 BbS,
240 939 291 984 βγ
314 940 415 983 (teste
438 939 631 972 Kirchnero
652 947 688 981 p
713 937 780 978 36.)
804 949 838 970 κ.
865 937 946 978 (non
969 938 1014 970 c.
993 958 1014 978 ,Ι

82 1021 210 1054 dat-int.
242 1022 315 1055 Una
332 1019 461 1053 cedrus
476 1019 604 1061 Cypria
625 1019 781 1051 immen-

82 1079 144 1104 sae
164 1069 415 1112 magnitudinis
435 1069 655 1101 memoratur
676 1076 697 1099 a
712 1066 781 1100 Pli-

84 1121 145 1153 nio
160 1121 203 1153 H.
216 1121 258 1153 N.
277 1120 331 1159 46,
344 1118 399 1152 40.
415 1128 424 1159 ;
449 1117 576 1151 strabo
587 1119 709 1150 autem
724 1116 778 1150 44.

87 1171 175 1203 extr.
192 1194 201 1209 ,
239 1168 302 1201 ubi
334 1168 380 1201 de
415 1168 524 1209 Cypri
552 1166 647 1200 silvis
668 1166 779 1199 verba

82 1219 181 1258 facit,
206 1217 292 1251 nihil
312 1217 418 1251 tradit
440 1216 486 1249 de
509 1216 637 1249 cedris.
674 1216 782 1249 Cete-

86 1277 169 1301 rum
201 1267 247 1301 de
280 1268 371 1309 liqna
402 1267 505 1300 οὔτ-σο
538 1267 620 1299 ante
655 1274 781 1298 omnes

84 1315 323 1350 consulendus
352 1317 408 1350 est
432 1316 578 1357 Mongez
598 1315 703 1348 Acad.
727 1315 783 1347 des

84 1363 780 1406 laser-......NSIIIp3t‚quide-

84 1416 321 1448 monstratum
354 1415 416 1447 ivit
447 1415 556 1447 fuisse
592 1414 783 1454 iuniperum

85 1465 326 1506 Hispmieam3
356 1462 412 1496 alii
433 1464 564 1496 vocant
585 1463 701 1503 thyian
722 1471 783 1502 cy-

83 1514 315 1555 preoeoeidoru
362 1514 462 1546 certe
495 1521 567 1545 non
598 1514 654 1545 est
674 1512 784 1544 malus

87 1564 231 1598 maim.
251 1581 288 1587 —
313 1563 463 1596 omnino
486 1561 712 1603 cogitandum
735 1562 785 1603 (ut

87 1615 124 1647 in
145 1614 241 1655 Virg.
266 1611 376 1646 Catal.
401 1612 442 1652 6,
459 1613 491 1644 5.
517 1613 643 1653 Georg.
661 1610 782 1651 3,43.)

89 1663 134 1696 de
161 1661 295 1705 templo
326 1671 371 1695 ex
397 1660 510 1694 libera
532 1662 660 1703 poetae
683 1670 785 1700 φαν-

87 1713 206 1756 τασίᾳ
227 1710 459 1750 exstruendo,
493 1711 530 1742 in
553 1719 624 1752 quo
648 1709 785 1751 quaeli-

88 1761 152 1794 bet
171 1760 230 1794 vel
250 1760 504 1803 pretiosissima
526 1759 675 1792 materia
697 1761 786 1801 poe-

90 1812 160 1844 tico
204 1809 288 1843 luxu
327 1808 424 1851 large
458 1807 624 1851 profundi
656 1810 784 1850 potest.

133 1861 174 1893 24
194 1858 283 1892 -24,
317 1859 407 1901 Illic]
443 1857 534 1890 «Illic
557 1857 699 1891 assidue
726 1866 790 1890 co-

94 1909 203 1948 leris;
254 1907 397 1951 plurimi
445 1906 509 1939 tibi
553 1906 790 1939 adolebuntur

93 1959 247 1996 odores;
283 1965 499 1999 semperque
521 1955 621 1996 lyrae
636 1981 644 1996 ,
680 1956 789 1989 tibiae

91 2007 323 2048 Berecyntiae
348 2006 451 2048 (quae
474 2006 616 2048 proprie
640 2007 694 2038 est
715 2006 792 2040 Ma-

92 2058 155 2090 tris
177 2055 287 2090 deum
313 2064 463 2097 magnae
479 2081 487 2095 ,
523 2064 543 2086 a
574 2055 789 2096 Berecynto,

93 2107 266 2148 Phrygiae
292 2105 450 2146 monte),‚
488 2103 627 2137 fistulae
651 2105 700 2145 (ut
724 2104 789 2137 Od.

94 2157 133 2196 3,
163 2157 224 2196 49,
252 2154 320 2196 20.)
345 2155 468 2187 cantus
490 2154 620 2187 mixtus
643 2162 792 2186 resona-

94 2205 179 2238 hit.»
224 2205 277 2237 De
310 2205 385 2236 toto
417 2204 564 2236 Veneris
599 2201 694 2235 cultu
726 2202 790 2235 ctr.

94 2252 350 2296 Empedoclem
383 2252 480 2295 apud
509 2252 639 2284 Athen.
673 2252 733 2290 42,
760 2252 790 2283 4.

95 2313 130 2346 p.
155 2303 220 2336 5⁴0
242 2302 291 2335 d:
317 2300 464 2348 Κύπρις
487 2300 689 2342 βασίλεια·
714 2297 794 2342 Τὴν

97 2351 181 2396 οἵγ’
198 2312 444 2391 εὐσεβέεσσιν
466 2347 686 2394 ἀγάλμασιν
709 2345 794 2381 nd-

97 2410 280 2441 σκονται,
326 2401 515 2457 Γραπτοῖς
554 2398 595 2432 δὲ
636 2396 791 2441 ζώοισι,

97 2448 268 2507 μύροισί
268 2460 309 2482 τε
330 2446 641 2496 δαιδαλεόδμοις,
666 2446 794 2494 Σμύρ-

97 2511 168 2543 νης
189 2501 221 2532 τ’
244 2497 415 2545 ἀκρήτου
445 2494 604 2539 θυσίαις
632 2495 792 2538 λιβάνου

98 2559 140 2582 τε
157 2546 351 2589 θυώδους,
375 2545 539 2581 Ξανθῶν
563 2557 604 2580 τε
626 2544 795 2589 σπονδὰς

100 2597 261 2641 μελίτων
295 2594 491 2644 ῥίπτοντες
522 2608 562 2638 ες
599 2591 727 2638 οὖδας.
756 2616 791 2620 -

101 2647 251 2681 Ablativi
274 2648 413 2690 lyraque
435 2649 504 2681 cet.
529 2648 564 2680 in
588 2647 705 2681 codd.
731 2646 795 2680 ali-

830 1020 936 1060 quot,
972 1017 1103 1060 quibus
1133 1016 1284 1059 volgaris
1308 1017 1528 1050 constructio

831 1067 1042 1100 Horatianae
1075 1065 1319 1106 substituitur,
1356 1066 1423 1098 orti
1446 1074 1526 1099 esse

829 1116 995 1150 videntur
1010 1116 1191 1149 dumtaxat
1206 1124 1250 1148 ex
1263 1124 1374 1157 prava
1388 1124 1529 1148 accom-

830 1165 1033 1199 modatione
1054 1165 1100 1198 ad
1121 1175 1155 1198 v.
1178 1165 1399 1203 delectabere,
1423 1165 1529 1197 unice

829 1217 919 1249 recti
934 1215 1060 1253 dativi,
1084 1216 1125 1247 ut
1139 1213 1251 1256 Epod.
1269 1214 1302 1253 9,
1320 1215 1359 1246 5:
1384 1214 1532 1246 somme

829 1266 977 1298 mixtim»
998 1264 1086 1297 tibiis
1105 1273 1242 1296 cannen
1265 1263 1354 1303 lyra.
1390 1262 1531 1297 Utrobi-

832 1324 902 1357 que
917 1315 1074 1347 carmina
1089 1313 1288 1354 significant
1302 1312 1431 1346 modos
1453 1311 1527 1353 (Od.

830 1365 870 1404 3,
889 1365 925 1397 44
942 1390 950 1404 ,
968 1364 1027 1405 7.),
1045 1364 1240 1396 concentus
1256 1363 1386 1395 horum
1401 1363 1533 1395 instru-

830 1415 1034 1446 mentorum
1044 1438 1052 1452 ‚
1070 1411 1292 1452 συναυλίαν,
1309 1408 1382 1454 τὴν
1396 1407 1531 1444 αὐλῶν

830 1460 927 1509 πρὸς
941 1460 1058 1509 λύραν
1073 1462 1289 1495 κοινωνίαν.
1309 1461 1447 1502 (Athen.
1469 1460 1511 1494 44
1521 1487 1528 1499 ,

831 1512 876 1553 9.)
922 1513 973 1545 De
1003 1511 1220 1544 carminibus
1250 1511 1398 1553 proprie
1430 1510 1533 1543 dictis

830 1570 912 1594 mox
934 1560 1104 1603 loquitur.

895 1612 951 1644 25.
985 1611 1073 1653 Illic]
1100 1610 1191 1643 «Illic
1213 1610 1270 1643 bis
1298 1608 1363 1642 tibi
1386 1607 1532 1650 singulis

834 1660 961 1693 diebus
1000 1660 1176 1693 ducentur
1216 1659 1317 1692 chori
1330 1684 1338 1698 ,
1378 1659 1533 1699 hymnos

834 1710 897 1742 tibi
920 1710 1122 1742 canentes.»
1150 1726 1186 1732 -
1212 1708 1277 1750 bis]
1301 1706 1425 1752 Tibull.
1445 1708 1481 1746 4,
1500 1707 1532 1745 3,

836 1759 896 1791 34;
936 1759 1056 1799 Bisque
1084 1759 1137 1791 die
1163 1758 1312 1790 resoluta
1339 1765 1454 1789 comas
1478 1756 1536 1788 tibi

837 1809 945 1841 dicere
976 1808 1092 1840 laudes
1122 1807 1265 1848 Insignis
1295 1806 1395 1838 turba
1422 1805 1536 1838 debeat

836 1860 872 1891 in
902 1858 1050 1897 Pharia,
1092 1865 1197 1890 mane
1231 1857 1346 1898 prima
1380 1855 1466 1887 hora
1501 1856 1536 1887 et

836 1916 988 1949 vespere
1012 1907 1101 1939 hora
1124 1908 1261 1938 octava.

881 1956 1005 1989 28.1n
1025 1964 1153 1988 morem
1174 1954 1316 1996 Salimn]
1340 1955 1381 1985 ut
1402 1953 1466 1985 Od.
1493 1954 1533 1991 4,

840 2006 899 2045 36,
936 2006 989 2038 42.
1033 2004 1246 2037 adjectivum
1277 2003 1395 2045 potius
1428 2011 1537 2044 quam

840 2054 930 2097 plur.
952 2063 1017 2097 pro
1037 2054 1220 2086 Salionam.
1258 2052 1327 2085 Ctr.
1350 2052 1451 2085 Varr.
1470 2052 1535 2083 LL.

840 2105 881 2144 7,
907 2105 948 2136 ⁴:
984 2104 1081 2136 Salia
1114 2103 1272 2135 carmina
1304 2102 1540 2142 interpr-etam

841 2158 888 2187 est
910 2154 946 2186 C.
969 2152 1079 2186 Aelius
1101 2153 1197 2185 Stilo.
1239 2170 1275 2174 —
1314 2151 1381 2192 ter]
1410 2152 1451 2182 ut
1472 2149 1537 2182 Od.

842 2203 883 2243 3,
902 2202 961 2242 48,
980 2202 1033 2234 46.
1061 2200 1129 2233 «ini
1142 2200 1411 2241 Drittelschlay.»
1434 2199 1538 2232 Voss.

845 2268 881 2274 -
908 2253 1045 2290 quatere
1060 2254 1188 2283 terram
1208 2249 1254 2282 de
1275 2248 1476 2288 saltatione,
1502 2250 1540 2280 ut

838 2301 996 2342 pulsare,
1017 2300 1141 2341 pellere
1167 2301 1311 2332 terram.
1350 2297 1425 2340 (Od.
1444 2299 1480 2337 4,
1506 2297 1538 2334 4,

842 2350 888 2390 7.)
926 2349 1047 2391 Eurip
1076 2348 1202 2382 Troad.
1231 2347 1315 2381 544:
1358 2346 1480 2387 Λίβυς
1501 2356 1542 2379 τε

842 2395 964 2439 λωτὸς
990 2395 1142 2431 ἐκτυπει
1164 2395 1317 2454 Φρύγιά
1331 2407 1371 2430 τε
1392 2395 1533 2439 με’λεα,

844 2448 1028 2494 παρθένοι
1059 2446 1090 2480 ὅ
1118 2444 1262 2493 Ἀέριον
1291 2443 1369 2479 ἀνὰ
1381 2443 1542 2504 κρότον

844 2495 971 2530 ποδῶν
993 2495 1100 2530 Βοάν
1120 2499 1152 2530 τ’
1173 2494 1340 2541 ἔμελπον
1356 2505 1540 2542 ευφρονα.

844 2547 986 2580 Lucian.
998 2546 1044 2580 de
1053 2546 1172 2580 saltat.
1189 2547 1241 2580 46.
1260 2544 1404 2579 παίδων
1414 2546 1540 2604 χοροι,

845 2594 1097 2638 συνελθόντες
1116 2595 1159 2630 ἕν
1180 2592 1285 2639 αυλῷ
1311 2596 1353 2628 οἱ
1370 2594 1443 2637 μὲν
1458 2592 1544 2634 ἐχό-

844 2656 974 2693 ρευον,
999 2642 1252 2694 ὑπωρχοῦντο
1267 2644 1308 2679 δὲ
1326 2645 1366 2678 οἱ
1378 2641 1540 2691 ἄριστοι.
