1722 2904
168 92 249 135 44⁶2

690 93 861 127 HORATII
885 94 1110 128 CARMINUM

335 197 517 250 Quando
549 204 591 240 et
620 196 788 254 pri0res
819 197 918 240 hinc
946 197 1116 240 Lamias
1148 196 1286 240 ferunt

389 278 697 322 Denominatos
729 284 771 321 et
800 284 1006 335 nepotum

446 361 529 402 Per
558 373 773 402 memores
804 373 941 416 genus
972 372 1099 402 omne
1130 359 1286 409 fastos3

332 465 517 508 Auctore
548 464 602 507 ab
634 464 704 507 illo
737 464 860 507 ducis
890 464 1119 521 originem,
1592 465 1618 506 5

250 585 313 616 Vv.
332 585 406 616 2-5.
427 585 566 624 Quando
581 600 597 607 -
610 601 625 607 -
640 584 802 625 oriqinem
818 583 975 625 suspecti
991 583 1195 623 Sanadono,
1220 583 1328 624 lanio,
1346 584 1573 624 Buttmanno,

207 634 382 674 Webero,
414 634 603 673 Meinekio,
639 632 801 674 Regelio,
826 633 1009 672 Liibker0‚
1047 632 1133 665 aliis.
1181 633 1308 665 Totum
1331 642 1479 666 carmen
1501 634 1576 667 Ho-

207 684 283 715 ratii
308 692 387 716 esse
411 684 516 724 negat
540 683 689 715 Hofman
713 681 934 725 Peerlkamp.
961 701 997 706 —
1022 682 1054 715 4.
1080 683 1201 714 Fastus
1223 683 1264 722 S,
1288 680 1333 723 β,
1357 691 1411 725 pr.
1430 693 1466 715 κ.
1493 683 1576 725 (non

210 733 361 774 Bchd.)
382 734 451 766 Cfr.
472 734 588 766 Carm.
607 733 640 773 4,
660 733 720 773 44,
739 733 771 766 4.
791 750 829 756 -
849 734 881 765 5.
900 733 989 764 ducit
1004 733 1148 764 auctore
1164 732 1206 764 D.
1224 731 1367 765 Heinsio
1382 731 1571 766 Bentleius.

213 784 353 824 (Omnes
371 784 453 823 mei,
481 785 589 816 etiam
605 783 639 824 d,
666 782 829 824 Bentleii,
855 782 1011 818 Pottierii
1035 782 1105 815 cet.
1131 780 1248 822 ducis.)

207 883 238 915 2.
265 883 296 914 3.
347 883 497 924 Quando]
518 883 727 923 «quoniam,
754 882 867 924 siqui-

164 932 282 964 dem.»
319 933 440 964 SCHOL.
500 933 590 964 Raro
630 932 776 973 quidem
815 932 867 964 sic

164 982 311 1023 usurpat
341 981 504 1013 Horatius
535 981 620 1022 (Sat.
650 982 687 1021 2,
720 982 763 1022 5,
796 980 863 1022 9.);

162 1031 220 1062 hic
244 1031 365 1063 nescio
390 1031 474 1071 quid
497 1030 608 1062 habet
630 1030 769 1073 lepidae
790 1039 868 1072 gra-

162 1081 295 1119 vitatis,
323 1080 424 1121 quasi
447 1089 617 1121 magnum
641 1081 723 1114 huic
740 1081 785 1125 de
803 1082 868 1113 La-

165 1138 224 1162 mo
242 1127 453 1175 παραδόσει
468 1130 609 1172 pondus
625 1130 808 1163 tribueret.
826 1149 862 1154 -

163 1180 256 1221 hinc]
282 1180 326 1212 de
350 1189 506 1221 persona
529 1180 585 1213 vel
610 1181 717 1213 etiam
742 1182 863 1222 stirpe,

163 1231 202 1261 ut
234 1230 329 1270 Virg.
362 1231 449 1262 Aen.
477 1231 515 1270 4,
541 1231 578 1263 24
600 1240 606 1262 :
645 1231 730 1263 Hinc
752 1240 866 1271 popu—

163 1279 231 1311 lum
248 1297 267 1302 —
281 1297 300 1303 -
319 1280 509 1313 Venturum.
557 1280 645 1313 lbid.
670 1281 756 1313 235:
781 1280 866 1312 Hinc·

164 1329 236 1370 fore
269 1329 420 1361 ductores
455 1333 611 1362 revocato
649 1339 671 1362 a
703 1330 866 1371 sanquine

165 1379 292 1411 Teucri.
342 1379 404 1411 Od.
433 1381 470 1419 4,
503 1380 563 1419 ⁴2,
597 1380 659 1412 47:
702 1381 791 1412 Unde
818 1379 867 1411 nil

161 1429 272 1460 maius
280 1433 462 1471 qeneratur
473 1430 555 1470 ipso.
572 1430 754 1462 Censorin.
766 1429 845 1470 229
856 1438 863 1460 :

162 1478 867 1520 RomulusnominavitAprilemabAphro-

162 1528 246 1568 dite,
271 1529 307 1560 id
328 1532 396 1568 est,
425 1530 565 1569 Venere,
601 1529 689 1561 unde
721 1529 867 1561 maiores

163 1578 232 1610 eius
257 1579 391 1610 oriundi
418 1579 622 1611 dicebantur.
656 1597 692 1601 —
713 1579 860 1620 priores]

162 1628 231 1660 Eos
261 1627 435 1669 intefflgst,
478 1629 538 1670 qui
572 1629 700 1661 vixisse
736 1628 864 1661 crede-

161 1676 292 1709 bantur
326 1678 418 1710 inter
448 1679 605 1719 primum
628 1677 768 1710 Aelium
797 1679 864 1710 La-

161 1726 270 1758 miam
299 1726 334 1758 in
366 1727 469 1760 huius
501 1727 651 1759 familiae
676 1736 864 1760 commen-

160 1776 257 1808 tariis
279 1776 335 1808 vel
358 1776 619 1809 laudationibus
653 1776 863 1809 funebribus

161 1828 399 1858 memoratum
446 1828 481 1858 et
530 1828 678 1859 Lamum
717 1835 860 1867 regem,

161 1876 391 1909 Troianorum
421 1877 625 1918 temporum
649 1876 858 1917 aequalem;

164 1934 246 1958 nam
281 1927 376 1958 certe
412 1935 456 1958 ne
488 1925 571 1958 Iulia
608 1926 754 1967 quidem
776 1934 863 1967 gens

161 1975 272 2006 totam
285 1976 416 2007 seriem
429 1976 604 2007 maiorum
614 1984 760 2008 suorum
772 1976 866 2007 inter

160 2025 316 2066 primum
335 2023 461 2057 lulium
477 2033 520 2057 ex
536 2023 729 2057 Annalibus
745 2025 865 2058 Ponti-

161 2074 268 2106 ficum
285 2076 345 2106 aut
361 2073 501 2106 aliunde
518 2074 684 2106 historica
705 2074 775 2106 fide
798 2083 865 2107 no-

160 2124 235 2155 tum
260 2125 294 2155 et
313 2123 427 2156 Iulum
442 2124 583 2156 Aeneae
601 2124 635 2156 F.
656 2124 863 2156 nominatim

160 2172 303 2213 explere
328 2181 486 2214 unquam
514 2175 638 2205 conata
664 2175 762 2214 erat,
796 2182 863 2206 nec

159 2223 271 2262 magis
297 2231 360 2254 eae
387 2224 529 2263 gentes,
557 2222 687 2263 quihus
710 2222 863 2255 similem

160 2272 330 2312 originem
347 2272 545 2305 fabulosam
569 2272 728 2304 tribuunt
750 2273 864 2314 Virgi-

132 2351 135 2355 ,
160 2320 226 2352 lius
251 2323 287 2353 et
303 2321 415 2354 Silius.
441 2322 612 2354 Prwribus
635 2321 748 2363 (ader
773 2323 864 2354 Vor-

160 2370 254 2401 well
269 2371 293 2402 L
305 2371 509 2410 amiern»‚
535 2371 650 2411 Voss.)
668 2372 788 2404 autem
802 2380 864 2413 op-

159 2422 340 2460 ponuntur
372 2424 522 2461 nepotes,
561 2421 597 2460 ii,
631 2429 784 2462 quorum
816 2422 861 2454 de

161 2469 362 2502 nominibus
387 2472 482 2502 certa
507 2470 576 2502 fide
596 2470 793 2503 constabat.
823 2489 858 2494 —-

158 2518 286 2560 ferunt]
319 2520 477 2551 «vetusta
510 2521 545 2551 et
577 2521 744 2552 constans
768 2520 860 2552 fama

161 2568 248 2598 est.»
273 2567 362 2600 Nihil
379 2569 470 2601 inest
485 2569 608 2601 incerti
626 2578 668 2601 ac
685 2569 794 2602 dubii.

204 2615 234 2648 4.
260 2626 420 2650 memores
435 2635 475 2641 --
489 2618 602 2660 fastos]
620 2619 682 2651 Od.
698 2618 730 2659 4⁷
748 2618 800 2658 ⁴4,
815 2618 834 2651 4
852 2629 858 2650 :

916 881 1094 913 maiorum
1117 889 1177 913 res
1199 881 1317 922 gestas
1341 882 1449 923 atque
1464 881 1619 915 honores

917 931 963 964 ad
986 931 1232 973 posteritatem
1247 933 1482 973 propagant.»
1506 933 1620 972 Quae-

916 981 1000 1013 runt
1023 980 1243 1021 grammatici
1264 980 1416 1022 fastosne
1439 990 1486 1014 an
1512 981 1620 1023 fastus

915 1031 1047 1062 rectior
1074 1029 1188 1062 torma
1219 1030 1275 1063 sit.
1322 1031 1422 1063 Prior
1443 1039 1530 1064 sane
1554 1039 1620 1065 an·-

915 1080 1047 1121 tiquior
1061 1079 1195 1112 Horatii
1218 1080 1326 1121 etiam
1342 1080 1458 1113 aetate
1477 1080 1619 1114 videtur

913 1130 1042 1163 usitata
1065 1129 1184 1162 fuisse.
1231 1128 1386 1162 Alterius
1406 1131 1547 1163 certum
1563 1132 1619 1164 est

916 1178 1120 1220 exemplum
1154 1180 1286 1212 Lucan.
1323 1178 1384 1220 40,
1422 1180 1508 1212 487ι
1547 1181 1618 1213 Nee

913 1238 1005 1261 meus
1025 1229 1162 1260 Eudoxi
1175 1228 1327 1261 vincetur
1340 1228 1481 1271 fastibus
1495 1238 1615 1262 annus.

914 1279 1034 1311 Fastus
1057 1277 1167 1310 edunt
1189 1278 1297 1310 etiam
1319 1278 1416 1320 apud
1439 1277 1560 1312 Silium
1581 1280 1615 1320 2,

916 1328 969 1360 40.
995 1328 1195 1360 Priscianus
1219 1327 1260 1368 6,
1286 1327 1348 1361 44:
1386 1328 1484 1369 Apud
1505 1329 1618 1362 Hora-

915 1378 998 1410 tium
1021 1377 1186 1418 duplicem
1207 1377 1338 1410 invenio
1361 1379 1567 1419 scripturam
1587 1381 1619 1412 οι

911 1435 1034 1460 iussos
1061 1431 1092 1460 et
1111 1435 1235 1461 msws
1256 1428 1292 1460 in
1313 1428 1371 1460 111.
1397 1428 1593 1461 Cannium
1605 1438 1617 1461 .·

913 1478 981 1509 Pna
997 1495 1016 1500 -
1031 1495 1051 1500 —
1063 1485 1185 1510 FAsros
1208 1480 1239 1509 et
1258 1484 1383 1511 msws
1404 1478 1441 1510 in
1463 1478 1541 1510 aliis
1562 1487 1619 1510 eo-

915 1526 1051 1559 dicibus.
1098 1527 1139 1559 H.
1165 1525 1188 1559 1.
1212 1526 1366 1568 intellige
1390 1527 1618 1569 potissimum

915 1576 959 1608 de
984 1576 1182 1608 stemmatis
1208 1575 1443 1618 (genealogiis)
1467 1576 1617 1610 huiusce

914 1625 1077 1658 familiae.
1124 1627 1215 1658 Nam
1243 1626 1280 1658 in
1303 1626 1414 1659 Fastis
1449 1625 1618 1660 consula·

914 1674 1013 1708 ribus
1035 1683 1129 1707 unus
1152 1677 1336 1717 comparet
1357 1675 1416 1708 hic
1447 1676 1525 1718 ipse
1549 1677 1617 1708 La-

914 1725 1003 1764 mia,
1031 1723 1155 1757 consul
1170 1733 1202 1756 a.
1219 1733 1255 1757 u.
1274 1733 1307 1757 c.
1325 1725 1414 1765 7563
1438 1733 1507 1758 nee
1527 1724 1616 1758 alius

913 1775 1057 1815 praeter
1071 1774 1235 1814 Lucium,
1254 1774 1331 1806 eius
1346 1775 1499 1816 patrem,
1513 1783 1618 1817 prae-
1682 1795 1691 1804 ·

913 1826 1048 1864 torem,
1073 1825 1296 1856 memoratur
1318 1832 1338 1856 a
1362 1824 1494 1865 Pighio.

957 1876 990 1907 5.
1030 1874 1062 1906 6.
1103 1873 1214 1915 ducis]
1246 1873 1338 1913 Quid
1360 1882 1427 1916 pro
1451 1874 1615 1916 speciosa

913 1923 955 1955 D.
981 1923 1115 1956 Heinsii
1138 1923 1229 1956 coni.
1267 1923 1359 1955 ducit
1390 1922 1460 1956 dici
1487 1924 1612 1966 possit,

913 1973 995 2005 vide
1031 1973 1127 2015 apud
1160 1971 1378 2013 Bentleium‚
1419 1981 1542 2006 acrem
1579 1974 1616 2006 et

913 2023 1136 2064 ingeniosum
1159 2023 1235 2055 eius
1259 2022 1501 2056 defensorem.
1540 2023 1614 2064 Ego

913 2080 952 2104 re
988 2072 1106 2104 denuo
1140 2073 1317 2114 pensitata
1358 2071 1405 2104 ad
1439 2071 1615 2105 librorum

914 2122 1162 2154 auctoritatem
1193 2129 1290 2154 nunc
1317 2122 1468 2162 reverti,
1503 2122 1614 2154 Iahnii

913 2171 1204 2212 interpretatione
1231 2170 1394 2213 probata.
1439 2172 1480 2203 In
1501 2171 1613 2206 Hein-

913 2221 1011 2252 siana
1034 2221 1170 2253 ratione
1194 2221 1299 2253 nimis
1322 2220 1439 2253 tenuis
1472 2219 1614 2253 videtur

911 2269 967 2302 illa
990 2271 1095 2303 unius
1124 2269 1292 2303 versiculi
1322 2268 1510 2316 appellatio
1543 2269 1615 2303 Aeli

911 2338 931 2343 -
953 2337 973 2343 -
992 2320 1120 2358 Limam
1171 2319 1276 2352 nimis
1321 2319 1466 2361 copiosa
1503 2319 1614 2352 Lamii

911 2370 1052 2411 generis
1090 2370 1249 2411 mythice
1286 2369 1457 2408 historia;
1496 2369 1612 2411 aptius

913 2428 997 2460 ergo
1030 2422 1111 2461 post
1146 2419 1405 2460 digressionem
1435 2427 1471 2451 v.
1507 2418 1610 2452 2-4.

910 2478 944 2500 v.
970 2470 1003 2501 5.
1029 2469 1122 2501 redit
1144 2469 1190 2501 ad
1211 2478 1245 2501 v.
1265 2469 1296 2501 ⁴.
1322 2469 1405 2501 Post
1427 2467 1612 2500 exordium

912 2520 1051 2558 autem,
1089 2518 1185 2559 quod
1209 2519 1285 2560 ipsa
1308 2526 1371 2550 sua
1395 2517 1612 2550 verbositate

911 2569 1028 2600 iocum
1053 2568 1218 2607 adiuvat,
1245 2567 1430 2609 abruptius
1451 2566 1613 2608 procedit

910 2617 955 2650 ad
977 2618 1210 2659 praecipuum
1234 2617 1398 2650 carminis
1421 2623 1613 2657 argumen-

159 2666 220 2697 I'er
244 2667 354 2698 titulos
375 2676 598 2707 memoresque
616 2668 744 2708 -fastos;
773 2668 859 2709 «qui
911 2668 987 2700 tum
1011 2675 1088 2699 cras
1111 2668 1179 2699 cet.
1215 2667 1365 2699 Criticus
1389 2666 1535 2708 quidem
1550 2673 1612 2698 no-
