1722 2904
682 34 819 69 mm.
866 34 996 68 CAnu.
1022 33 1126 68 xvn.

1537 29 1620 73 745

345 141 486 199 Egens
515 137 729 196 benignae
761 136 961 181 Tantalus
992 150 1166 195 semper
1199 136 1349 194 dapis,

344 221 476 278 Optat
501 218 783 263 Prometheus
814 217 1028 275 obligatus
1056 216 1166 267 aliti,

346 301 478 359 Optat
511 312 715 358 supremo
747 297 962 343 collocare
994 297 1208 357 Sisyphus

330 382 396 443 'ln
423 386 568 424 monte
602 393 777 431 saxum3
809 377 887 422 sed
916 384 1060 421 vetant
1088 377 1208 435 leges
1240 378 1364 421 Iovis.

349 460 477 504 Voles
505 459 636 504 modo
670 458 765 502 altis
792 458 967 502 desilire
997 457 1206 507 turribus,

350 541 476 585 Modo
506 553 611 585 ense
639 546 791 598 pectus
818 539 972 582 Norico
1003 537 1248 586 recludere,

354 624 615 679 Frustraque
644 619 783 663 vincla
815 619 971 676 gutturi
1003 625 1151 662 nectes
1181 625 1279 665 tuo,

352 700 589 745 Fastidiosa
622 699 753 743 tristis
786 699 1059 756 aegrimonia.

354 780 566 825 Vectabor
594 779 786 823 humeris
819 786 919 822 tunc
952 792 1034 836 ego
1065 778 1246 823 inimicis
1275 791 1438 836 equeS‚
1464 834 1467 837 Ι

355 862 564 919 Meaeque
595 867 709 904 terra
741 859 866 904 cedet
904 858 1168 902 insolentiae.

1575 859 1629 900 75

272 999 327 1031 67.
351 997 431 1031 aluo
455 998 502 1036 B,
536 998 626 1030 Pott.
663 1005 740 1029 sex.
778 1015 814 1019 —
862 996 915 1028 72.
946 996 1089 1028 innectes
1115 996 1185 1032 BT,
1221 994 1368 1028 Bentleii
1401 994 1583 1037 plerique,

231 1045 387 1080 Oberlini
406 1047 455 1085 B,
480 1047 648 1088 quattuor
669 1045 834 1078 Pottierii.
862 1045 914 1084 <Ut
935 1053 1019 1094 nos,
1044 1043 1102 1084 bc,
1128 1041 1197 1085 βξ,
1223 1045 1544 1086 Franequeranus.)

230 1163 309 1196 65-
325 1161 379 1195 67.
426 1160 535 1204 infidi]
560 1159 684 1194 catull.
711 1160 773 1200 64,
797 1160 884 1194 346:

182 1212 315 1254 perituri
332 1211 477 1252 Pelopis,
502 1211 584 1253 quia
614 1211 649 1243 in
665 1219 765 1244 mare
779 1219 887 1253 prae—

187 1261 345 1304 cipitavit
365 1259 544 1302 Myrtilum
567 1261 744 1301 aurigam,
785 1260 885 1292 cuius

189 1319 259 1353 ope
286 1308 447 1343 aemulos
472 1310 607 1342 vicerat
641 1311 678 1342 et
705 1309 886 1351 Hippoda-

186 1360 317 1399 miam,
351 1359 522 1392 Oenomai
543 1358 652 1392 filiam
667 1383 675 1398 ,
704 1359 740 1390 in
763 1358 887 1390 matri-

188 1409 350 1442 monium
370 1410 573 1450 acceperat.
618 1406 775 1440 Alteram
802 1407 884 1440 lect.

187 1458 309 1499 infidus
337 1456 511 1498 explicant
542 1457 623 1498 «qui
654 1456 806 1489 deorum
827 1466 887 1489 ar-

189 1515 278 1539 cana
301 1505 444 1539 consilia
469 1504 684 1546 evolgavit,·
718 1507 758 1538 ut
783 1505 884 1538 ovid.

188 1558 268 1588 Am.
293 1554 333 1594 3,
359 1554 419 1593 42,
443 1554 508 1586 30:
547 1555 701 1587 Proditor
722 1555 758 1586 in
779 1555 887 1587 medio

193 1603 351 1636 Tantalus
384 1612 483 1635 amne
513 1604 604 1643 sitin
639 1603 705 1636 sed
726 1605 809 1636 nata
831 1605 887 1636 est

193 1661 238 1685 ex
271 1651 603 1685 accommodatione
646 1652 693 1684 ad
731 1661 887 1693 sequens

189 1709 273 1734 voc.
297 1701 405 1743 (infidi
427 1701 515 1734 cod.
532 1702 681 1742 Franeq.
704 1710 724 1734 a
739 1710 793 1743 pr.
815 1710 863 1733 m.
877 1727 885 1740 ,

191 1758 212 1782 a
239 1758 312 1782 see.
347 1750 490 1792 infidi&
541 1750 699 1792 itemque
732 1751 887 1783 Pottierii

191 1798 213 1832 t
235 1800 272 1831 et
295 1798 374 1837 43.;
400 1799 526 1839 ceteri,
551 1801 591 1831 ut
612 1799 702 1840 nos.)
729 1818 765 1823 —
795 1799 889 1831 beni-

191 1847 435 1890 9nae-dapis]
461 1849 666 1890 «copiosae,
698 1848 885 1887 affluentis,

192 1906 284 1939 quae
308 1905 392 1930 eum
415 1906 560 1939 semper
582 1897 798 1936 circumdat,
823 1897 888 1930 sed

194 1946 358 1979 frustm.-
384 1965 421 1970 —
447 1947 611 1988 obliyatus
632 1947 722 1988 aliti]
754 1946 889 1979 aobno-

192 1996 271 2028 xius
293 1995 433 2037 aquilae
455 1995 593 2036 ultrici,
624 1996 725 2028 cuius
747 2004 888 2029 morsus

192 2053 215 2077 a
248 2053 288 2077 se
323 2053 447 2078 arcere
481 2054 552 2078 uon
584 2046 737 2087 potest.»
783 2046 889 2084 Quasi

192 2095 306 2127 esset:
332 2094 400 2127 «ita
423 2093 583 2135 alligatus
606 2093 652 2126 ad
675 2094 886 2133 Caucasum,

193 2144 231 2175 ut
262 2145 437 2185 perpetuo
469 2143 650 2185 expositus
683 2144 729 2176 sit
750 2141 888 2184 aquilae

192 2191 412 2232 morsibus»,
438 2193 620 2234 accepisse
643 2192 785 2225 videtur
797 2192 889 2224 Voss

190 2241 357 2273 vertens:
383 2244 666 2283 ausyespannt
688 2242 775 2273 dem
795 2240 891 2273 Ade-

192 2288 274 2328 ler3
312 2299 439 2322 verum
460 2290 624 2332 obliqalus
643 2291 758 2332 prima
781 2290 888 2330 signi-

194 2337 359 2372 ficatione
400 2348 472 2372 non
509 2341 586 2372 est:
638 2348 702 2372 «ex
738 2338 889 2371 adverso

194 2385 340 2428 ligatus·
353 2412 361 2426 ,
386 2387 452 2420 sed
475 2387 717 2421 «obvolutus».

236 2435 273 2467 74
295 2436 382 2468 -75.
407 2436 658 2478 ense-Norico]
681 2436 744 2469 Od.
772 2437 808 2473 l,
835 2436 887 2476 46,

195 2485 228 2517 9.
257 2502 293 2507 —-
317 2485 495 2525 recludere]
521 2485 700 2527 «aperire»
713 2511 720 2523 ,
740 2487 778 2517 ut
793 2485 887 2525 Virg.

194 2535 281 2566 Aen.
302 2534 362 2573 40,
381 2533 462 2566 604;
490 2534 570 2566 Tum
592 2534 737 2567 latebras
758 2534 892 2567 animae

192 2585 305 2622 pectus
335 2591 493 2616 mucrone
512 2583 661 2616 recludit.
704 2602 739 2607 —
775 2583 891 2625 necles]

935 1159 1057 1194 Melius
1079 1161 1131 1193 sic
1154 1168 1263 1202 quam
1285 1161 1427 1193 innectes
1448 1160 1556 1194 scribi
1572 1161 1634 1195 de-

935 1211 1134 1245 monstrare
1168 1210 1314 1242 conatus
1343 1210 1399 1242 est
1428 1209 1607 1243 Bentleius
1621 1236 1629 1250 ,

935 1260 1123 1300 propterea
1155 1258 1251 1300 quod
1280 1260 1379 1291 recte
1414 1258 1553 1292 dicatur
1572 1268 1634 1292 ne-

933 1311 1021 1340 ctere
1041 1307 1176 1340 vincula
1202 1308 1333 1349 quum-i
1378 1308 1477 1350 (Epp.
1507 1309 1547 1348 4,
1574 1308 1628 1347 49,

935 1356 1003 1397 34.)
1017 1382 1024 1396 ,
1075 1366 1147 1390 non
1189 1358 1276 1390 item
1310 1358 1475 1390 innectere
1494 1357 1632 1390 ”incida

933 1406 1074 1447 maturi.
1121 1407 1194 1439 Etsi
1226 1405 1312 1438 illud
1354 1407 1501 1446 retinui,
1548 1407 1632 1448 quin

935 1454 1045 1488 altera
1066 1454 1171 1488 lectio
1199 1455 1363 1489 facillime
1394 1465 1437 1488 ex
1460 1457 1634 1498 scriptura

936 1505 1103 1537 continua
1126 1513 1396 1538 ammianum
1418 1505 1502 1537 oriri
1530 1506 1635 1547 pote-

936 1555 1008 1592 rat,
1033 1554 1150 1594 gravis
1173 1555 1295 1586 tamen
1309 1554 1502 1586 auctoritas
1518 1553 1632 1586 Codd.

935 1611 1100 1634 meorum
1130 1603 1184 1635 BT
1219 1604 1255 1634 et
1276 1603 1433 1635 Pottierii
1462 1602 1506 1642 3,
1532 1602 1572 1642 4,
1597 1602 1632 1641 8,

935 1652 990 1684 22.
1015 1653 1086 1684 stat
1106 1660 1172 1694 pro
1187 1651 1297 1684 altera
1311 1651 1483 1690 lectione,
1508 1652 1633 1693 sicque

935 1702 1098 1733 Lucanus
1120 1702 1160 1740 2,
1184 1701 1267 1733 670:
1294 1701 1383 1732 Tunc
1399 1701 1531 1741 placuit
1552 1709 1632 1732 cae-

935 1750 979 1781 sis
1000 1749 1165 1781 innectere
1176 1749 1314 1781 vincula
1328 1750 1440 1789 silvis,
1465 1750 1502 1781 et
1516 1750 1635 1781 trans-

935 1797 1004 1830 late
1027 1799 1122 1839 Virg.
1147 1799 1234 1830 Aen.
1260 1798 1298 1837 6,
1324 1798 1410 1830 609:
1453 1799 1552 1839 smus
1580 1798 1636 1830 in-

935 1856 1027 1879 nam
1048 1847 1169 1879 clienti.
1191 1865 1227 1870 —
1255 1847 1423 1889 Vectabor]
1449 1846 1636 1879 «Insidebo

936 1896 1096 1929 humeris
1119 1896 1208 1935 tuis,
1245 1895 1308 1928 tibi
1331 1895 1539 1929 insultans.»
1578 1896 1635 1928 Sic

936 1944 1104 1977 translate
1163 1943 1475 1987 καθιππάζεσθαί
1517 1955 1633 1986 τινος.

939 1994 1011 2027 Cfr.
1025 1994 1135 2027 Plaut.
1152 1996 1249 2028 Asin.
1263 1996 1296 2035 3,
1313 1996 1346 2036 3,
1366 1996 1447 2028 409:
1468 1996 1566 2028 Velie·
1574 1996 1634 2036 pol

936 2044 1031 2076 hodie
1051 2045 1261 2081 me‚·--Sic
1294 2045 1348 2077 isti
1370 2045 1503 2086 superbi
1528 2045 1634 2078 solent

937 2092 1140 2125 subdomari.
1181 2095 1274 2135 Lege
1296 2094 1453 2136 Bottiger
1472 2094 1518 2126 kl.
1536 2095 1631 2127 Schr.

938 2143 963 2174 1.
981 2150 1017 2183 p.
1034 2142 1110 2174 373.
1131 2160 1168 2166 -
1193 2146 1286 2175 terra
1301 2143 1401 2185 cedet]
1419 2144 1525 2176 «mihi
1547 2145 1637 2176 tam-

938 2199 1047 2232 quam
1062 2191 1170 2230 deae3
1188 2190 1359 2234 repellam
1370 2193 1554 2225 humum.»
1574 2192 1636 2225 Dis

937 2240 1126 2281 vestigium
1149 2240 1358 2274 facientibus
1391 2243 1487 2274 terra
1521 2241 1634 2281 cedit,

939 2289 1054 2331 impar
1076 2290 1266 2323 divinitatis
1286 2290 1447 2332 ponderi.
1478 2290 1576 2323 Ovid.
1594 2292 1634 2323 A.

938 2340 979 2370 A.
995 2339 1008 2370 4
1024 2364 1031 2378 ,
1046 2339 1129 2371 559;
1157 2339 1338 2380 (Bacchus)
1363 2349 1381 2372 e
1398 2349 1529 2372 curru-
1546 2340 1637 2372 -De-

939 2387 1023 2419 silit:
1047 2388 1199 2428 imposito
1221 2389 1315 2420 cessit
1330 2397 1437 2421 arena
1447 2388 1535 2429 pedi.
1561 2388 1636 2420 Hoc

939 2436 1023 2468 dicit
1055 2437 1137 2469 Met.
1173 2438 1212 2476 2,
1245 2437 1328 2470 786;
1367 2438 1466 2479 Fugit
1498 2440 1530 2469 el
1570 2437 1636 2469 im-

937 2493 1053 2526 pressa
1065 2485 1215 2518 tellurem
1224 2486 1368 2526 reppulit
1381 2486 1479 2518 hasta
1495 2485 1636 2526 (Miner—

939 2534 1008 2574 va).
1034 2535 1212 2567 Sententia
1229 2536 1299 2568 est:
1319 2536 1446 2576 «teque
1461 2535 1513 2568 sic
1530 2533 1637 2575 (quod

941 2592 1045 2616 nemo
1085 2584 1242 2625 profecto
1281 2584 1513 2626 exspectarat)
1551 2591 1636 2625 per-

1352 2646 1372 2665 ‹1›
