1722 2904
208 108 290 153 452

720 111 890 144 HORATII
915 111 1139 145 CARMINUM

381 215 461 267 Qui
491 215 635 258 Musas
665 222 777 258 amat
806 215 1012 272 impares,

433 298 593 339 Ternos
622 303 687 339 ter
717 295 894 355 cyathos
926 296 1126 339 attonitus
1157 302 1272 352 petet

376 380 525 430 Vates;
558 385 646 421 tres
676 377 876 435 prohibet
906 390 1037 434 supra
1600 377 1652 420 215

431 459 632 502 Rixarum
661 465 857 502 metuens
889 465 1062 515 tangere
1094 458 1237 501 Gratia

379 564 514 608 Nudis
544 565 687 608 iuncta
716 564 952 607 sororibus.

431 646 621 689 Insanire
652 646 788 688 iuvat:
821 660 898 689 cur
927 645 1210 704 Berecyntiae

375 728 555 771 Cessant
583 726 755 770 flamina
784 726 948 770 tibiae?

1411 798 1429 813 Ψ

431 809 516 851 Cur
545 807 705 865 pendet
734 808 861 851 tacita
889 807 1031 851 fistula
1060 821 1159 851 cum
1189 792 1315 867 lyra?
1598 808 1652 851 20

290 935 343 966 45.
370 934 431 966 tris
453 934 506 967 BT
521 959 528 973 ‚
554 933 743 966 Bentleius.

203 1055 237 1079 v.
264 1047 459 1079 Commodus
493 1047 529 1078 et
561 1055 627 1079 nos
662 1046 707 1078 ad
730 1047 837 1088 Epist.
863 1047 900 1086 2,

203 1097 240 1136 2,
260 1097 313 1128 70.
338 1093 562 1128 Plaut'As‘in.
582 1096 619 1136 3,
639 1096 676 1136 3,
702 1096 786 1128 436;
812 1105 904 1128 com-

201 1147 317 1178 modas
338 1147 469 1186 minas,
503 1146 676 1187 integras,
709 1146 790 1178 iusti
812 1155 904 1187 pon-

201 1195 322 1236 deris.)
343 1213 379 1219 —
403 1195 598 1228 Retinenda
622 1197 742 1228 autem
763 1195 904 1227 videtur

200 1245 373 1277 librorum
417 1244 521 1277 lectio
568 1246 769 1285 miscentur,
821 1246 902 1287 quia

202 1294 409 1336 simpliciter
424 1296 561 1335 narrat,
588 1304 631 1326 ex
646 1303 745 1327 more
763 1295 798 1326 in
815 1304 902 1327 con-

200 1345 300 1377 viviis
335 1344 439 1377 solito
472 1345 564 1377 hanc
597 1343 653 1377 vel
687 1344 782 1378 illam
812 1346 901 1377 meri

201 1404 284 1427 cum
307 1404 399 1436 aqua
423 1395 629 1427 mixtionem
653 1395 809 1427 convivis
836 1404 901 1436 pro

204 1439 330 1477 eorum
354 1444 466 1477 lubitu
489 1445 630 1486 apponi.
656 1446 706 1476 Ita
729 1445 902 1486 Rutgersii

204 1495 407 1526 coniectura
440 1495 618 1527 miscentor
648 1495 744 1526 certe
774 1503 902 1527 neces-

204 1544 296 1576 saria
319 1552 389 1576 non
413 1545 478 1576 est.

250 1642 385 1676 43-45.
420 1643 582 1685 impares]
619 1644 750 1676 Earum
773 1652 902 1676 nume—

202 1702 283 1725 rum
299 1694 532 1726 novenarium
549 1694 732 1734 significat.
758 1712 795 1717 —
822 1695 902 1726 Ter-

198 1752 259 1775 nos
282 1746 332 1775 ter
354 1743 499 1785 cyathos]
527 1744 621 1776 Haec
645 1752 788 1786 quoque
809 1753 902 1776 nunc

199 1794 286 1834 puto
330 1793 519 1825 commode
565 1792 732 1835 explicari
780 1803 899 1836 posse.

203 1843 361 1884 «Sane»,
396 1843 526 1885 inquit,
566 1845 698 1885 «poeta
721 1845 899 1886 attonitus,

199 1890 460 1934 ἑνθουσιάζων
474 1917 483 1934 ,
519 1895 638 1935 spreta
673 1893 807 1926 leviore
845 1893 902 1927 illa

200 1944 384 1983 mixtione,
425 1943 606 1977 fortiorem
639 1945 738 1986 petet
770 1953 902 1977 novem

200 1993 272 2024 vini
288 1993 499 2033 cyathorum
521 2001 605 2027 cum
627 1992 740 2026 trihus
765 2002 899 2034 aquae3

200 2044 450 2075 verumtamen
483 2051 554 2075 non
582 2043 679 2084 petet
709 2046 776 2075 tres
797 2052 902 2084 supra

200 2102 318 2125 novem
340 2093 411 2125 vini
434 2093 583 2134 cyathos
599 2117 607 2132 ,
643 2092 679 2124 id
703 2094 774 2133 est,
811 2093 902 2125 duo-

203 2143 339 2182 decim,
363 2141 421 2174 vel
438 2142 534 2183 quod
549 2142 646 2175 idem
663 2144 735 2182 est,
760 2151 902 2176 merum

203 2191 295 2224 nulla
312 2200 459 2234 prorsus
480 2200 572 2233 aqua
589 2191 755 2233 dilutum,
780 2194 902 2234 provi-

204 2241 288 2282 dus,
307 2251 351 2274 ne
368 2242 465 2274 rixae
483 2242 674 2275 oriantur.»
698 2243 783 2275 Tota
800 2242 844 2275 de
861 2251 901 2276 re

207 2291 269 2323 cfr.
297 2292 403 2323 etiam
426 2291 573 2324 Beckeri
597 2291 714 2324 Gallus
737 2291 804 2333 (ed.
829 2291 900 2333 alt.)

203 2341 229 2372 I.
248 2349 282 2381 p.
303 2341 365 2372 490
382 2349 483 2382 seqq.
515 2340 624 2374 Aliter
636 2340 719 2373 olim
732 2341 903 2383 interpre-

206 2392 298 2423 tatus
310 2399 400 2431 sum,
423 2391 474 2423 uti
485 2390 623 2425 videbis
641 2392 676 2423 in
686 2391 844 2424 Excursu
857 2391 903 2424 ad

204 2440 239 2471 h.
254 2439 291 2479 l.‚
307 2448 415 2481 quem
432 2441 588 2480 servavi,
606 2449 676 2472 non
689 2440 784 2481 quod
797 2440 905 2482 expli-

205 2490 381 2522 cationem
393 2490 507 2531 ipsam
520 2490 722 2523 etiamnunc
737 2490 900 2532 probem,

205 2539 270 2571 sed
294 2539 375 2580 quia
398 2540 495 2572 varia
516 2540 587 2572 huc
606 2548 691 2572 sane
708 2541 902 2581 spectantia

206 2589 372 2621 continet.
419 2607 455 2612 —-
496 2589 670 2631 attonitus]
712 2586 903 2635 «ἐμβρόν-

206 2647 331 2680 τητος,
359 2639 475 2672 furore
499 2640 672 2682 percitus,
699 2639 901 2682 beyeistert.»

207 2687 370 2720 Similiter
400 2690 584 2722 Anacreon
614 2687 658 2721 'de
688 2698 727 2721 se
753 2688 901 2729 (Anecd.

953 1046 1111 1079 Cramer.
1137 1046 1162 1078 I.
1187 1054 1266 1087 pag.
1294 1045 1404 1087 288.):

952 1096 1089 1142 φρένες
1111 1094 1407 1136 ἐκκεκωφέαται.

997 1146 1048 1178 46.
1066 1146 1117 1178 47.
1145 1146 1268 1178 Gratia
1279 1147 1365 1190 cet.]
1393 1147 1498 1179 «Tres
1511 1148 1648 1180 Gratiae

952 1196 1128 1228 iunctae.»
1153 1195 1215 1228 Od.
1241 1195 1279 1236 4,
1305 1196 1342 1236 7,
1369 1196 1407 1228 5:
1433 1197 1554 1229 Gratia
1577 1206 1652 1230 cam

951 1246 1112 1286 Nymphis
1139 1246 1341 1287 geminisque
1369 1246 1548 1279 sororibus.
1585 1246 1648 1279 Od.

954 1297 989 1336 4,
1015 1296 1074 1335 30,
1100 1297 1141 1327 5:
1173 1296 1288 1327 solutis
1317 1296 1455 1328 Gratiae
1480 1297 1584 1328 zonis.
1612 1314 1649 1319 —

951 1345 1072 1387 Nudis]
1115 1345 1202 1378 Vide
1241 1344 1500 1387 pulcherrimas
1537 1345 1652 1378 nuda-

951 1404 1032 1427 rum
1046 1395 1245 1428 Gratiarum
1259 1396 1432 1436 imagines
1448 1396 1483 1428 in
1494 1396 1651 1428 Visconti

951 1447 1037 1478 Mus.
1069 1445 1221 1478 Pioclem.
1252 1445 1311 1477 IV.
1343 1445 1380 1477 T.
1416 1445 1468 1477 43.
1497 1447 1647 1479 Monam.

952 1496 1073 1537 Borqh.
1111 1496 1136 1527 Ι.
1173 1495 1210 1527 T.
1248 1494 1280 1527 3.
1317 1495 1403 1527 item
1442 1495 1478 1527 ln
1510 1496 1648 1537 pictura

951 1545 1166 1586 Pompeiana
1196 1544 1232 1576 in
1259 1545 1346 1577 Mus.
1370 1544 1514 1577 Borbon.
1561 1545 1647 1578 VIII.

952 1595 988 1627 T.
1015 1594 1065 1634 3.·,
1100 1595 1207 1627 etiam
1230 1594 1266 1626 in
1288 1595 1437 1627 Monwm.
1463 1595 1549 1627 ined.
1575 1595 1648 1627 dell'

950 1645 1029 1676 Inst.
1056 1644 1148 1676 arch.
1177 1645 1218 1676 11.
1251 1644 1289 1676 T.
1315 1643 1390 1684 47.,
1414 1642 1500 1684 ubi,
1525 1645 1565 1676 ut
1587 1653 1648 1678 so—

951 1693 1025 1726 lent
1047 1694 1083 1726 in
1111 1693 1350 1727 monumentis
1378 1694 1547 1735 antiquis,
1583 1694 1651 1727 sso-

952 1752 1027 1783 res,
1053 1744 1169 1785 spicas
1194 1744 1229 1776 et
1251 1742 1386 1775 malum
1408 1743 1573 1777 manibus
1595 1745 1651 1777 te—

952 1794 1047 1826 nent.
1073 1793 1239 1826 Vestibus
1264 1794 1386 1826 contra
1409 1793 1552 1826 indutae
1569 1795 1652 1827 sunt

951 1844 986 1876 in
1023 1843 1181 1876 Gerhard
1215 1843 1319 1884 antiq.
1352 1842 1472 1880 Bildw.
1504 1843 1529 1875 I.
1561 1842 1647 1875 Tah.

953 1892 1085 1932 44-46.,
1116 1892 1238 1925 Clarae
1265 1893 1380 1926 Museo
1409 1893 1448 1924 de
1469 1892 1585 1933 sculpe.
1610 1893 1647 1925 T.

953 1943 1042 1982 473.,
1070 1943 1157 1975 Mus.
1181 1942 1324 1975 Borbon.
1349 1941 1390 1974 V.
1414 1942 1452 1973 T.
1476 1941 1530 1974 39.

997 1993 1048 2024 48.
1068 1992 1120 2024 49.
1141 1987 1309 2033 InsantreJ
1323 1990 1528 2030 «bacchari,
1547 1999 1649 2023 amo—

952 2042 995 2074 tis
1018 2043 1139 2074 tamen
1167 2041 1286 2073 rixis.»
1333 2040 1396 2073 Od.
1421 2039 1460 2080 4,
1495 2041 1554 2081 ⁴2,
1587 2041 1647 2074 28:

951 2091 1055 2123 Dulce
1080 2094 1126 2123 est
1159 2091 1305 2131 desipere
1336 2090 1373 2122 in
1402 2090 1484 2123 loco.
1518 2107 1555 2113 —
1588 2099 1651 2123 cur

950 2140 1177 2182 Berecyntiae]
1218 2141 1317 2173 «Cur
1353 2140 1496 2172 cessant
1532 2139 1650 2172 tibici-

951 2199 1016 2223 nes
1045 2190 1225 2236 Φρυγιστὶ
1254 2190 1433 2222 canere‘tn
1468 2189 1650 2230 Berecyn-

1438 1046 1482 1078 αἱ
1517 1044 1559 1079 δέ
1578 1057 1650 1090 μευ
1714 1062 1722 1079 ³,

952 2241 1019 2279 tus,
1038 2240 1211 2281 Phrygiae
1227 2247 1342 2279 mous,
1360 2238 1422 2271 ubi
1436 2238 1650 2280 praecipuus
1711 2232 1722 2269 '.

953 2289 1066 2322 cultus
1082 2290 1200 2323 Matris
1217 2289 1326 2322 deum
1344 2296 1492 2329 magnae
1507 2287 1648 2320 Idaeae.

953 2338 1027 2371 Tib.
1045 2340 1084 2379 2,
1115 2340 1152 2380 4,
1181 2339 1241 2372 86:
1275 2338 1419 2380 Phryyio
1442 2338 1523 2370 tibia
1545 2345 1651 2370 curva

952 2398 1045 2429 sono,
1072 2390 1108 2421 et
1131 2389 1276 2430 quidem
1299 2388 1472 2430 graviore.
1505 2387 1647 2420 Aristot.

954 2438 1051 2471 Polit.
1071 2439 1106 2479 4,
1133 2439 1170 2479 8,
1196 2439 1235 2471 6:
1262 2434 1334 2471 οὐκ
1356 2433 1462 2471 ἔστιν
1485 2432 1508 2469 ὁ
1531 2432 1650 2477 αὐλὸς

953 2483 1110 2530 ἠθικόν,
1146 2484 1245 2520 ἀλλὰ
1274 2485 1423 2531 μᾶλλον
1455 2482 1650 2534 ὀργιαστι-

953 2535 1035 2570 κόν.
1084 2538 1190 2579 (Hinc
1222 2537 1401 2580 insanire.)
1438 2555 1475 2560 —
1508 2537 1650 2579 flmnina

953 2587 1062 2630 tibiae]
1095 2588 1213 2630 Eurip.
1244 2587 1376 2620 Phoen.
1407 2586 1487 2619 788:
1524 2582 1647 2618 λωτοῦ

953 2634 1162 2679 πνεύματα.
1205 2637 1334 2670 Bacch.
1380 2636 1461 2669 ⁴27:
1497 2631 1648 2679 ἦδυβόᾳ

953 2688 1124 2733 Φρυγίων
1146 2682 1278 2721 Αὐλῶν
1294 2683 1490 2729 πνεύματι.
1519 2684 1644 2718 Troad.

1718 2618 1722 2720 i
