1722 2904
201 85 282 127 460

369 190 638 247 Quocunque
669 189 828 232 lectum
857 189 1029 233 nomine
1060 189 1288 233 Massicum

703 86 874 119 HORATII
900 86 1124 120 CARMINUM

1615 192 1640 232 Ut

369 271 546 322 Servas,
579 270 741 313 moveri
773 270 901 328 digna
929 270 1044 314 bono
1074 270 1164 321 die,

423 351 675 402 Descende,
710 351 893 395 Corvino
923 351 1097 395 iubente

283 499 314 530 5.
342 497 379 537 Q.
399 496 503 538 fetum
524 497 659 528 numine
681 495 836 528 malebat
857 494 1051 533 Bentleius;
1082 495 1251 529 audacius
1275 497 1379 529 etiam
1396 496 1592 531 So'keland:

242 549 280 587 Q.
308 555 421 579 servas
446 546 552 578 omine
573 546 752 579 Massicum
774 546 907 578 Lectum
937 547 1004 577 cet.
1031 545 1179 587 (numine
1199 546 1225 578 B
1249 547 1388 587 noster,
1424 548 1514 581 Feae
1536 549 1595 581 Vr.

240 598 265 629 B
291 605 308 628 a
327 605 400 629 sec.
418 605 481 638 m,
506 596 661 628 Pottierii
683 597 829 636 quartus
853 594 1037 635 decimus.)
1058 613 1094 618 -
1112 595 1176 627 Vv.
1195 595 1256 628 6-8
1271 597 1307 628 in
1328 597 1367 629 B.
1386 596 1525 630 desunt.

197 729 371 769 quatenus
395 727 533 767 gratum
553 733 721 757 somnum
737 724 892 763 adducit;

197 778 359 819 adeoque
383 777 451 808 hoc
473 784 507 808 v.
534 775 580 807 ad
607 776 767 816 proxima
790 775 893 807 unice

196 827 359 866 refertur,
377 828 417 858 ut
430 826 527 858 recte
545 824 734 857 Bentleius.
756 825 894 857 Etenim

196 886 314 918 neque
328 875 533 918 simpliciter
544 875 745 914 «innocens,
760 875 891 916 arylos»

198 926 388 968 (quomodo
413 926 507 957 enim
532 925 616 964 hoc⁷
654 925 682 956 si
709 924 802 957 rixas
830 933 894 956 ex-

196 975 313 1016 citat‘2)
339 984 455 1016 neque
474 974 678 1014 «munifica,
703 972 890 1015 benigna»,

195 1034 311 1066 neque
350 1025 454 1057 nimis
493 1023 682 1056 artificiose
722 1032 893 1057 «mecum

194 1075 332 1117 pietatis
368 1074 524 1116 quodam
557 1082 651 1106 nexu
685 1074 890 1114 coniuncta,

194 1125 390 1157 cumidem
412 1124 475 1156 tibi
491 1124 536 1156 sit
558 1132 671 1156 annus
689 1123 890 1156 natalicius»

193 1174 497 1216 interpretandum
520 1173 682 1206 arbitror.
714 1173 892 1206 Bentleius

193 1224 358 1265 distingui
387 1225 488 1257 iussit
519 1223 610 1264 <vide
644 1223 750 1255 etiam
780 1223 891 1256 Curas

193 1274 344 1315 noviss.)
403 1274 469 1306 Seu
503 1273 635 1315 facilem
670 1273 747 1313 pia,
784 1276 889 1312 testa,

192 1332 353 1355 somnum.
383 1324 457 1362 Qua
482 1323 627 1364 quidem
652 1323 888 1362 distinctione,

193 1374 232 1405 ut
253 1382 365 1415 prope
390 1372 573 1406 simillimis
599 1373 681 1405 huic
706 1372 890 1405 Croftianis

193 1423 375 1462 omnibus,
402 1422 487 1455 nihil
509 1431 655 1464 prorsus
670 1421 828 1454 lucratur
843 1421 892 1454 le-

194 1474 271 1505 ctor
294 1471 508 1513 intelligens;
535 1480 618 1504 nam
634 1473 767 1504 utrovis
783 1472 890 1504 modo

194 1522 410 1562 distinxeris,
428 1522 496 1554 hoc
513 1521 598 1554 dicit
614 1523 736 1563 poeta:
764 1523 888 1560 «testa,

193 1581 284 1614 quae
319 1572 379 1612 pia
417 1572 543 1604 merito
578 1570 821 1613 appessabere,
862 1572 890 1603 si

194 1621 332 1654 facilem
355 1621 457 1654 nobis
474 1630 641 1654 somnum
665 1621 888 1654 adduxeris.»

191 1672 325 1704 Verum
352 1671 419 1712 ille,
445 1673 484 1704 ut
509 1672 733 1705 acutissimus
756 1671 889 1713 logicae

192 1722 425 1754 accurationis
449 1723 525 1754 erat
547 1722 746 1763 indagator,
777 1722 891 1754 offen-

192 1771 242 1803 dit
257 1772 291 1803 in
308 1770 480 1815 ἐπιθέτῳ,
507 1772 602 1813 quod
619 1772 694 1804 sine
712 1772 889 1803 commate

191 1820 248 1853 illo
271 1822 446 1863 potuisset
467 1821 580 1853 videri
603 1820 659 1854 vel
684 1830 814 1854 ornans
843 1821 891 1862 (ut

191 1872 296 1913 aiunt)
323 1871 514 1911 dumtaxat,
539 1871 597 1903 vel
620 1872 726 1904 etiam
748 1870 886 1911 falsum,

191 1922 273 1962 quia
302 1922 452 1962 querelas
481 1922 517 1953 et
538 1921 638 1953 rixas
660 1922 787 1962 gerunt
810 1920 888 1953 cadi

190 1981 257 2004 non
267 1972 335 2012 pii,
354 1971 641 2004 vehementiores
659 1971 765 2003 etiam
780 1970 886 2010 impii.

234 2023 266 2054 5.
305 2023 506 2061 Quocunque
520 2039 538 2044 -
557 2020 704 2062 nomine]
743 2019 889 2059 «Quod-

191 2080 330 2112 cunque
355 2071 501 2103 tandem
525 2070 680 2103 officium
703 2070 773 2102 fato
798 2078 889 2111 quo-

190 2122 274 2153 dam
297 2120 358 2153 tibi
387 2120 559 2153 tributum
586 2121 656 2160 est,
691 2121 731 2152 ut
755 2119 889 2152 excita-

190 2180 247 2203 res
271 2170 457 2212 aliquando
477 2179 589 2202 unum
605 2170 799 2203 alterumve
816 2168 891 2201 illo-

189 2229 269 2252 rum
304 2220 514 2259 affectuum,
552 2228 642 2261 quos
676 2219 885 2260 significavi,

188 2269 244 2302 vel
261 2269 347 2301 alios
364 2269 495 2301 etiam»
531 2268 789 2310 (progrediente
805 2277 889 2300 sen-

190 2319 296 2351 tentia
320 2319 390 2350 iam
415 2319 565 2359 querelas
588 2320 623 2350 et
643 2319 743 2351 rioeas
761 2318 888 2351 missas

189 2369 281 2408 facit,
300 2368 450 2409 gratiora
463 2368 646 2400 dumtaxat
660 2369 780 2400 mente
793 2376 890 2400 com-

190 2417 338 2459 plexus);
365 2426 444 2450 seu:
477 2426 747 2459 «quemcunque
771 2417 816 2450 ad
837 2417 889 2449 ef-

190 2468 321 2499 fectum
337 2468 591 2508 praestandum
605 2467 821 2500 destinatum
834 2467 889 2500 est

189 2517 379 2549 Massicum
415 2517 667 2558 (Campanum,
694 2517 756 2549 Od.
791 2517 828 2557 41,
848 2517 861 2548 ⁴
878 2542 885 2556 ,

191 2565 269 2605 Aa),
295 2566 390 2606 quod
414 2567 611 2599 contines.»
648 2567 785 2600 Mecum
807 2566 889 2598 facit

190 2614 327 2647 Liibker
365 2615 560 2657 explicans:
604 2617 746 2648 «welche
784 2616 888 2648 Stim-

189 2673 292 2706 muny
315 2666 359 2698 du
388 2667 473 2698 auch
495 2666 802 2709 ‘hervorzubrinqen
832 2666 887 2699 be·—

943 725 1040 766 rufen
1056 724 1149 757 bist.»
1172 725 1277 758 Voss:
1298 727 1367 759 Von
1380 727 1520 761 welcher
1533 729 1639 761 Laun¹

944 775 1030 806 auch
1051 770 1214 807 Massiker
1235 776 1281 808 du
1301 775 1474 810 bewahrst.
1508 779 1638 811 Garve:

942 823 1131 857 Allwelches
1151 825 1338 867 Ialuryanys
1358 827 1437 860 Lese
1456 836 1521 860 von
1546 829 1641 862 Mas-

942 874 1030 905 siker
1068 875 1113 906 du
1164 875 1308 915 walirst,·
1352 876 1640 919 interpretatione

941 923 1150 956 iamdudum
1194 933 1213 956 a
1261 924 1417 958 Bentleio
1465 927 1637 960 refutata:

944 974 1207 1015 «cuiuscunque
1251 974 1404 1008 consulis
1441 985 1572 1010 nomen
1606 979 1642 1011 et

942 1032 1075 1058 annum
1097 1023 1202 1057 fers.»
1235 1043 1271 1048 —
1293 1025 1347 1058 Ad
1368 1034 1474 1059 usum
1487 1036 1544 1060 vv.
1563 1037 1642 1068 quo-

943 1082 1075 1113 cunque
1098 1074 1230 1106 nomine
1253 1073 1314 1107 cfr.
1333 1076 1444 1108 Varro
1458 1077 1524 1110 RR.
1545 1078 1580 1117 ⁴,
1606 1078 1638 1118 ⁴,

943 1123 977 1154 6:
1003 1123 1083 1154 Item
1098 1123 1283 1156 adveneror
1291 1125 1480 1158 Minervam
1495 1129 1526 1158 et
1543 1127 1641 1159 Vene—

940 1181 1027 1212 rem,
1065 1182 1209 1213 quarum
1231 1174 1331 1206 unius
1352 1176 1551 1215 procuratio
1574 1177 1639 1209 oli-

939 1223 1022 1262 veti,
1059 1223 1196 1255 alterius
1217 1223 1406 1265 hortorwm,
1441 1234 1506 1266 quo
1529 1227 1640 1258 nonni-

940 1281 981 1304 ηε
1011 1272 1135 1314 (quam
1165 1271 1211 1304 ob
1241 1273 1404 1316 causam)
1431 1275 1559 1307 rustica
1583 1276 1640 1308 Vi—

940 1322 1036 1354 nalia
1057 1322 1218 1354 instituta.
1259 1321 1347 1356 Nihil
1376 1324 1544 1365 equidem
1571 1324 1640 1357 dif-

941 1371 1104 1404 ficultatis
1139 1371 1264 1412 video,
1299 1372 1330 1405 si
1360 1369 1564 1414 iungamus,
1600 1375 1640 1406 ut

941 1421 1039 1453 iubet
1059 1431 1116 1454 vv.
1141 1420 1339 1454 collocatio:
1367 1423 1568 1464 Quocunque
1581 1433 1641 1456 no-

940 1472 1028 1503 mine
1042 1472 1171 1511 lectwm,
1192 1471 1229 1504 id
1245 1473 1311 1512 est,
1331 1481 1516 1514 «pressum
1532 1474 1638 1515 atque

942 1521 1166 1562 conditum»,
1199 1530 1283 1554 cum
1305 1530 1395 1554 uvae
1418 1523 1561 1564 proprie
1584 1522 1639 1556 le-

941 1573 1083 1614 gantur;
1110 1572 1161 1604 sic
1178 1572 1273 1604 enim
1288 1571 1482 1605 admodum
1497 1574 1637 1615 poetice

941 1622 1129 1663 significat,
1165 1622 1235 1655 iam
1271 1630 1314 1654 eo
1350 1623 1530 1664 tempore,
1567 1631 1638 1664 quo

941 1672 1122 1704 conditum
1149 1672 1194 1704 sit
1220 1672 1360 1712 vinum,
1398 1674 1533 1706 certam
1562 1673 1637 1707 eius

941 1724 976 1754 et
999 1721 1261 1764 quodammodo
1285 1721 1427 1755 fatalem
1450 1722 1556 1756 fuisse
1577 1722 1639 1756 de-

940 1772 1181 1810 stinationem;
1219 1772 1340 1804 contra
1369 1771 1512 1814 languet
1533 1771 1635 1805 illud:

940 1830 1134 1862 quocunque
1161 1822 1293 1854 nomine
1320 1831 1433 1854 servas
1457 1822 1639 1855 Massicum

939 1872 1067 1904 lectum.
1096 1888 1133 1893 —
1161 1872 1295 1903 Leclwn
1320 1872 1442 1913 utique
1459 1872 1514 1904 est
1529 1880 1637 1904 «con-

940 1921 1094 1960 ditum»,
1124 1929 1195 1952 non
1220 1919 1431 1960 «electum»,
1456 1922 1496 1953 ut
1516 1919 1638 1954 volunt

939 1970 1145 2003 Sanadonus
1169 1970 1205 2002 et
1220 1968 1445 2003 Foreellinus.
1470 1988 1506 1994 -
1536 1971 1638 2004 Cete-

939 2028 1019 2052 rum
1053 2020 1232 2061 speciosa,
1272 2027 1343 2052 non
1378 2021 1498 2053 tamen
1532 2028 1634 2060 vera,

939 2071 994 2102 est
1034 2068 1138 2101 lectio
1178 2068 1316 2102 Codicis
1349 2070 1375 2102 B
1404 2069 1636 2111 antiquissimi

938 2118 1158 2160 aliorumque
1180 2119 1325 2152 numine.

982 2168 1055 2200 6-8.
1080 2168 1217 2210 moveri]
1245 2169 1371 2200 «Tanta
1395 2170 1493 2202 certe
1516 2177 1556 2203 es
1571 2168 1636 2202 bo-

938 2218 1064 2258 nitate,
1089 2219 1128 2250 ut
1151 2218 1255 2260 digna
1278 2218 1344 2259 sis,
1371 2226 1462 2260 quae
1486 2219 1554 2251 hoc
1577 2218 1634 2251 die

938 2267 1052 2300 fausto
1087 2268 1310 2301 demovearis
1345 2277 1386 2300 ex
1422 2269 1632 2310 apotheca.»

938 2317 1048 2359 Epod.
1080 2318 1138 2357 ⁴3,
1175 2318 1212 2349 6:
1256 2318 1303 2350 Tu
1322 2318 1556 2351 vina-move.
1596 2336 1632 2341 —

937 2367 1068 2408 Diynus
1090 2368 1210 2400 autem
1241 2375 1324 2400 cum
1354 2367 1477 2400 infinit.
1510 2368 1634 2410 poste-

938 2417 1030 2448 riore
1049 2418 1210 2459 tempore
1245 2417 1352 2449 etiam
1386 2417 1420 2449 in
1450 2425 1555 2459 prosa
1579 2426 1631 2449 or.

939 2467 1100 2507 iungitur.
1128 2467 1261 2499 Seneca
1278 2466 1322 2498 de
1338 2466 1457 2499 Benei.
1473 2466 1504 2506 4,
1520 2466 1550 2506 4,
1570 2466 1628 2498 4οε

939 2517 1058 2557 dignus
1083 2519 1129 2548 est
1152 2516 1267 2556 decipi.
1307 2532 1342 2539 -
1378 2515 1564 2556 Descende]
1590 2523 1633 2548 ex

939 2566 1057 2598 horrei
1081 2567 1153 2599 sive
1178 2566 1372 2608 apothecae
1395 2566 1469 2599 sive
1492 2565 1631 2598 fumarii

939 2616 1090 2658 pariete,
1117 2617 1172 2647 cui
1190 2615 1323 2648 tamdiu
1339 2614 1507 2647 acclinata
1525 2614 1629 2647 fuisti.

938 2664 1102 2698 Similiter
1114 2664 1176 2698 Od.
1199 2665 1236 2704 3,
1255 2665 1314 2705 28,
1333 2666 1369 2697 7:
1396 2664 1544 2706 deripere
1558 2664 1634 2696 hor-
