1722 2904
198 121 280 164 356

713 121 885 154 HORATII
909 120 1135 154 CARMINUM

367 226 516 271 Celent
546 225 724 275 inultae,
757 231 839 268 stet
868 224 1124 286 Capitolium

422 306 606 364 Fulgens
636 286 994 363 triumphatisque
1022 305 1160 362 possit
1211 338 1215 346 .

478 390 613 431 Roma
643 387 763 430 ferox
793 387 897 430 dare
929 387 1023 449 iura
1052 386 1202 430 Medis,

365 493 703 558 Horrenda-late
733 507 890 536 nomen
919 493 962 535 in
990 492 1161 535 ultimas

1597 477 1722 555 45}

366 559 575 618 Extendat
603 588 720 625 oras,
752 588 840 632 qua
869 573 1039 617 medius
1067 572 1211 630 liquor
1251 590 1254 591 ⁷

423 656 619 700 Secernit
647 656 848 712 Europen
879 654 933 698 ab
963 654 1080 705 Afro,

480 738 576 789 Qua
606 736 796 779 tumidus
825 736 934 793 rigat
965 749 1069 779 arva
1096 734 1237 786 Nilus,

364 844 526 886 Aurum
559 842 817 899 irrepertum
847 848 890 885 et
919 841 982 884 sic
1011 841 1166 884 melius
1196 840 1343 891 situm,

367 925 475 968 Cum
505 931 619 967 terra
649 922 779 973 celat,
815 936 1024 980 spernere
1054 922 1204 966 sortior

1597 922 1652 963 50

423 1005 563 1056 Quam
593 1018 751 1062 cogere
773 1003 984 1048 humanos
1015 1004 1057 1046 in
1087 1017 1195 1047 usus

281 1138 336 1171 49.
362 1139 568 1179 inrepertum
591 1137 701 1170 bSTc.

194 1256 238 1288 Et
260 1256 470 1288 accubabwnt
490 1256 527 1288 in
547 1255 656 1287 medio
678 1255 749 1287 eius
766 1263 896 1296 yreqes,

195 1314 308 1338 omnes
330 1306 452 1338 bestiae
473 1305 642 1347 mutium,-
666 1322 686 1328 -
701 1322 721 1328 -
736 1306 899 1345 quomodo

193 1355 288 1396 facta
303 1358 351 1387 est
363 1356 400 1388 in
415 1356 591 1394 desertum,
609 1354 714 1386 cubile
726 1355 898 1395 sermm!

194 1404 292 1437 Iliad.
317 1403 350 1445 δ,
376 1405 459 1437 476ε
485 1404 560 1437 Καὶ
582 1404 627 1436 κέ
649 1413 706 1444 τις
721 1396 785 1435 ὧδ’
802 1403 899 1450 ἐρέει

196 1451 336 1500 Τρώων
374 1449 710 1511 ὑπερηνορεόντων
755 1451 898 1498 Τύμβω

194 1501 446 1550 ἐπιθρώσκων
458 1500 655 1536 Μενελάου
668 1501 899 1546 κυδαλίμοιο

193 1551 275 1586 κτλ.
300 1554 421 1595 Eurip.
439 1553 490 1586 El.
507 1554 584 1586 327.
606 1553 796 1594 Aegisthus
811 1555 901 1595 Aga-

196 1604 400 1636 memnonis
422 1600 632 1649 ἐνθρῴσκει
655 1600 780 1647 τάφῳ.

238 1677 293 1712 42.
341 1678 553 1720 Capitolium]
599 1687 767 1710 svmvmum
813 1678 900 1710 Iovis

194 1728 322 1760 culmen
340 1727 454 1769 (Silius
471 1728 491 1760 3
503 1754 510 1768 ‚
536 1728 640 1769 540.),
659 1729 800 1760 eertum
815 1726 900 1760 illud

195 1777 414 1810 aeternitatis
432 1778 469 1809 et
483 1777 624 1818 signum
640 1779 676 1810 et
690 1778 816 1819 pignus
833 1778 902 1810 Ro-

196 1827 324 1860 manis.
351 1826 414 1859 Od.
441 1826 478 1867 3,
504 1826 564 1867 30,
591 1827 622 1860 8.

241 1901 296 1935 43.
322 1900 377 1934 44.
418 1901 502 1934 dare
521 1902 619 1944 iura]
655 1900 771 1943 «leges
788 1902 901 1944 impo-

198 1960 321 1984 nere.»
345 1951 419 1983 Liv.
438 1951 474 1991 4,
493 1951 530 1984 8:
548 1950 719 1984 Romulus
729 1954 902 1984 vocata—-

196 2000 408 2034 multitudine
421 2017 442 2023 -
451 2017 472 2023 -
484 2000 566 2032 ὄντα,
580 2001 678 2033 dedit.
702 2001 797 2042 Virg.
811 2002 899 2033 Aen.

199 2049 232 2090 3,
248 2049 329 2082 ⁴37:
346 2050 429 2081 Iwra
441 2050 618 2090 domosque
629 2050 764 2083 dabam.
779 2068 816 2073 —
826 2051 904 2082 Ροε-

198 2100 241 2132 sit
255 2100 377 2132 autem
392 2100 475 2132 dare
488 2100 585 2139 iura,
603 2100 644 2131 ut
659 2098 783 2131 Tibull.
803 2099 816 2131 i
834 2124 841 2139 ,
859 2099 879 2131 7
892 2125 899 2139 ‚

200 2148 240 2181 3:
264 2149 454 2189 Aquitanas
469 2149 526 2189 qui
543 2152 655 2189 posset
667 2149 807 2190 fundere
819 2157 903 2190 qen-

200 2201 257 2231 tes.
304 2199 383 2230 Non
412 2199 467 2230 est
494 2196 645 2239 simplex
671 2197 774 2230 verbi
797 2198 903 2244 περὶ-

200 2256 357 2293 φρασις,
382 2247 449 2280 sed
471 2246 663 2288 significat:
691 2246 829 2279 «valeat
849 2246 903 2280 le-

201 2304 264 2337 ges
287 2296 373 2328 dare
394 2305 436 2328 ac
451 2296 515 2328 det
528 2305 569 2328 re
586 2304 709 2328 vera.»
729 2314 766 2319 —
782 2296 901 2338 Medis]

202 2346 314 2385 Sane,
350 2346 390 2377 ut
417 2345 552 2387 ubique
587 2345 682 2387 apud
704 2346 902 2386 Horatium,

201 2393 440 2435 intelliguntur
489 2395 631 2435 Parthi,
684 2403 904 2436 quamquam

204 2443 312 2475 etiam
334 2445 419 2476 tunc
436 2444 529 2477 Medi
544 2445 687 2486 proprie
708 2444 807 2485 dicti,
824 2446 907 2477 Par-

204 2492 273 2525 this
296 2493 417 2525 tamen
439 2502 585 2535 semper
600 2493 763 2534 obnoxii,
788 2493 833 2526 ab
850 2494 905 2526 his

205 2541 520 2582 distinguebantur.
555 2543 733 2584 Augustus
754 2543 791 2575 in
810 2544 903 2576 Mon.

204 2591 337 2631 Ancyr.
361 2599 397 2632 p.
422 2591 476 2623 36.
502 2592 631 2624 Franz:
666 2592 694 2624 A
718 2601 771 2624 me
795 2595 907 2633 flentes

204 2640 405 2672 Parthorum
428 2643 460 2672 et
473 2641 650 2673 Medorum
664 2641 834 2681 petierunt
842 2650 908 2681 per

203 2689 371 2730 principes
406 2697 525 2722 earum
561 2690 710 2731 yentium
749 2699 907 2732 regesque

947 1263 1002 1287 eos
1023 1258 1238 1295 accepmmt,
1261 1255 1377 1287 Parthi
1402 1256 1568 1289 Vononem
1581 1273 1602 1281 -
1615 1273 1647 1296 -,

946 1305 1036 1338 Medi
1058 1304 1335 1337 Ariobarzanem.

991 1353 1046 1387 45.
1079 1354 1272 1396 Horrenda]
1309 1355 1445 1388 «Roma
1477 1353 1650 1387 bellicosa

948 1404 984 1435 et
1017 1403 1185 1436 terribilis
1218 1403 1346 1446 opibus
1385 1405 1460 1437 suis
1496 1403 1654 1437 debellet

947 1454 1097 1486 Parthos
1128 1454 1342 1495 ceterosque
1371 1453 1524 1496 populos
1554 1453 1652 1486 orbis
1696 1491 1698 1493 ,

949 1504 1163 1536 extremos.»
1215 1503 1324 1543 Iunge
1359 1503 1530 1536 horrenda
1564 1503 1647 1543 late,

948 1552 1109 1585 similiter
1131 1553 1238 1594 atque
1262 1551 1326 1584 Od.
1352 1551 1391 1592 3,
1419 1552 1477 1592 47,
1502 1552 1539 1584 9;
1568 1553 1652 1585 Late

948 1607 1124 1643 tyrannus.
1147 1603 1243 1644 Virg.
1268 1604 1357 1635 Aen.
1382 1603 1419 1643 ⁴,
1443 1603 1508 1636 2⁴:
1536 1612 1651 1644 popu-

949 1654 1018 1686 lum
1040 1653 1106 1685 late
1126 1661 1256 1694 reyem;
1284 1660 1357 1684 non
1380 1660 1464 1685 cum
1485 1651 1561 1685 aliis
1585 1652 1652 1685 late

950 1703 1125 1742 extendam
1161 1702 1198 1734 id
1231 1701 1329 1744 quod
1359 1702 1497 1744 respuit
1523 1698 1652 1735 versus

950 1761 1100 1785 caesura
1123 1753 1160 1784 et
1179 1751 1359 1794 pedestris
1386 1753 1442 1784 est
1468 1751 1650 1784 orationis.

994 1800 1048 1834 46.
1079 1810 1148 1842 qua
1167 1801 1296 1834 medius
1322 1800 1445 1843 liquor]
1469 1800 1650 1833 «medium

949 1851 1042 1883 inter
1077 1852 1192 1883 terras
1230 1851 1454 1884 continentes
1496 1843 1651 1892 spatium

951 1908 1131 1942 occupans
1154 1909 1270 1942 usque
1294 1900 1341 1933 ad
1369 1899 1504 1940 Gades,
1538 1900 1654 1932 Euro-
1690 1895 1692 1898 ’

945 1959 1030 1991 pam
1062 1950 1268 1991 Libyamque
1298 1957 1416 1990 rapam
1446 1949 1505 1982 ubi
1537 1949 1654 1982 Maia

950 2000 1054 2032 wnda.
1093 1999 1219 2040 (Poeta
1249 1998 1346 2041 apud
1368 1999 1442 2032 Cic.
1469 1999 1511 2032 N.
1539 1999 1582 2032 D.
1610 1998 1652 2039 3,

940 2048 1042 2089 ·⁴0.)=›
1087 2049 1302 2090 Aegyptum·
1317 2049 1440 2081 autem
1463 2049 1500 2082 et
1523 2048 1655 2090 Hispa-

952 2099 1048 2131 niam
1071 2097 1265 2130 debellavit
1284 2098 1477 2140 Augustus.

995 2147 1114 2180 49—52.
1141 2148 1236 2180 «Hoc
1257 2156 1346 2181 vero
1361 2146 1460 2180 orbis
1475 2148 1654 2180 terrarum

951 2197 1143 2238 imperium
1166 2197 1277 2230 Roma
1300 2205 1343 2229 ea
1365 2196 1550 2229 dumtaxat
1564 2204 1654 2228 con-

953 2247 1092 2279 dicione
1123 2245 1357 2288 adipiscetur,
1391 2246 1433 2278 ut
1460 2245 1583 2278 fortior
1609 2245 1655 2278 sit

953 2295 1000 2328 ad
1026 2295 1271 2337 spernendum
1299 2303 1428 2328 aurum
1455 2302 1565 2336 quam
1587 2302 1655 2327 cu-
1721 2301 1722 2336 ζ

953 2344 1070 2387 pidior
1113 2345 1190 2377 eius
1231 2345 1368 2386 coyendo·
1382 2369 1391 2384 ,
1437 2342 1655 2385 congerendi

953 2393 1111 2435 undique
1143 2394 1180 2426 et
1208 2393 1367 2435 quolibet
1402 2393 1511 2426 modo
1546 2394 1655 2426 etiam

953 2442 1089 2483 illicito,
1123 2443 1214 2475 adeo
1243 2443 1284 2475 ut
1313 2442 1495 2485 rapiantur
1522 2440 1579 2475 vel
1610 2450 1655 2474 ex

955 2491 1096 2534 templis
1127 2492 1274 2525 donaria
1305 2500 1431 2531 aurea,
1466 2500 1511 2524 ex
1538 2491 1653 2532 iisque

956 2541 1117 2574 conflatis
1147 2550 1234 2574 vasa
1264 2541 1310 2573 ad
1338 2549 1446 2574 usum
1465 2539 1654 2582 profanum

956 2591 1130 2624 destinata
1163 2590 1429 2624 conficiantur.»
1472 2589 1536 2623 Alii
1572 2590 1655 2622 iun-

956 2642 1061 2683 gunt:
1086 2649 1203 2682 cogere
1223 2641 1387 2673 humanos
1408 2640 1444 2672 in
1465 2647 1562 2679 mun
1586 2638 1653 2671 sed

956 2691 1007 2723 sic
1031 2689 1162 2722 tollitur
1189 2690 1363 2731 oppositio
1390 2688 1575 2722 manifesta
1597 2688 1653 2720 in-
