1722 2904
101 1665 105 1670 ’
174 1684 254 1716 pag.
280 1675 356 1708 494.
372 1686 378 1714 ;

176 33 258 75 616

692 33 863 65 ΗΟΒΑΤΠ
890 32 1116 66 CARM1NUM

399 138 580 181 Exercet
610 138 787 187 Auster,
820 136 1041 180 Pleiadum
1073 135 1206 180 choro

399 218 629 262 Scindente
660 218 821 267 nubes,
855 218 1037 276 impiger
1065 217 1251 261 hostium

456 302 619 343 Vexare
649 307 812 342 turmas
843 305 885 342 et
914 299 1166 343 frementem

513 383 677 424 Mittere
708 395 869 438 equum
901 380 1067 423 medios
1097 393 1177 438 per
1205 380 1338 438 ignes.

400 483 470 533 Sic
500 487 759 532 tauriformis
789 486 974 529 volvitur
1001 486 1203 537 Aufidus,
1574 487 1629 530 25

406 571 488 623 Qui
519 584 653 627 regna
681 568 820 611 Dauni
850 566 1052 625 praefluit
1081 567 1228 625 Apuli,

459 653 566 695 Cum
595 650 732 694 saevit
760 649 1110 707 horrendamque
1140 648 1264 693 cultis

260 773 314 805 24.
339 781 400 812 per
422 781 512 804 enses
534 770 691 803 malebat
712 768 903 802 Bentleius.
943 787 980 793 —-
1020 769 1074 802 26.
1101 770 1177 810 Qua
1205 768 1384 802 Bentleius
1425 771 1516 803 coni.
1545 788 1582 794 —

214 825 350 866 perfluit
369 825 406 855 L.
434 823 485 863 (Ut
508 831 587 863 nos,
613 820 761 861 bSTed.)

177 938 248 961 non
273 931 434 963 amantes
466 927 703 970 hyperbolas,
740 928 791 961 sic
825 927 878 960 lo·-

177 981 343 1020 quuntur.
376 980 448 1011 Liv.
475 979 512 1018 2,
538 978 598 1010 23:
638 977 748 1010 Tarba
770 986 879 1018 prope

176 1029 212 1060 in
227 1029 389 1060 contionis
402 1029 538 1060 modam
552 1027 768 1069 circumfusa.
792 1028 879 1059 Hor-

177 1088 246 1111 MAN
275 1081 484 1111 PEERLKAMP.
525 1079 621 1111 Inest
647 1079 723 1110 veri
747 1077 878 1119 aliquid

179 1130 214 1160 in
237 1129 304 1160 hac
328 1129 620 1170 reprehensione.
662 1128 732 1161 Cfr.
758 1129 879 1160 tamen

174 1172 248 1210 Sat.
275 1179 313 1218 2,
350 1178 389 1218 3,
424 1178 507 1210 268:
544 1177 744 1218 tempestatis
773 1185 879 1217 prope

172 1228 252 1259 ritu.
277 1227 451 1260 Videlicet
467 1237 575 1268 prope
598 1229 637 1260 ut
660 1228 878 1259 Graecorum

175 1274 315 1316 σχεδὸν
338 1278 374 1310 in
397 1277 525 1310 talibus
550 1277 724 1318 significat
750 1276 878 1309 crebro

175 1326 212 1359 id
235 1327 328 1367 fieri,
367 1336 438 1369 quo
463 1327 508 1360 de
537 1328 668 1368 agitur3
706 1328 741 1360 in
771 1335 879 1369 prosa

174 1378 349 1409 oratione:
378 1376 512 1418 «qualis
534 1377 649 1410 undas
674 1376 766 1410 solet
788 1377 880 1409 exci-

174 1427 248 1459 tare
273 1428 437 1459 Auster.»

218 1477 255 1508 24
277 1494 297 1499 -
312 1476 366 1509 24.
405 1476 597 1519 Pleiadum]
632 1471 879 1519 Ἀτλαγενέων

176 1526 319 1558 Hesiod.
343 1521 402 1558 ΜΕ.
421 1537 456 1558 κ.
472 1522 525 1557 Ἡ.
544 1526 620 1559 384.
639 1526 682 1558 αἳ
694 1525 878 1568 (Pleiades)

175 1573 223 1618 δή
247 1585 309 1607 τοι
331 1575 466 1621 θέρεος
488 1575 555 1608 καὶ
570 1577 756 1619 χείματος
772 1571 882 1619 ἄγγε-

176 1624 237 1657 λοι
255 1626 363 1665 εἰσίν,
404 1626 524 1659 Moero
545 1626 640 1667 apud
666 1627 791 1659 Athen.
823 1627 876 1659 44.

425 1676 546 1708 Latine
579 1677 742 1718 Vergiliae
781 1675 876 1717 (Gell.

177 1724 229 1765 43,
250 1725 316 1765 9.),
344 1726 436 1765 Quae
450 1729 571 1766 septem
587 1726 670 1766 dici,
694 1735 755 1758 sex
769 1729 880 1758 tannen

176 1784 243 1806 esse
265 1776 385 1815 solent,
412 1776 511 1808 ovid.
538 1777 628 1808 Fast.
648 1775 687 1816 4,
715 1777 788 1809 470.
825 1776 876 1809 Id.

175 1825 277 1857 Trist.
296 1826 309 1856 4
329 1850 335 1864 ,
363 1826 420 1865 44,
449 1825 507 1858 44:
533 1826 640 1866 Saepe
661 1827 784 1858 minax
804 1827 879 1859 Ste-

174 1883 271 1914 ropes
300 1874 471 1915 (Pleiadis)
505 1876 612 1907 sidere
639 1879 763 1916 pontus
790 1879 877 1908 erat.

176 1925 334 1966 Propert.
361 1924 398 1964 3,
424 1926 463 1964 5,
489 1925 549 1957 36:
582 1926 755 1958 Pleiadum
777 1927 879 1966 spisso

174 1982 237 2005 cur
248 1974 313 2006 coit
326 1974 430 2006 imbre
445 1975 574 2007 chorus.
594 1976 720 2016 Hygin.
734 1976 875 2008 Astron.

175 2024 213 2062 2,
240 2024 276 2055 24
295 2034 301 2055 z
329 2024 473 2056 Ghorwn
495 2024 615 2057 ducere
636 2025 785 2057 Pleiades
808 2026 879 2058 exi-

176 2073 356 2104 stimantur
378 2074 488 2105 stellis.
516 2074 686 2112 «Quando
702 2073 877 2116 Vergiliae

178 2121 233 2154 vel
267 2123 468 2155 emoriuntur
497 2131 539 2155 νι.
565 2124 613 2155 Id.
641 2123 791 2165 Octobr„
816 2124 879 2156 ubi

176 2173 343 2204 Favonius
375 2176 406 2204 et
439 2173 607 2205 interdum
639 2173 771 2215 Africus
803 2183 879 2206 cum

172 2221 293 2260 pluvia
318 2221 467 2263 (Colum.
487 2223 547 2262 44,
573 2223 611 2263 2,
637 2223 719 2265 74.),
744 2223 800 2256 vel
824 2233 880 2256 ce-

177 2271 292 2302 lantur
318 2280 387 2303 νιιι.
420 2273 469 2303 Id.
498 2271 628 2312 April„
665 2273 699 2305 in
723 2282 879 2314 sequens

177 2320 334 2352 triduum
347 2321 462 2352 Austri
485 2324 516 2353 et
528 2321 634 2362 Africi
657 2325 880 2363 tempestatem

177 2370 410 2410 siqnificantes.
445 2370 504 2411 (Id.
531 2370 617 2403 ibid.
644 2371 675 2413 S.
701 2372 790 2413 34.)»
819 2374 881 2406 Est

178 2419 302 2459 igitur:
345 2419 557 2453 «Pleiadum
598 2422 708 2454 choro
746 2421 879 2455 imbres

178 2468 382 2501 effundente
407 2479 426 2502 e
451 2470 605 2503 nubibus
621 2480 642 2502 a
657 2473 764 2504 vento
788 2473 880 2505 scis-

179 2518 244 2557 sis,
270 2520 424 2560 ruptis,»
450 2520 524 2552 sive
552 2522 590 2552 ut
614 2521 729 2553 Schol.
762 2531 880 2554 «ven-

180 2569 214 2599 to
244 2568 487 2609 tempestuoso
512 2569 660 2603 faciente
687 2570 878 2612 pluviam.»

180 2617 274 2658 Virg.
300 2619 386 2651 Aen.
416 2619 473 2659 44,
500 2619 582 2653 548:
610 2623 722 2653 tantus
735 2630 767 2654 se
781 2621 880 2654 nubi-

929 927 989 959 bus
1020 926 1126 959 imber
1158 927 1325 967 Ruperat,
1365 926 1420 960 his
1458 926 1627 961 discissis.

928 976 992 1010 Alii
1015 976 1207 1018 explicant:
1246 976 1417 1018 «quando
1447 975 1564 1010 clarae
1587 986 1630 1011 ac

928 1027 1138 1060 manifestae
1179 1027 1216 1060 in
1253 1026 1344 1060 sudo
1381 1026 1481 1060 caelo
1517 1036 1631 1070 appa—

928 1078 1026 1116 rent;
1039 1089 1055 1106 »
1079 1077 1330 1109 verumtamen
1352 1078 1500 1119 propter
1514 1078 1631 1120 ipsam

929 1128 1203 1170 comparationis
1223 1128 1299 1160 v‘im
1320 1128 1439 1170 potius
1462 1128 1629 1161 horridae

928 1178 1162 1219 tempestates
1207 1176 1396 1218 significari
1439 1177 1607 1210 videntur
1620 1203 1628 1218 ,

929 1235 1038 1268 quam
1070 1235 1221 1260 serenus
1258 1225 1493 1268 Vergiliarum
1523 1235 1632 1269 aspe-

930 1277 1019 1309 ctus.
1047 1295 1084 1301 —
1109 1277 1253 1318 impiger
1266 1294 1286 1300 —
1304 1277 1444 1320 Veaeare]
1471 1285 1577 1310 «acer
1594 1277 1632 1309 et

929 1327 1095 1367 strenuus
1129 1327 1166 1359 in
1198 1326 1362 1360 hostibus
1392 1326 1561 1368 urgendis
1588 1334 1632 1359 ac

928 1376 1223 1418 persequendis.»
1253 1376 1316 1409 Od.
1343 1376 1380 1416 3,
1405 1377 1443 1416 2,
1469 1377 1509 1409 3:
1543 1377 1632 1410 Par—

929 1428 1000 1459 thos
1030 1427 1156 1468 feroces
1188 1427 1289 1460 Vewet
1317 1435 1415 1467 eques
1438 1427 1633 1459 metuendus

929 1477 1036 1509 hasta.
1058 1495 1095 1500 -
1111 1477 1236 1509 meaios
1250 1485 1316 1517 per
1329 1477 1432 1519 ἅρπας]
1457 1485 1544 1519 «per
1556 1485 1633 1510 me·

930 1527 1028 1559 dium
1052 1526 1248 1567 servorem,
1281 1526 1466 1566 ardorem,
1497 1525 1631 1559 tumul—

930 1577 1006 1608 tum
1028 1575 1199 1618 proeliip,
1227 1584 1318 1619 «qua
1334 1584 1454 1618 pugna
1477 1577 1533 1609 est
1558 1575 1632 1608 fer-

929 1626 1156 1667 ventissima,
1199 1626 1370 1659 audacter
1402 1634 1537 1668 equum
1565 1635 1633 1668 per

928 1676 1085 1708 hostium
1108 1677 1270 1709 catervas
1292 1676 1473 1709 immisit.»
1495 1676 1548 1708 De
1565 1684 1632 1708 no—

929 1726 1062 1759 cturnis
1086 1725 1317 1758 excubiarum
1341 1724 1481 1766 ignibus
1512 1725 1631 1758 minus

929 1775 1091 1818 apposite
1115 1774 1171 1807 alii
1193 1775 1484 1817 interpretantur.
1519 1775 1628 1807 Recte

930 1825 1118 1867 explicavit
1133 1824 1235 1857 Silius
1247 1824 1308 1865 ⁴4,
1327 1825 1409 1857 ⁴75:
1429 1833 1495 1865 per
1506 1824 1632 1856 medios

928 1876 1021 1917 iynes
1034 1875 1222 1915 mediosque
1230 1883 1296 1915 per
1310 1882 1416 1915 enses,
1443 1875 1480 1916 et
1494 1873 1548 1914 ⁴5,
1566 1873 1603 1907 44
1618 1882 1628 1905 t

927 1927 991 1958 Per
1018 1925 1146 1957 medias
1165 1924 1307 1956 volitare
1329 1924 1418 1957 acies
1443 1923 1632 1963 mediosque

925 1984 988 2016 per
1020 1975 1123 2016 sams.
1163 1973 1263 2006 ovid.
1297 1974 1378 2007 Met.
1404 1974 1442 2014 8,
1479 1973 1542 2005 76:
1580 1973 1643 2022 ire⁸

924 2034 989 2066 per
1021 2025 1130 2065 ignes,
1169 2025 1232 2056 Per
1266 2023 1397 2065 gladios
1430 2022 1551 2055 ausim.
1578 2035 1627 2045 ⁴—-

928 2074 1115 2107 Artissima
1139 2074 1259 2105 autem
1282 2073 1338 2105 est
1359 2072 1560 2105 coniunctio
1574 2073 1631 2104 in·-

930 2126 986 2157 ter
1007 2122 1189 2164 rapidam,
1215 2123 1255 2155 ut
1276 2123 1322 2154 ita
1348 2121 1484 2162 dicam,
1512 2121 1630 2154 Austri

930 2174 1122 2215 imaginem
1145 2173 1181 2205 et
1203 2181 1264 2212 ea,
1295 2180 1387 2213 quae
1410 2170 1632 2213 praecedunt

931 2232 1095 2266 quaeque
1116 2223 1330 2264 sequuntur:
1358 2220 1493 2263 «qualis
1515 2220 1630 2254 undas

930 2274 1151 2306 incessanter
1173 2272 1281 2313 agitat
1301 2273 1448 2311 Auster,
1480 2270 1630 2313 impiger

932 2324 1055 2356 hostes
1078 2322 1220 2355 vexavit
1242 2322 1353 2361 Nero,
1379 2330 1450 2363 quo
1473 2321 1551 2363 ipso
1567 2320 1632 2353 im-

929 2374 1016 2415 petu
1038 2372 1148 2404 ruinis
1172 2379 1234 2404 eos
1258 2370 1445 2412 fatigavit.»

974 2422 1092 2455 25-28.
1118 2420 1339 2463 tauriformis]
1364 2420 1522 2460 taurino,
1548 2427 1630 2452 cor—

931 2473 1016 2504 nuto
1041 2471 1175 2513 capite,
1208 2472 1248 2503 ut
1270 2469 1434 2503 solebant
1455 2469 1539 2510 fingi
1560 2468 1630 2501 flu-

929 2521 998 2561 vii,
1040 2521 1192 2562 imagine
1229 2520 1338 2562 petita
1371 2518 1418 2552 ab
1451 2517 1629 2551 undarum

932 2571 1067 2612 mugitu
1101 2570 1208 2611 atque
1243 2569 1390 2612 impetu.
1445 2567 1542 2601 Iliad.
1575 2577 1626 2607 φ,

932 2621 1007 2654 237.
1042 2620 1086 2653 de
1109 2619 1268 2653 Xantho:
1307 2615 1511 2663 μεμυκώς,
1535 2611 1630 2660 ἦῧτε
