1722 2904
208 60 289 102 562

727 59 897 91 HORATII
922 58 1147 92 CARMINUM

374 164 543 220 Longas
573 176 599 205 o
634 162 809 212 utinam,
842 162 930 206 dux
960 162 1093 212 bone,
1125 161 1254 204 ferias

375 246 575 288 Praestes
606 243 863 301 Hesperiae!
904 242 1087 286 dicimus
1119 242 1284 300 integro

379 325 489 368 Sicci
520 338 646 367 mane
677 323 769 374 die,
801 323 985 367 dicimus
1014 322 1154 374 uvidi,

491 406 599 449 Cum
629 404 702 448 Sol
732 406 908 448 Oceano
939 404 1102 447 subest.

1602 405 1657 447 40

293 526 347 558 37.
372 525 454 565 dux]
478 533 542 557 rex
564 522 735 565 Τᾶ,βκψ,
762 532 833 556 non
856 522 1080 564 improbante
1102 521 1271 556 Bentleio.
1305 523 1462 571 (Utrnos,
1486 523 1611 564 BbSc.)

205 639 272 663 nec
305 638 484 662 memorem
516 638 583 661 esse
618 629 670 661 sic
708 628 802 661 nude
840 637 906 669 pro

205 679 437 722 beneficiorum
464 687 644 711 memorem
666 687 732 710 esse
755 678 824 710 dici
840 686 908 719 po-

204 730 285 760 test.
333 727 450 760 Altera
479 728 585 767 ratio,
623 736 714 768 quae
744 736 802 759 me
826 736 907 759 mo-

203 778 280 817 vet,
309 786 352 808 ex
367 779 495 818 poetae
512 785 614 809 more
630 775 825 808 verborum
837 775 908 808 col-

202 825 436 859 locandorum
460 826 568 867 petita
599 827 665 858 est.
705 826 779 858 Hoc
811 826 904 857 enim

203 876 531 916 animadvertimus,
558 875 620 908 ubi
644 874 906 908 substantivum

203 926 376 958 adiectivo
419 927 583 957 ornatum
625 924 819 957 obnoxium
860 925 905 957 sit

202 975 370 1017 potestati
394 974 538 1007 alterius
560 975 730 1014 nominis,
756 974 805 1006 ibi
833 975 906 1006 Ho-

201 1025 333 1056 ratium
355 1025 420 1056 tria
443 1023 618 1056 voeabula
645 1024 835 1065 disponere
858 1024 905 1056 ita

203 1073 335 1114 solere,
361 1075 400 1106 ut
433 1081 561 1114 regens
594 1082 727 1106 nomen
761 1073 797 1105 in
830 1081 907 1105 me-

202 1122 261 1155 dio
294 1122 375 1155 loco
398 1123 555 1164 positum
584 1121 730 1164 reliquis
763 1122 905 1155 duobus

203 1173 374 1213 cingatur.
425 1172 489 1204 Od.
525 1173 561 1212 4,
596 1171 655 1211 44,
682 1172 743 1204 42:
792 1171 905 1203 Silvae

199 1222 272 1263 filia
293 1221 422 1253 nobilis.
450 1222 509 1261 47,
527 1221 583 1254 24.
610 1221 669 1261 48,
688 1221 741 1253 42.
767 1220 828 1260 24,
849 1221 901 1253 43.

200 1271 261 1312 27,
280 1271 332 1304 40.
359 1271 417 1311 36,
445 1271 486 1303 43
510 1271 601 1303 cet.»

244 1369 384 1402 37-40.
424 1369 496 1401 dux
525 1368 624 1408 bone]
660 1369 903 1401 Gratissimam

200 1419 294 1451 hanc
315 1418 564 1460 repetitionem
580 1417 800 1451 allocutionis
815 1426 849 1449 v.
868 1419 900 1450 5.

201 1466 541 1509 pessumdederunt,
556 1467 617 1508 qui
629 1466 901 1499 substituerunt:

199 1525 265 1548 rex
295 1516 391 1556 bone,
427 1515 645 1549 vocabulum
675 1515 901 1556 invidiosum,

200 1573 220 1597 a
255 1573 327 1607 quo
361 1566 539 1607 Augustus
576 1564 718 1607 publice
757 1573 904 1607 prorsus

201 1613 413 1648 abstinebat.
461 1616 576 1657 Atque
600 1615 744 1648 omnino
761 1616 905 1656 saepius

957 629 1073 660 ducem
1094 627 1258 660 dixerunt
1272 627 1470 670 Augustum
1484 637 1550 671 pro
1560 629 1659 670 prin-

956 678 1038 719 cipe.
1077 677 1177 710 Ovid.
1202 678 1305 710 Trist.
1331 678 1369 719 4,
1402 679 1442 718 2,
1469 678 1550 711 ⁴03:
1588 680 1657 712 Hoc

959 726 1136 768 (Augusto)
1161 727 1243 759 duce
1268 727 1298 770 si
1319 727 1393 760 dimi
1412 728 1526 770 felicia
1546 728 1658 761 secula

956 777 1024 808 cet.
1065 794 1101 799 —
1136 776 1258 819 fer-ias]
1292 776 1397 810 «dies
1428 777 1555 817 festos,
1596 786 1659 810 se-

956 826 1113 859 curitatis
1135 834 1178 858 ac
1200 825 1351 858 laetitiae
1380 825 1552 868 plenos3»
1587 827 1658 859 lon-

954 884 1016 917 9as
1038 876 1176 914 autem,
1208 875 1245 908 id
1274 876 1348 916 est,
1385 875 1492 916 «diu,
1525 884 1656 918 preca-

955 933 1059 965 mur,
1094 925 1239 964 vivas;»
1274 926 1314 957 ut
1347 924 1410 957 Od.
1444 925 1483 966 4,
1519 925 1559 966 2,
1591 924 1653 958 45:

955 975 1077 1015 diuque
1104 975 1226 1006 Laetus
1254 975 1387 1006 intersis
1413 975 1540 1015 populo
1571 975 1655 1016 Qui-

953 1024 1033 1056 rini.
1061 1023 1225 1064 (momnes
1241 1024 1346 1065 igitur
1360 1023 1454 1064 dies,
1480 1033 1571 1066 quos
1586 1025 1654 1058 sub

953 1074 989 1105 te
1012 1073 1192 1112 vivemus,
1229 1072 1398 1106 feriarum
1419 1073 1531 1106 instar
1551 1073 1656 1107 nobis

955 1123 1070 1155 erunt.
1085 1122 1120 1164 »)
1159 1141 1196 1145 —
1230 1122 1401 1164 Inteqmm
1433 1123 1519 1156 diem
1549 1124 1657 1156 vocat

955 1179 1039 1204 cum
1061 1172 1216 1204 maxime
1239 1172 1468 1214 incipientem
1491 1171 1655 1214 adeoque

953 1221 1143 1260 intactum,
1170 1221 1227 1253 cui
1248 1220 1432 1254 nulladum
1454 1229 1539 1263 pars
1556 1221 1657 1255 dem-
1720 1255 1722 1261 ,

953 1271 1014 1312 pta
1044 1271 1110 1302 est.
1149 1270 1320 1303 Diversus
1354 1271 1409 1303 est
1437 1269 1563 1303 solidus
1586 1271 1656 1303 dios
1720 1280 1722 1302 ;

954 1319 1017 1352 Od.
1038 1320 1073 1359 4,
1099 1320 1136 1359 4,
1161 1319 1216 1352 20.
1239 1337 1274 1344 —
1291 1319 1390 1362 Sicci]
1407 1319 1656 1360 «sobriisnon-

954 1369 1041 1402 dum
1062 1369 1176 1411 poti»,
1201 1369 1241 1401 ut
1263 1368 1327 1401 Od.
1354 1369 1392 1409 4,
1418 1369 1479 1410 48,
1505 1369 1537 1402 3.
1562 1370 1651 1412 Epp.
1719 1389 1722 1411 3

954 1419 992 1459 4,
1025 1418 1083 1458 49,
1114 1418 1147 1450 9.
1175 1436 1212 1440 —-
1242 1417 1351 1460 uvidi]
1380 1416 1652 1466 βεβρεγμένοι,
1718 1423 1722 1467 ᾗ

951 1468 1034 1500 vino
1058 1467 1206 1508 madidi,
1231 1467 1317 1510 poti.
1345 1486 1383 1492 —
1406 1469 1459 1501 De
1475 1468 1656 1510 significa-
1697 1471 1722 1504 -j

952 1517 1048 1549 tione
1079 1526 1122 1550 ac
1152 1517 1327 1559 perpetua
1357 1517 1563 1551 confusione
1593 1527 1651 1551 vv.
1719 1508 1722 1522 ¹

951 1567 1073 1599 avidus
1101 1568 1137 1599 et
1163 1567 1317 1600 timaus
1339 1566 1402 1601 cfr.
1427 1568 1585 1610 wagner
1607 1567 1654 1602 ad
1719 1561 1722 1592 ἓ

953 1617 1048 1658 Virg.
1075 1618 1136 1650 Ge.
1163 1617 1200 1657 4,
1225 1616 1302 1651 448.
