1722 2904
612 66 690 99 un.
714 65 769 98 iv.
818 66 855 98 c.
880 65 950 98 XV.
992 41 997 43 ⁷

1462 60 1536 103 621

587 397 898 439 cm
935 397 1058 437 XV·

326 510 526 555 Phoebus
555 510 769 554 volentem
800 509 965 567 proelia
995 523 1064 553 me
1094 509 1210 567 loqui

324 593 464 655 Victas
495 599 538 635 et
567 591 695 635 urbes
725 591 937 648 increpuit
972 590 1085 649 lyra,

382 674 444 716 Ne
474 686 606 730 parva
636 672 902 730 Tyrrhenum
931 685 1010 729 per
1040 684 1206 728 aequor

439 753 540 797 Vela
569 753 730 796 darem.
790 755 898 803 Tua,
932 753 1110 801 Caesar,
1143 758 1261 794 aetas

186 861 260 894 XV.
284 861 394 894 Inscr.
419 859 510 901 volg.
534 859 674 901 Augusti
697 859 821 891 laudes.
860 876 898 882 —
937 859 988 891 Ad
1010 859 1123 890 divum
1143 858 1327 899 Augustum
1349 857 1431 890 bSc.
1460 875 1494 882 -

145 911 221 944 Οιιι.
239 911 277 944 T.
298 929 332 936 -
352 911 385 944 2.
402 910 582 951 increpuit,
611 910 705 949 lyra,
733 910 783 941 Ne
798 908 951 941 distinxit
966 907 1180 940 Torrentius.
1212 925 1246 930 -
1278 907 1311 940 4.
1340 908 1499 940 daremus

145 963 206 993 tua
227 960 264 992 Τ.

143 1053 214 1085 XV.
251 1053 423 1091 Quartum
445 1051 644 1084 carminum
666 1050 797 1083 librum

101 1111 185 1135 cum
208 1101 366 1134 editurus
389 1102 503 1139 esset,
532 1109 645 1143 prope
669 1108 798 1132 neces-

101 1152 235 1184 sarium
257 1152 352 1191 erat,
384 1152 424 1182 ut
445 1153 526 1192 post
555 1150 659 1183 Drusi
682 1151 718 1182 et
740 1150 798 1182 Ti-

101 1200 191 1233 berii
231 1199 356 1232 laudes
400 1199 557 1242 epilogus
599 1200 798 1231 contineret

99 1248 225 1282 laudes
247 1249 392 1290 Augusti
415 1251 599 1291 tamquam
621 1249 719 1290 pacis
741 1249 797 1279 at-

101 1308 171 1340 que
203 1299 263 1332 otii
294 1298 427 1341 publici
461 1299 634 1338 auctoris,
674 1299 796 1339 utpote

105 1357 177 1390 quo
192 1350 247 1382 rei
261 1348 425 1391 publicae
440 1349 598 1391 principe
609 1374 616 1388 ,
645 1348 798 1381 coercita

103 1398 250 1431 tandem
264 1407 406 1431 morum
423 1399 661 1440 corruptione,
679 1398 797 1430 denuo

105 1448 375 1480 efflorescerent
396 1448 513 1480 bonae
536 1450 631 1480 artes
659 1455 800 1479 omnes—

102 1506 173 1539 que
187 1498 336 1530 Romani
357 1497 450 1530 vitae
471 1496 679 1539 tranquillae
697 1505 798 1529 com-

99 1546 216 1580 modis
242 1545 348 1588 plena
375 1555 462 1579 cum
490 1547 680 1579 securitate
711 1555 798 1587 gau—

101 1594 240 1628 derent.
271 1597 438 1628 Massono
454 1597 600 1628 auctore
616 1595 796 1637 plerisque

99 1644 170 1677 hoc
197 1653 344 1677 carmen
370 1653 402 1677 a.
427 1654 463 1677 u.
489 1654 520 1677 c.
546 1644 621 1678 744.
646 1653 798 1685 compo-

100 1693 208 1726 situm
228 1693 428 1734 videbatur,
454 1694 521 1727 sed
543 1694 676 1726 Franke
693 1693 739 1725 ad
762 1702 794 1724 a.

100 1743 218 1784 potius
248 1742 325 1776 74⁴.
354 1743 437 1785 post
464 1743 620 1775 reditum
650 1742 797 1783 Augusti

99 1792 328 1824 referendum
343 1801 423 1825 esse
443 1792 717 1831 demonstravit,
743 1800 798 1823 ra-

100 1841 255 1874 tionibus
269 1842 391 1883 utique
408 1841 603 1874 admodum
625 1840 797 1883 prohabi-

99 1890 192 1923 libus
204 1899 310 1930 usus,
328 1891 395 1923 nisi
411 1890 507 1932 quod
524 1899 560 1931 p.
582 1891 658 1922 229.
677 1889 798 1923 subdi-

99 1940 179 1972 ticia
198 1940 424 1982 inscriptione
440 1940 650 1972 Emeritensi
671 1948 710 1972 se
737 1939 798 1971 de-

100 1990 168 2031 cipi
183 1997 311 2031 passus
324 1990 389 2022 est.
409 1989 472 2030 (Ad
484 1997 515 2020 a.
530 1998 565 2020 u.
580 1988 671 2027 745„
690 1989 798 2020 Hora-

100 2039 138 2070 tii
151 2037 332 2078 ultimum,
349 2039 430 2080 post
444 2039 568 2070 lanum
583 2037 687 2069 tertio
704 2036 798 2069 clau-

0 2093 2 2095 ’
38 2111 52 2126 -,
100 2095 193 2127 sum,
210 2086 320 2119 refert
335 2086 463 2119 Grotef.
483 2086 631 2119 Sedw‘d.
646 2086 691 2118 ad
705 2086 795 2126 v.9.)

143 2135 218 2168 4-4.
231 2135 372 2178 proelia]
389 2135 535 2176 Augusti
553 2135 796 2176 expeditiones

101 2184 288 2224 militares;
306 2194 394 2227 quas
410 2193 493 2217 cum
509 2183 691 2216 celebrare
708 2193 798 2215 nun-

100 2242 209 2276 quam
238 2235 396 2266 animum
417 2234 612 2266 induxisset
633 2233 707 2273 (cfr.
725 2234 795 2265 iam

100 2283 164 2316 Od.
191 2284 226 2323 ⁴,
262 2284 332 2325 6.),
367 2284 549 2324 ingeniose
582 2283 618 2314 h.
650 2282 672 2315 l.
698 2282 796 2323 fingit

99 2333 170 2365 hoc
196 2332 264 2365 sibi
290 2332 335 2364 ab
358 2331 516 2374 Apolline
546 2332 624 2373 ipso
647 2331 796 2363 interdi-

101 2383 198 2414 ctum
221 2391 312 2415 esse.
341 2400 377 2404 ——
402 2382 565 2421 increpuit
586 2381 674 2423 lyra]
701 2380 796 2421 «lyra

100 2430 234 2473 plectro
266 2431 360 2463 tacta
393 2431 462 2463 hoc
484 2440 528 2462 ne
552 2430 708 2462 facerem
730 2439 796 2462 ve-

101 2481 199 2512 tuit.»
223 2479 299 2513 Noli
321 2481 467 2521 iungere
483 2480 573 2520 loqui
592 2480 686 2519 lyra;
711 2487 795 2511 nam

100 2539 135 2562 ν.
159 2530 323 2570 increpuit
343 2530 492 2571 requirit
507 2528 698 2567 ἐπίθετον,
723 2537 795 2569 quo

102 2579 174 2611 tota
196 2579 310 2620 imago
333 2578 393 2611 fiat
414 2579 568 2620 poetica:
600 2579 722 2611 contra
744 2578 795 2610 lo—

102 2627 160 2667 qm·
181 2629 218 2660 et
239 2629 346 2662 dicere
366 2636 432 2669 per
455 2636 494 2660 se
510 2627 683 2669 significat
699 2635 796 2660 «car-

847 1051 942 1082 mine
971 1049 1187 1082 celebrare».
1228 1049 1393 1082 Similiter
1419 1048 1543 1091 Apollo

848 1100 1005 1132 deterret
1034 1099 1079 1132 ab
1111 1101 1252 1141 incepto
1281 1099 1385 1131 nimis
1412 1099 1543 1132 difficili

846 1148 1027 1190 Virgilium
1050 1148 1122 1181 Ecl.
1148 1150 1187 1188 6,
1212 1149 1249 1181 3:
1287 1149 1369 1181 Cum
1391 1157 1545 1181 canerem

845 1208 940 1240 reyes
977 1202 1008 1231 et
1038 1199 1190 1239 proelia,
1231 1198 1390 1237 Cynthius
1426 1207 1545 1230 aurem

850 1249 942 1280 Vellit
955 1251 986 1280 et
1000 1249 1189 1286 admonuit3
1214 1248 1300 1279 item
1321 1248 1545 1289 Propertium

846 1298 866 1330 3
879 1323 887 1337 ‚
912 1298 952 1336 3,
969 1299 992 1337 ,1
1000 1298 1046 1336 3.;
1073 1298 1277 1330 exhortatur
1291 1297 1337 1329 ad
1358 1297 1546 1339 perficien-

847 1348 933 1380 dum
957 1355 1047 1389 opus
1071 1347 1233 1379 Ovidium
1254 1349 1295 1379 A.
1319 1348 1358 1379 A.
1386 1347 1425 1386 2,
1458 1346 1541 1379 493:

845 1399 934 1430 Haec
956 1407 1016 1438 eqo
1037 1406 1113 1429 cum
1135 1406 1306 1436 canerem,
1341 1396 1446 1429 subito
1466 1405 1545 1428 ma—

845 1448 982 1488 nifestus
1000 1445 1116 1487 Apollo
1138 1447 1243 1479 Movit
1265 1447 1447 1477 inauratae
1470 1446 1546 1486 pol-

846 1497 906 1528 lice
925 1497 986 1538 fila
1007 1496 1121 1536 lyrae:
1144 1513 1164 1519 —
1184 1513 1203 1518 -
1224 1496 1257 1527 Is
1277 1495 1375 1535 mihi,
1398 1496 1542 1535 Luscini,

846 1547 950 1585 divit,
978 1548 1179 1586 praeceptor
1200 1545 1343 1583 anwriS,
1379 1545 1454 1576 Duc
1481 1553 1545 1586 aye

846 1595 1022 1635 discipulos
1053 1596 1099 1626 ad
1130 1603 1206 1626 ntea
1235 1594 1357 1634 templa
1391 1597 1475 1626 tuos.
1504 1612 1540 1617 —

841 1654 955 1685 parva
970 1662 989 1667 -
1003 1662 1022 1668 -
1041 1645 1129 1686 Vela]
1154 1645 1335 1684 Frequens
1350 1644 1544 1684 navigatio-

846 1695 900 1727 nis
932 1702 1014 1726 cum
1043 1693 1155 1725 libero
1185 1694 1345 1734 poeticae
1370 1691 1544 1725 facultatis

846 1744 947 1784 quasi
970 1751 1078 1775 cursu
1101 1743 1330 1783 comparatio.
1366 1742 1460 1782 Virg.
1479 1743 1541 1773 Ge.

846 1793 884 1831 2,
909 1791 946 1824 4⁴
962 1801 969 1822 :
989 1792 1175 1832 pelagoque
1195 1791 1312 1823 volans
1326 1791 1370 1822 da
1390 1790 1465 1822 vela
1475 1799 1545 1830 pa-

846 1841 935 1873 tenti.
961 1840 1060 1872 Ovid.
1086 1841 1187 1872 Trist.
1212 1841 1251 1879 2,
1276 1840 1356 1872 328:
1381 1840 1459 1871 Non
1471 1839 1544 1871 ideo

846 1890 936 1922 debet
953 1890 1074 1931 pelago
1090 1899 1124 1921 se
1137 1890 1280 1928 credere,
1305 1889 1334 1920 si
1357 1898 1426 1928 qua
1440 1888 1546 1920 Audet

845 1940 882 1971 in
903 1940 1025 1980 exiyuo
1047 1940 1160 1971 ludere
1187 1939 1305 1978 cymba
1335 1939 1422 1970 lacu.
1463 1938 1543 1970 Sine

847 1989 1018 2028 imagine:
1047 1988 1214 2026 «monuit,
1233 1997 1278 2020 ne
1295 1987 1468 2020 auderem
1483 1995 1544 2019 res

847 2046 990 2078 graves⁷
1015 2045 1137 2068 meum
1160 2037 1342 2077 ingenium
1365 2035 1545 2068 exceden-

847 2089 918 2125 tes,
959 2095 1086 2118 canere
1124 2086 1244 2126 itaque
1279 2087 1408 2126 Mayna
1439 2085 1545 2117 modis

847 2139 984 2167 tenuare
1001 2135 1132 2175 parvis.
1160 2134 1241 2175 (Od.
1267 2134 1304 2173 3,
1338 2134 1378 2174 3,
1409 2133 1476 2174 72.)
1504 2152 1541 2157 —-

850 2186 937 2224 Tua,
973 2184 1116 2223 Caesar,
1149 2183 1252 2224 aetas]
1287 2184 1418 2224 Aperta
1453 2183 1545 2215 adu-

845 2234 974 2266 latione
1004 2234 1111 2265 vitata
1142 2233 1288 2273 Augusti
1319 2232 1426 2264 aetati
1448 2230 1545 2264 velut

846 2291 976 2315 aureae
991 2281 1129 2321 tribuit,
1155 2290 1247 2322 quae
1268 2281 1411 2323 proprie
1435 2281 1544 2322 ipsius

847 2333 959 2364 erant.
995 2332 1083 2372 (Non
1099 2332 1155 2363 est
1168 2332 1288 2362 autem
1303 2330 1361 2362 hic
1377 2329 1544 2371 Apollinis

847 2382 971 2413 cantus
981 2406 989 2420 ,
1007 2382 1047 2412 ut
1062 2389 1239 2413 nonnemo
1254 2389 1368 2421 nuper
1380 2379 1544 2421 opinatus

846 2431 917 2470 est,
942 2429 1007 2462 sed
1030 2430 1162 2462 Horatii
1184 2429 1312 2470 ipsius,
1349 2430 1384 2460 et
1404 2430 1546 2461 senten-

845 2480 914 2512 tiae
937 2479 988 2511 sic
1010 2488 1049 2512 se
1074 2478 1267 2520 excipiunt:
1295 2478 1406 2510 «Cum
1421 2477 1543 2519 Apollo

846 2537 904 2560 me
927 2527 1061 2570 proelia
1081 2528 1201 2560 dicere
1223 2527 1392 2566 vetuerit,
1418 2535 1543 2559 canam

846 2578 956 2610 otium
974 2586 1016 2609 ac
1034 2576 1234 2609 felicitatem
1252 2575 1448 2618 publicam,
1473 2584 1542 2618 qua

847 2626 914 2659 sub
938 2627 1095 2667 Augusto
1119 2634 1213 2659 nunc
1239 2625 1433 2665 fruimur.»)
