1722 2904
0 2433 2 2446 ³
65 2433 215 2481 πτερόν.
236 2454 272 2461 -
296 2435 495 2477 Belleroph.
509 2438 644 2476 Pegaso
665 2437 759 2468 vecti

290 114 313 142 ᾗ
577 86 656 120 un.
681 86 738 118 iv.
787 86 829 118 c.
851 64 909 118 in.
971 136 975 138 V
1409 81 1483 124 601

276 191 409 249 Spes,
440 197 485 234 et
512 189 755 248 exemplum
788 202 920 247 grave
948 187 1128 246 praebet
1156 187 1246 231 ales

274 272 469 330 Pegasus
499 277 719 315 terrenum
745 270 936 328 etmitem
965 274 1165 326 gravatus

386 350 760 409 Bellerophontem
777 385 787 401 ‚

281 464 465 521 Semper
491 470 540 506 ut
568 470 610 507 te
639 462 768 521 digna
794 475 981 520 sequare
1010 467 1054 505 et
1082 459 1192 504 ultra

277 543 417 596 Quam
445 542 547 587 licet
575 557 752 601 sperare
782 543 902 588 nefas
930 541 1120 600 putando
1436 541 1492 583 30

276 624 502 682 Disparem
530 624 651 668 vites.
708 625 798 681 Age
827 624 923 675 iam,
954 637 1149 668 meorum

388 705 503 748 Finis
532 718 727 748 amorum
755 729 813 736 —

276 824 370 866 Non
398 823 512 867 enim
542 822 722 880 posthac
750 821 834 865 alia
863 821 1013 865 calebo

278 903 457 947 Femina
483 928 540 935 —
569 902 771 946 condisce
800 901 975 953 modos,
1007 901 1190 945 amanda

138 1060 222 1092 Post
254 1067 288 1091 v.
324 1058 377 1091 32.
407 1058 531 1105 ‘excisa
563 1059 645 1091 sunt
679 1057 758 1090 folia
790 1056 923 1099 aliquot
954 1066 974 1090 e
1009 1057 1096 1090 Cod.
1129 1066 1149 1090 c
1178 1066 1293 1099 usque
1315 1057 1362 1091 ad
1383 1059 1448 1091 Od.

99 1109 161 1149 ⁴3,
186 1109 239 1141 45.

55 1256 151 1289 mine
178 1256 269 1288 ictus
299 1263 366 1288 nos
396 1254 573 1295 deterret,
597 1264 642 1288 ne
665 1263 750 1297 spes
799 1255 836 1287 in
870 1253 1041 1296 exemplis
1074 1255 1172 1287 hisce
1195 1255 1361 1296 mythicis
1398 1257 1496 1289 eius-

55 1306 160 1339 nimis
174 1313 321 1344 m,
343 1304 381 1337 id
403 1306 473 1345 est,
498 1304 621 1338 avidas
642 1307 750 1346 atque
799 1303 897 1336 modi
929 1303 1085 1346 puellae,
1129 1304 1242 1345 qualis
1274 1305 1405 1346 Phyllis
1437 1305 1495 1338 vel

54 1355 264 1388 immodicas
305 1362 428 1387 rerum
468 1353 572 1386 nohis
605 1356 751 1395 negata—
799 1353 863 1386 fuit
876 1353 933 1386 vel
948 1353 1056 1386 fuisse
1072 1354 1230 1395 fingitur,
1256 1355 1330 1387 tam
1344 1355 1498 1396 graviter

57 1413 138 1437 rum
160 1404 435 1446 concipiamus.»
453 1420 492 1426 —
523 1403 751 1436 Phaethontis
798 1403 1002 1445 propositis.
1540 1428 1544 1431 ‚

55 1454 201 1486 exitium
218 1453 301 1485 vide
319 1453 356 1485 in
369 1451 637 1486 winckelmann
658 1454 749 1485 Mon.
843 1453 886 1484 29
900 1470 921 1476 -
935 1452 990 1484 32.
1019 1455 1056 1484 ul
1079 1455 1110 1484 te
1131 1452 1251 1494 difflui]
1275 1453 1373 1485 Pind.
1392 1454 1494 1493 Pyth.

58 1503 148 1535 inea.
163 1503 203 1535 Τ.
218 1502 318 1535 XLV.
338 1520 375 1526 —
399 1502 479 1544 ales]
502 1504 542 1534 ut
556 1502 620 1534 Od.
637 1502 677 1542 3,
696 1503 748 1541 ⁴2,
801 1501 844 1541 4,
879 1502 944 1534 90:
991 1501 1066 1533 Καὶ
1098 1499 1178 1543 μὰν
1213 1499 1350 1534 Τιτυὸν
1382 1501 1498 1544 βέλος

57 1551 102 1585 4:
119 1560 209 1592 puer
229 1552 309 1584 alec.
332 1551 444 1594 Epod.
461 1551 494 1591 3,
512 1551 572 1584 ⁴4:
596 1552 754 1592 Serpente
796 1547 1010 1597 Ἀρτέμδος
1032 1549 1198 1596 θήρευσε
1219 1549 1425 1596 κραιπνόν,
1441 1571 1463 1577 -
1476 1571 1497 1577 -

57 1619 113 1626 --
126 1601 216 1634 auto.
246 1619 284 1625 —
306 1601 467 1643 Peyasus]
491 1601 630 1633 divinae
652 1601 755 1642 origi-
790 1596 918 1646 Ὀφρα
937 1610 994 1640 τις
1018 1598 1090 1632 τᾶν
1110 1599 1151 1632 ἐν
1166 1598 1313 1644 δυνατῷ
1335 1599 1498 1641 φιλοτά-

60 1651 116 1683 nis
148 1659 263 1692 equus
277 1675 287 1690 ,
319 1651 361 1682 ut
393 1651 453 1692 qui
480 1659 502 1682 a
523 1651 687 1692 Neptuno
717 1652 753 1682 et
800 1659 877 1681 των
902 1646 1110 1689 ἐπιψαύειν
1134 1644 1278 1695 ἔραται.
1306 1668 1343 1673 —-
1371 1652 1498 1691 Dispu-

57 1699 204 1732 Medusa
224 1701 432 1741 procreatus
446 1700 505 1732 sit.
524 1718 561 1723 —
576 1699 752 1741 gravatus]
801 1707 873 1731 rem
900 1699 992 1740 vites]
1027 1699 1200 1740 uideoque
1234 1709 1379 1741 semper
1407 1701 1499 1733 ami-

60 1749 286 1790 «indignatus
317 1749 410 1782 ferre
443 1750 585 1789 equitem
620 1750 755 1781 morta-
802 1756 886 1780 cum
919 1748 1127 1780 condicione
1159 1748 1223 1780 tihi
1255 1757 1380 1790 parem
1409 1748 1499 1781 deli-

61 1796 167 1830 lem.·
205 1798 368 1831 Fortasse
399 1807 540 1831 memor
565 1798 628 1830 fuit
653 1797 751 1829 Pind.
803 1806 900 1838 gas.»
928 1814 966 1822 —
992 1797 1094 1839 Finis]
1116 1799 1275 1839 Propert.
1294 1799 1331 1837 4,
1350 1799 1391 1830 ⁴2
1406 1824 1414 1838 ,
1430 1799 1495 1831 20:

57 1847 180 1879 Isthm.
208 1847 242 1879 6.
268 1846 323 1888 (al.
352 1847 398 1888 7.)
422 1847 477 1880 44.
494 1849 533 1880 Β.
550 1856 558 1878 t
584 1844 755 1892 πτερόεις
803 1847 1161 1887 Οῃπαιὶαρήηιαβιὶι,
1178 1847 1319 1886 Cynmia
1331 1848 1410 1888 finis
1422 1848 1497 1879 erit.

58 1890 199 1941 ἔρῥιψε
218 1893 406 1939 Πάγασος
436 1893 637 1928 Δεσπόταν
669 1895 755 1928 ἑθέ-
805 1897 990 1928 «Meiner
1021 1896 1142 1928 Liebe
1162 1897 1380 1928 Beschluss
1412 1897 1497 1928 du.»

59 1942 159 1976 ion'
181 1943 223 1985 ἐς
254 1941 422 1991 οὐρανοῦ
451 1942 653 1986 σταθμοὺς
669 1940 755 1976 ²132.-
802 1946 904 1978 Voss.
941 1946 980 1977 In
1013 1946 1069 1978 his
1102 1947 1223 1977 autem
1258 1954 1316 1977 vv.
1352 1946 1499 1978 minime

60 1992 148 2025 θεῖν
167 1993 253 2035 μεθ’
275 1990 464 2040 ὁμάγυριν
493 1990 756 2039 Βελλεροφόν-
777 2017 781 2036 s
804 1995 912 2034 inest,
950 1994 1046 2035 quod
1081 1994 1319 2027 scholasticus
1353 1994 1500 2036 quidam

58 2051 131 2074 ταν
152 2039 311 2085 ’Ζηνός-
361 2040 407 2075 τὸ
442 2041 483 2075 δὲ
521 2040 599 2090 πὰρ
646 2041 756 2075 ὸίκαν
804 2053 920 2085 nuper
956 2044 1119 2084 opinatus
1156 2045 1229 2082 est,
1278 2042 1475 2084 Phyllidem
1490 2069 1499 2082 ,

60 2089 186 2124 nmen)
212 2090 424 2138 πικροτάτα
452 2093 559 2134 μένει
586 2089 754 2124 τελευτά.
805 2102 897 2133 quae
930 2092 1191 2134 pulchritudine
1222 2093 1391 2134 fulgebat,
1428 2093 1500 2125 iam

61 2139 133 2173 Cfr.
150 2140 266 2173 Schol.
285 2141 331 2173 ad
345 2142 522 2183 Aristoph.
539 2143 623 2174 Rau.
642 2142 701 2173 75:
733 2137 756 2172 ὁ
806 2142 1046 2174 deflorescere
1070 2142 1233 2182 coepisse
1250 2152 1258 2175 ς
1283 2150 1400 2183 neque
1415 2150 1502 2183 pro-

54 2187 372 2234 ,Βελλεροφόντης
392 2188 455 2222 διὰ
478 2188 547 2222 τοῦ
568 2188 756 2233 Πηγάσου
780 2221 781 2224 ,
806 2190 900 2224 fecto
945 2193 1019 2223 tam
1063 2189 1191 2223 stultus
1235 2190 1299 2222 fuit
1335 2191 1500 2223 Horatius

60 2236 131 2271 τοῦ
163 2237 356 2285 πτερωτοῦ
391 2237 573 2281 ἐπεθύμει
606 2240 671 2271 καὶ
702 2241 758 2280 εἰς
779 2225 783 2283 2
807 2241 914 2272 etiam
948 2240 1287 2281 quinquagenarius,
1323 2242 1364 2272 ut
1388 2240 1501 2272 victas

28 2303 30 2306 >
62 2284 131 2320 τὸν
165 2284 332 2334 οὐρανὸν
364 2284 539 2321 ἀνελθεῖν
552 2313 561 2328 ,
601 2298 684 2321 eum
706 2290 758 2322 sic
779 2286 784 2363 ι
806 2289 943 2332 puellas
965 2289 1161 2320 adamaret.

64 2335 236 2370 allocutus
270 2338 366 2380 apud
404 2339 522 2379 Eurip.
557 2337 755 2380 Belleroph.
852 2338 980 2370 33-36.
1005 2337 1126 2378 calebo]
1151 2336 1377 2377 cr.0d.⁴,4,
1392 2337 1445 2369 ⁴9.
1463 2355 1499 2360 -—

0 2391 1 2429 ᾗ
65 2386 119 2418 Fr,
133 2387 194 2419 ⁴7:
219 2383 294 2430 ’217’
308 2381 341 2418 ὦ
356 2386 472 2427 φίλον
484 2397 552 2429 μοι
569 2385 757 2430 Πηγάσου
780 2365 785 2419 l
807 2387 975 2429 amanda]
1010 2387 1045 2419 in
1078 2395 1185 2427 prosa
1218 2395 1269 2418 or.
1306 2385 1473 2418 «amabili
1492 2411 1500 2423 .

781 2421 940 2478 'gratam
978 2453 1015 2458 —
1048 2434 1211 2475 condisce]
1246 2437 1435 2467 «accurate
1458 2443 1501 2467 ac

65 2485 102 2516 et
123 2484 348 2517 Chimaeram
382 2485 600 2517 devincentis
634 2485 759 2526 imagi-

65 2541 151 2566 nem
171 2533 252 2565 vide
274 2533 369 2575 apud
384 2533 558 2574 Millingen
572 2534 653 2566 Aac.
665 2535 756 2566 Mon.
808 2533 906 2575 plent
920 2532 1075 2566 nonnulli
1090 2543 1098 2564 :
1125 2546 1141 2562 α
1152 2542 1172 2565 a
1189 2542 1282 2565 me.»
1306 2533 1369 2565 Vix
1384 2534 1500 2570 recte;

65 2582 108 2614 11.
129 2581 167 2613 T.
196 2581 227 2614 4.
259 2600 294 2605 —
323 2582 491 2614 Ceterum
517 2584 615 2623 grata
642 2584 697 2621 et,
721 2584 760 2615 ut
784 2616 787 2635 ί
809 2591 893 2615 nam
924 2584 1068 2615 cantum
1094 2582 1225 2614 docere
1249 2583 1325 2614 erat
1346 2582 1503 2614 musico-

66 2630 115 2662 ita
137 2629 271 2670 dicam,
297 2631 433 2664 comica
455 2631 547 2664 inest
564 2630 759 2673 hyperbole
784 2644 788 2647 «
809 2640 907 2669 rum,
932 2633 970 2663 ut
993 2630 1139 2672 Tigellii,
1165 2631 1402 2672 discipulamm
1417 2631 1504 2664 inter

808 2484 995 2526 diligenter
1017 2483 1115 2516 disce
1138 2483 1234 2516 domi
1257 2485 1374 2516 tuae.»
1410 2485 1503 2525 Sup-
