1722 2904
190 60 271 103 738

712 58 717 63 ”
731 62 903 97 HORATII
926 64 1098 98 EPODON

360 168 593 224 Postquam
625 167 786 211 relictis
815 169 1043 213 moenibus
1073 183 1150 214 rex
1178 170 1362 228 procidit

358 248 453 291 Heu
483 248 721 306 pervicacis
753 249 809 292 ad
839 250 977 307 pedes
1006 250 1196 295 Achillei.

361 330 513 372 Setosa
543 329 663 373 duris
694 344 855 374 exuere
884 330 1070 388 pellibus

1589 334 1642 378 15

358 411 581 455 Laboriosi
615 412 801 468 remiges
838 411 976 456 Ulixei·

356 492 532 536 Volente
565 493 688 536 Circa
721 492 938 546 membra3
969 499 1070 538 tunc
1099 507 1222 538 mens
1251 500 1294 538 et
1328 506 1461 538 sonus

355 572 567 630 Relapsus
602 580 732 630 atque
763 580 889 616 notus
926 572 969 616 in
995 573 1136 618 voltus
1169 574 1319 619 honor.

354 653 463 697 Dedi
500 653 602 696 satis
631 667 851 711 superque
883 667 1123 711 poenarum
1153 655 1250 706 tibi,

355 736 503 777 Amata
537 733 678 777 nautis
712 733 891 777 multum
926 741 970 778 et
1000 734 1278 779 institoribus.

1585 738 1641 782 20

355 815 480 871 Fugit
512 814 708 857 iuventas
740 821 782 857 et
814 813 1090 858 verecundus
1123 815 1243 860 color

357 894 543 951 Reliquit
579 908 679 937 ossa
711 894 824 951 pelle
859 895 1013 939 amicta
1043 895 1209 949 lurida3
1231 905 1257 938 .“

272 1010 325 1042 47.
352 1009 445 1042 Circe
468 1008 557 1048 bTe,
590 1007 737 1041 Bentleii
761 1017 886 1042 omnes
908 1010 1053 1052 praeter
1075 1019 1167 1043 corr.
1191 1009 1232 1051 β,
1250 1010 1330 1044 LCt.
1357 1010 1410 1053 (Ut
1431 1020 1517 1052 nos,
1543 1013 1591 1053 Β,

227 1059 383 1093 Pottierii
407 1059 438 1098 3,
458 1059 498 1099 7,
516 1058 570 1097 8.,
595 1057 757 1091 Valerius
780 1059 917 1092 Probus
940 1069 976 1101 p.
1002 1059 1099 1094 4446.
1124 1060 1176 1102 P.)
1202 1079 1240 1084 —
1271 1060 1324 1093 48.
1350 1061 1486 1094 Relatus
1506 1061 1594 1103 Rhe,

232 1111 298 1142 LC.
337 1110 388 1151 (Ut
411 1117 494 1148 nos.
521 1109 559 1148 T,
583 1107 634 1148 βκ
660 1117 764 1141 «cum
788 1109 945 1151 quinque
979 1108 1056 1142 aliis
1078 1108 1243 1149 Bentleii,
1280 1110 1340 1152 qui
1374 1119 1457 1143 cum
1490 1111 1590 1144 Torr.

228 1158 410 1202 praetulit,
437 1160 526 1191 Pott.
551 1167 630 1199 sex⁷
657 1158 760 1200 FMJ.)
788 1176 825 1183 -
852 1159 905 1191 49.
931 1158 1002 1199 tibi,
1028 1159 1055 1191 Ο
1076 1159 1201 1191 Amata
1223 1158 1381 1192 malebat
1402 1159 1594 1193 Bentleius.

231 1228 266 1233 —-
293 1210 347 1243 22.
373 1218 449 1242 ossa
469 1208 572 1241 Bch
596 1217 679 1241 cum
703 1208 832 1241 ceteris
856 1208 968 1241 Codd.
994 1209 1104 1248 notis,
1129 1209 1240 1242 LCtF:
1276 1218 1341 1242 ora
1362 1209 1474 1243 Bentl.
1499 1211 1592 1243 coni.

230 1261 266 1292 et
288 1260 333 1292 M.
372 1276 409 1282 -—
450 1259 593 1290 amictus
625 1259 670 1298 B,
695 1268 742 1290 κν
756 1283 764 1298 ,
801 1258 943 1290 mnictas
971 1268 1009 1297 χ.
1045 1257 1205 1300 (Amt‘ctus
1236 1253 1420 1301 amplexus
1445 1260 1500 1293 est
1523 1260 1597 1293 Cu-

228 1308 347 1349 ningh.
375 1309 448 1341 sic:
474 1308 617 1347 Reliquit
639 1306 739 1348 (me),
765 1316 841 1340 ossa
858 1308 945 1348 pelle
967 1308 1108 1340 amictus
1131 1307 1232 1350 (sum)
1257 1308 1399 1351 lun'da.)

183 1402 312 1435 Priami
341 1401 510 1443 precibus
534 1400 680 1433 tandem
704 1401 885 1433 exorato.»

939 1402 974 1433 et
1008 1400 1194 1442 dignitas.»
1230 1401 1371 1434 Etenim
1391 1400 1415 1435 l.
1440 1400 1464 1434 l.
1491 1410 1526 1435 v.
1554 1401 1636 1435 395:

183 1450 273 1483 Illud
296 1451 451 1483 minatur
472 1449 511 1482 Il.
537 1455 591 1491 ψ,
619 1450 699 1482 482:
724 1445 888 1495 Ἕκτορα
927 1445 1078 1496 Ἄνδρες
1099 1448 1130 1482 δ’
1157 1445 1222 1492 ἂψ
1251 1449 1428 1494 &evomo
1460 1447 1639 1497 νεώτεροι

184 1500 215 1532 δ’
236 1496 322 1534 οῧτι
340 1498 462 1532 Δώσω
473 1498 692 1545 Πριαμίδην
715 1499 805 1546 πυρὶ
825 1498 889 1531 δα-

185 1551 343 1593 πτέμεν,
361 1546 460 1582 ἀλλὰ
476 1547 669 1582 κύνεσσιν.
691 1566 726 1572 -
747 1550 888 1582 homici-

184 1601 273 1643 dam]
300 1601 359 1634 hic
384 1609 467 1633 cum
489 1599 595 1633 laude
619 1600 665 1632 de
687 1600 764 1632 viro
789 1599 884 1640 forti,

185 1651 247 1692 qui
271 1650 401 1683 multos
424 1650 459 1682 in
475 1649 619 1691 proeliis
635 1650 817 1683 occiderit.
845 1649 884 1682 Il.

184 1711 211 1732 α
223 1725 231 1740 ,
255 1699 340 1733 242ε
365 1694 441 1732 εὖτ’
458 1695 509 1731 ἂν
526 1698 662 1732 πολλοὶ
677 1696 742 1740 ὑφ’
757 1694 889 1732 Ἕκτο-

185 1759 253 1796 ρος
275 1745 539 1795 ἀνδροφόνοιο
563 1746 808 1792 Θνήσκοντες
831 1750 888 1782 πί-

183 1808 317 1831 πτωσι.
344 1799 494 1831 Theocr.
515 1799 574 1839 47,
601 1799 660 1831 53:
687 1796 887 1838 λαοφόνον

182 1845 391 1891 Διομήδεα.
421 1865 458 1872 -
479 1848 636 1890 procidit]
660 1847 698 1880 Il.
725 1859 772 1887 ω,
799 1848 883 1880 54οι

182 1897 292 1931 Κλαϊ’
328 1894 459 1937 ἀδινά,
485 1895 724 1944 προπάροιθε
758 1894 886 1930 ποδῶν

181 1944 356 1990 Ἀχιλῆος
390 1946 576 1987 ἐλυσθείς.
612 1966 648 1970 -
679 1947 766 1989 Heu]
804 1947 886 1980 «Ad

182 1998 342 2029 animum
354 1997 550 2038 respiciens
563 1996 780 2038 procidentis
792 1997 887 2028 Pria-

182 2047 231 2079 mi
254 2046 300 2078 ad
325 2045 438 2088 pedes
460 2044 602 2078 Achillis
627 2045 673 2078 ob
698 2045 886 2086 indignita-

182 2099 256 2129 tem
281 2095 363 2128 sacti
386 2097 454 2129 hoc
472 2096 592 2128 dicit.»
618 2096 740 2128 Senoi..
765 2095 886 2127 Refer-

181 2147 239 2178 tur
276 2145 380 2186 igitur
418 2144 464 2177 ad
500 2146 612 2177 totam
649 2145 882 2183 sententiam,

182 2204 254 2228 non
285 2195 331 2227 ad
361 2203 472 2227 unum
502 2203 580 2227 voc.
603 2194 813 2234 pervicacis,
848 2193 885 2226 id

182 2246 253 2284 est,
290 2244 371 2285 «qui
394 2242 479 2276 alias
502 2244 576 2276 tam
598 2244 766 2285 pervicax
789 2244 882 2283 erat,

182 2296 266 2326 tunc
296 2301 382 2325 vero
412 2293 542 2325 Priami
579 2301 706 2334 preces
738 2292 885 2325 exaudi-

182 2345 266 2376 vit.»
295 2360 330 2367 —
355 2342 539 2383 Laboriosi]
567 2342 637 2375 Csr.
659 2343 722 2384 Ep.
742 2342 801 2382 46,
828 2342 881 2374 60.

186 2411 222 2416 -
245 2393 375 2425 Volente
393 2392 502 2434 Circa]
519 2391 597 2424 Vid.
613 2392 740 2432 Odyss.
761 2402 802 2432 κ,
820 2392 884 2424 388

182 2451 261 2484 sqq.
277 2459 311 2465 —
328 2442 437 2482 sonus]
459 2450 546 2473 «vox
561 2441 752 2473 humana.»
770 2459 805 2464 —
821 2442 885 2474 Re-

182 2493 304 2532 lapsus]
333 2490 535 2533 «paullatim
561 2491 602 2522 iis
629 2489 720 2522 ultro
744 2489 882 2522 rediit.»

182 2540 314 2573 necatus
328 2542 424 2572 esset
441 2540 605 2572 «externa
629 2539 663 2571 vi
678 2538 883 2571 reductus.»

182 2589 252 2621 Cir.
271 2588 429 2630 Bentley.
448 2605 483 2611 —
501 2591 621 2620 notus·
633 2605 649 2611 -
662 2587 778 2630 honor]
797 2587 887 2629 «pri-

183 2639 271 2670 stina
297 2639 431 2670 formae
457 2638 634 2670 humanae
658 2636 884 2680 pulchritudo

938 1495 966 1542 ἢ
992 1497 1116 1546 πάρος
1138 1493 1242 1543 ἦσαν
1263 1499 1339 1533 Καὶ
1361 1497 1460 1533 πολὺ
1482 1499 1639 1534 καλλίο-

937 1558 1000 1590 νες
1047 1550 1114 1582 καὶ
1158 1550 1330 1592 μείζονες
1366 1547 1636 1596 εἰσοράασθαι.

938 1599 1012 1631 Hac
1039 1599 1293 1640 significatione
1315 1600 1510 1641 usurpatur
1529 1600 1637 1635 etiam

937 1648 972 1680 in
995 1657 1093 1682 num.
1121 1648 1213 1690 plur.
1242 1649 1338 1690 Virg.
1365 1649 1454 1682 Aen.
1489 1650 1528 1690 4,
1552 1649 1635 1682 594;

936 1698 1039 1731 laetos
1068 1698 1172 1731 oculis
1201 1698 1342 1741 afflarat
1374 1699 1537 1739 honores,
1571 1698 1635 1732 ubi

937 1748 1056 1780 statim
1078 1748 1221 1781 additur
1242 1749 1351 1781 decus.

981 1797 1100 1830 49-26.
1117 1798 1199 1830 satis
1212 1798 1388 1840 superque]
1405 1798 1504 1832 Conf.
1521 1797 1634 1841 Epod.

938 1847 969 1886 4,
988 1847 1042 1879 34.
1068 1864 1104 1870 —-
1132 1847 1286 1888 multum]
1317 1847 1573 1881 «vehementer
1594 1857 1638 1881 ac

936 1895 1032 1928 diu.»
1072 1895 1143 1928 Csr.
1170 1896 1272 1929 Hand
1297 1897 1397 1930 Turs.
1422 1897 1479 1929 ΠΙ.
1503 1906 1540 1939 p.
1558 1897 1634 1930 669.

938 1964 975 1969 —
1000 1946 1216 1987 institoribus]
1241 1945 1304 1979 Od.
1329 1945 1368 1986 3,
1394 1945 1430 1986 6,
1455 1946 1509 1979 30.
1550 1947 1638 1979 Sunt

935 1995 959 2026 ii
981 1995 1208 2036 praesertim,
1235 1995 1295 2036 qui
1315 1993 1441 2037 puellis
1461 1995 1637 2029 mundum

935 2043 1149 2077 muliebrem
1171 2044 1343 2078 vendunt.
1367 2061 1403 2068 -
1419 2044 1636 2086 veroa-tutam]

937 2093 1196 2134 «rubicundus,
1229 2093 1343 2136 qualis
1365 2094 1459 2127 inest
1487 2095 1524 2128 in
1547 2094 1637 2128 ado-

934 2142 1169 2184 lescentibus,
1206 2142 1305 2176 color
1327 2142 1491 2177 discessit
1512 2153 1534 2176 a
1555 2152 1633 2185 me,

934 2193 982 2226 ita
1004 2194 1044 2225 ut
1067 2192 1151 2226 nihil
1174 2193 1262 2225 mihi
1284 2194 1470 2226 remaneat
1490 2195 1636 2235 praeter

934 2251 1015 2275 ossa
1033 2242 1161 2275 amicta
1180 2243 1260 2275 cute
1282 2241 1445 2284 pallida.»
1469 2243 1636 2277 Moschus

934 2291 973 2332 4,
997 2292 1036 2324 2:
1061 2289 1107 2324 τὸ
1129 2292 1217 2338 πρὶν
1239 2290 1281 2325 δέ
1294 2301 1355 2325 τοι
1371 2287 1444 2326 οὐκ
1457 2287 1510 2325 ἔτ’
1528 2287 1636 2339 ἔρευ-
1691 2333 1697 2337 ἱ
1718 2296 1722 2326 ἴ

933 2341 1006 2381 θος
1021 2338 1152 2382 Σώζετ’
1168 2340 1230 2375 ἐπὶ
1244 2338 1432 2387 ῥεθέεσσι.
1454 2359 1491 2364 -
1509 2341 1634 2384 lurida]
1718 2370 1722 2378 .

936 2390 1173 2432 «fahlyclbm
1208 2391 1310 2424 Voss.
1334 2390 1446 2423 Plaut.
1473 2390 1574 2432 Capt.
1593 2391 1632 2430 4»,

934 2440 972 2479 2,
999 2439 1058 2472 25:
1086 2441 1252 2474 Macesco.
1275 2447 1466 2472 ccmsenesco
1488 2442 1520 2472 et
1541 2439 1636 2472 tabe-

934 2497 989 2521 sco
1011 2489 1130 2527 miser;
1154 2490 1237 2522 Ossa
1251 2492 1351 2530 atque
1366 2489 1465 2530 pellis
1478 2497 1553 2521 sum
1565 2489 1635 2521 mi·-

935 2546 988 2570 ser
1016 2538 1248 2571 macritudine.
1296 2538 1407 2573 Nimis
1437 2537 1484 2570 ad
1512 2538 1634 2570 vivum

935 2595 1014 2619 rem
1037 2588 1194 2620 resecuit
1215 2585 1394 2620 Bentleius
1412 2585 1634 2623 contendens

936 2636 1004 2669 dici
1039 2645 1109 2669 non
1142 2645 1269 2679 posse:
1307 2637 1511 2679 rubicundus
1543 2635 1635 2670 color
