1722 2904
0 615 12 721 ww...-
0 569 4 577 Ἴ.
0 546 5 557 ,„
0 428 10 531 W...

56 2045 63 2049 ·
100 2032 255 2065 Ridicule
296 2033 342 2065 de

619 73 754 108 uum.
806 73 936 107 cAnn.
960 72 1002 107 X.

1462 69 1536 112 70¹

612 434 1032 476 cmx-

326 566 434 610 Mala
462 566 601 610 soluta
633 567 753 610 navis
782 567 869 611 exit
897 566 1019 617 alite,

384 648 543 690 Ferens
572 646 758 690 olentem
787 647 1025 690 Maevium:

327 727 379 771 Ut
406 726 593 770 horridis
619 733 851 784 utrumque
880 726 1088 770 verberes
1116 726 1250 776 latus.

338 815 344 821 ’
380 809 555 856 Auster,
587 814 802 850 memento
831 805 1055 850 fluctibus!

325 887 454 944 Niger
482 886 686 930 rudentes
715 888 854 930 Eurus
884 887 1057 930 inverso
1088 889 1193 931 mari

1516 892 1542 931 Ut

382 968 647 1024 Fractusque
676 980 820 1010 remos
850 965 1044 1019 differat;

323 1048 518 1105 Insurgat
546 1047 718 1105 Aquilo,
753 1055 938 1104 quantus
967 1047 1062 1099 altis
1094 1048 1310 1092 montibus

185 1177 560 1221 x.1nscr.volg.1n
581 1180 751 1213 Maeuium
766 1182 926 1221 poetam,
962 1182 998 1213 et
1031 1180 1082 1212 sic
1105 1189 1137 1212 c.
1177 1196 1213 1203 —
1253 1181 1400 1214 Invisum
1427 1182 1489 1214 sibi

141 1228 1223 1270 Mwumdwovetuaehmvendispromaturmestatmss.
1244 1247 1280 1253 —
1307 1231 1382 1264 Om.
1401 1232 1439 1264 T.
1460 1250 1495 1254 —

122 1278 176 1310 4.
199 1278 294 1311 Halo
314 1278 515 1311 Victorinus
537 1287 573 1320 p.
600 1279 695 1311 ⁴252.
721 1280 758 1311 P.
786 1295 822 1301 —
848 1279 880 1312 ⁴».
903 1279 1038 1321 flatibus
1060 1279 1147 1311 Cod.
1172 1287 1264 1312 unus
1281 1280 1318 1320 (⁶3)
1343 1279 1498 1319 Valartii,

142 1327 228 1360 item
249 1327 472 1361 Burmannus
494 1327 541 1360 ad
562 1327 677 1361 valer.
702 1327 813 1360 Flacc.
840 1330 883 1367 4,
908 1328 983 1360 639.
1011 1345 1047 1351 -
1073 1329 1104 1360 5.
1129 1329 1279 1361 rudentis
1300 1329 1360 1362 Bc

142 1444 184 1476 X.
220 1444 313 1477 Diris
335 1444 556 1485 naufragium
579 1445 796 1486 imprecatur

99 1493 248 1526 naevio.
296 1494 473 1527 «Maevius
505 1495 611 1535 poeta
643 1494 706 1526 fuit
728 1494 797 1526 ini-

99 1542 215 1575 micus
230 1543 362 1575 Horatii
371 1568 379 1582 ,
404 1543 621 1575 obtrectator
636 1544 796 1575 omnium

100 1591 259 1624 virorum
291 1591 495 1631 doctorum,
532 1592 607 1633 ipse
641 1593 797 1624 sectator

99 1649 231 1673 vocum
252 1641 512 1682 antiquarum.-
547 1642 659 1674 Con.
688 1642 794 1678 Cano.

101 1690 260 1723 Uareiam
272 1691 442 1723 Naevium
454 1691 559 1723 vocat
574 1689 695 1723 Glossa
706 1690 794 1723 cod.

101 1740 131 1771 A
160 1738 339 1771 Vanderb.
396 1740 627 1781 «Triumphos
669 1740 798 1772 Caesa-

102 1788 154 1820 ris
180 1787 274 1820 male
302 1788 522 1830 descripsit.»
561 1788 684 1821 Glossa
706 1789 794 1822 Cod.

100 1837 131 1869 Η
151 1836 331 1869 Vanderb.
355 1838 450 1878 virg.
475 1837 547 1870 Ecl.
573 1838 612 1878 3,
637 1838 699 1870 90:
732 1839 798 1878 Qui

100 1886 246 1918 Bavium
264 1895 333 1918 non
354 1887 444 1926 odic,
476 1890 566 1918 amet
587 1890 647 1918 tua
668 1888 798 1920 canni-

98 1943 167 1975 no,
189 1935 313 1968 Πανί.
361 1936 431 1968 Cfr.
469 1936 651 1968 weichert
682 1937 794 1968 Poett.

100 1985 175 2016 Lat.
199 1993 236 2026 p.
260 1984 337 2017 3⁴2.
361 1985 463 2017 Estre
484 1985 566 2017 Hor.
590 1987 646 2017 Ρῐ.
662 1994 699 2027 p.
718 1986 794 2017 404.

376 2034 511 2067 naevio
547 2034 798 2066 Pseudoscho-

99 2080 201 2114 liasta
231 2081 341 2115 Ibidis
367 2082 544 2122 Ovidiani‚
580 2091 695 2124 aeque
728 2083 797 2114 im-

98 2130 277 2172 pudenter
306 2131 461 2164 mendax
489 2134 596 2173 atque
626 2131 796 2173 Apuleius

100 2179 248 2219 manni,
279 2180 436 2221 Scriptor
457 2180 502 2212 de
526 2178 659 2221 urigine
682 2181 796 2221 gentis

100 2229 278 2261 Romanae
317 2237 360 2261 ac
393 2228 546 2269 similes,
589 2229 636 2261 ad
656 2238 692 2261 v.
717 2230 794 2262 544.

99 2276 190 2309 haec
212 2279 354 2309 narrat:
388 2279 540 2310 Maevius
555 2280 660 2318 poeta
673 2303 681 2317 ,
714 2279 797 2317 quia

99 2325 188 2358 male
220 2326 439 2366 descripserat
465 2326 707 2358 Atheniensium
736 2335 796 2368 90-

99 2378 176 2415 sia,
211 2375 254 2407 ab
281 2376 794 2416 &meae-cormposimest,

99 2423 158 2455 ubi
178 2432 254 2456 eum
272 2424 362 2464 samo
382 2424 471 2455 mori
490 2424 798 2464 fecermuetlibros

99 2473 172 2505 οὴκ
191 2473 390 2505 deleverunt.
416 2471 539 2512 Attuli,
563 2473 646 2514 quia
661 2474 795 2506 Franke

100 2530 137 2563 p.
166 2522 240 2554 434.
276 2521 386 2554 fidem
418 2521 501 2553 huic
522 2521 711 2554 mendacio
733 2523 797 2554 tri-

101 2569 222 2603 buisse
254 2570 395 2603 videtur
409 2596 416 2610 ,
452 2572 492 2602 ut
524 2579 570 2602 ne
603 2571 684 2612 quis
707 2570 795 2604 alius

102 2620 307 2662 decipiatur.
331 2620 554 2653 lnaudiverat
570 2620 718 2652 fortasse
735 2620 798 2652 ho-

844 1453 905 1476 mo
934 1452 1091 1485 nequam
1122 1443 1255 1486 aliquid
1283 1445 1329 1477 de
1357 1447 1488 1478 Naevio
1521 1456 1543 1479 a

844 1493 1022 1526 nobilibus
1062 1494 1233 1526 Romanis
1275 1495 1311 1526 in
1358 1503 1543 1528 carcerem

844 1543 1006 1575 coniecto
1034 1544 1070 1575 et
1097 1543 1133 1575 iu
1156 1542 1320 1576 exsilium
1339 1545 1441 1583 acto,
1477 1546 1543 1577 nisi

844 1601 992 1634 prorsus
1021 1592 1067 1624 de
1095 1601 1161 1625 suo
1190 1594 1381 1626 ementitus
1411 1596 1476 1626 est.
1503 1613 1541 1618 —

845 1642 1016 1682 Tempus,
1043 1649 1115 1682 quo
1138 1641 1207 1674 hoc
1229 1650 1376 1674 carmen
1399 1651 1545 1684 compo-

845 1687 955 1722 situm
985 1691 1050 1729 sit,
1086 1690 1224 1722 definiri
1257 1692 1392 1732 nequit.
1442 1694 1545 1724 Anno

845 1740 921 1772 746.
947 1741 1105 1780 assignat
1127 1740 1328 1772 Grotefend.

890 1789 984 1821 4-6.
1008 1789 1274 1831 Mutandae]
1298 1789 1362 1821 Od.
1381 1790 1412 1828 4,
1432 1791 1542 1828 45,5;

843 1839 941 1870 Mala
961 1839 1054 1870 ducis
1075 1839 1132 1870 avi
1154 1839 1298 1870 dommn.
1330 1857 1367 1861 —
1407 1839 1545 1871 Utrum-

845 1895 908 1926 que
930 1887 1019 1919 latus
1038 1889 1079 1919 ut
1098 1880 1246 1919 ‘iuer-beret
1265 1888 1408 1926 Auster,
1434 1896 1545 1929 opor-

846 1938 897 1968 tet
930 1944 1059 1968 navem
1093 1945 1114 1967 a
1147 1934 1301 1977 procella
1338 1936 1542 1977 circumagi.

845 1984 921 2017 Val.
939 1984 1052 2017 Flacc.
1072 1986 1111 2023 4,
1129 1985 1212 2017 639;
1242 1985 1339 2016 luam
1359 1985 1423 2016 hnc
1445 1988 1546 2025 atque

846 2035 925 2066 illuc
945 2043 1036 2066 nunc
1057 2037 1213 2074 torquens
1243 2033 1398 2065 verberat
1417 2035 1541 2066 Eurus.

849 2100 886 2106 —
911 2083 1033 2125 Niger]
1059 2082 1195 2115 «nubes
1218 2091 1386 2123 cogens.»
1422 2083 1542 2123 0d.⁴,

845 2134 884 2171 5,
903 2132 943 2163 6:
970 2141 1093 2172 aspera
1116 2132 1235 2173 Niqris
1249 2140 1399 2171 aequora
1424 2133 1539 2164 ventis.

845 2182 1079 2223 opponuntur
1099 2181 1206 2213 Notus
1227 2180 1324 2212 albus
1349 2180 1413 2213 Od.
1440 2181 1455 2212 4
1472 2206 1480 2220 ,
1508 2182 1543 2220 7,

847 2230 900 2262 45.
927 2232 963 2262 et
985 2230 1120 2261 candidi
1141 2229 1281 2261 Favonii
1302 2229 1366 2261 Od.
1389 2229 1430 2268 3,
1453 2230 1491 2267 7,
1511 2230 1543 2261 4.

847 2279 1014 2310 Ceterum
1046 2279 1174 2310 ventos
1211 2286 1336 2310 omnes
1373 2278 1547 2310 adversos

845 2327 882 2358 in
904 2327 1088 2359 Graeciam
1122 2327 1300 2367 naviganti
1333 2329 1542 2365 enumerat,

846 2383 916 2407 non
947 2375 1126 2407 secundos
1140 2400 1148 2414 ‚
1184 2376 1315 2407 Notum
1342 2377 1450 2415 atque
1474 2376 1546 2407 im-

846 2424 970 2465 primis
1004 2425 1147 2465 liipyga.
1183 2423 1258 2463 (Od.
1291 2424 1331 2463 4,
1362 2423 1401 2462 3,
1434 2422 1480 2463 4.)
1505 2441 1543 2447 —

846 2473 987 2514 inverso]
1013 2474 1211 2504 «commoto
1234 2481 1277 2504 ac
1298 2471 1543 2513 perturbato.»

847 2521 965 2563 virgil.
982 2523 1069 2554 Aen.
1088 2522 1102 2553 4
1118 2547 1126 2561 ,
1144 2521 1207 2554 43:
1231 2521 1410 2560 evertitque
1423 2529 1546 2560 αοᾳιιο-

845 2579 891 2602 ra
910 2571 1025 2603 ventis.
1057 2588 1093 2593 —
1140 2569 1292 2611 differat]
1341 2569 1544 2602 «disiiciatm

847 2619 959 2662 Epod.
977 2621 1016 2658 5,
1033 2619 1093 2651 99:
1118 2619 1266 2651 mernbm
1288 2619 1439 2659 different
1459 2618 1542 2658 lupi.
