1722 2904
163 66 246 108 496

388 178 606 236 Virginum
637 178 803 236 culpae.

675 69 847 102 HORATII
874 69 1099 103 CARMINUM

865 174 1107 237 vigilansne
1138 177 1260 235 ploro

390 261 529 317 Turpe
560 260 860 310 commissum,
894 273 947 302 an
978 259 1090 302 vitiis
1121 264 1338 302 carentem

559 340 686 384 Ludit
715 341 855 397 imago

1561 341 1615 382 40

390 448 522 497 Vana,
555 459 668 503 quae
698 453 822 503 porta
853 445 1021 502 fugiens
1053 444 1219 488 eburna

388 527 609 570 Somnium
638 526 785 570 ducit?
818 525 1024 569 Meliusne
1055 524 1209 568 fluctus

390 609 456 651 Ire
485 621 564 664 per
593 607 743 664 longos
774 606 870 656 fuit,
904 620 958 649 an
988 612 1186 650 recentes

559 688 747 745 Carpere
778 686 907 730 flores
919 687 940 728 ἱ)

389 794 432 837 Si
466 794 563 851 quis
596 793 792 836 infamem
822 792 923 835 mihi
954 806 1066 836 nunc
1096 793 1324 837 iuvencum

1562 794 1616 836 45

389 874 527 918 Dedat
556 874 712 924 iratae,
746 873 939 917 lacerare
968 873 1082 917 ferro
1113 880 1156 917 et

389 956 603 1010 Frangere
633 954 771 998 enitar
800 954 930 997 modo
962 953 1140 998 multum
1171 955 1297 998 amati

250 1088 303 1119 38.
333 1087 477 1128 Virginis
506 1084 700 1119 Markland
729 1103 765 1108 —
791 1085 844 1118 39.
868 1086 949 1118 vitio
979 1085 1090 1118 Bentl.
1121 1087 1211 1119 coni.
1241 1105 1276 1110 —
1301 1086 1357 1120 44.
1383 1096 1486 1128 quam
1508 1088 1573 1121 Sa—

210 1136 340 1169 nadon.
369 1155 405 1159 —-
430 1135 484 1168 43.
505 1135 645 1168 recentis
665 1135 703 1167 T.
731 1154 767 1158 —
787 1134 842 1168 46.
868 1135 978 1167 Dedat
998 1135 1128 1168 iratae!
1150 1136 1318 1169 Lacon-aro
1339 1136 1519 1192 distinguit
1538 1137 1569 1169 J.

211 1186 447 1218 —etomC.

167 1303 239 1336 ae?
278 1302 390 1336 Codd.
423 1301 568 1335 Hertzb.
602 1310 686 1334 cum
714 1301 859 1335 Lachm.
909 1301 1014 1344 aiens)
1038 1302 1109 1335 exit
1131 1311 1175 1335 ex
1189 1301 1298 1335 altera
1325 1304 1403 1336 utra
1422 1304 1541 1345 porta,
1561 1311 1617 1336 se-

161 1353 281 1396 urna.)

207 1402 261 1435 38.
304 1402 496 1443 Viryinwm]
547 1400 672 1434 «laeso
712 1399 859 1442 pudori,

163 1459 271 1492 quam
287 1459 467 1483 summam
480 1451 702 1483 committere
714 1450 865 1492 possunt

164 1500 304 1542 culpam
337 1500 524 1541 virgines.»
570 1499 677 1533 Multo
707 1499 864 1540 exquisi-

164 1550 231 1582 tior
264 1549 298 1581 in
332 1549 401 1581 hoc
433 1558 467 1580 v.
503 1550 538 1581 et
566 1549 602 1580 in
630 1558 664 1580 v.
694 1549 784 1580 vitiis
807 1549 862 1580 est

163 1607 260 1630 num.
278 1597 370 1639 plur.
389 1607 498 1639 quam
514 1597 707 1631 Marklandi
721 1597 864 1639 virqinis

164 1649 200 1679 et
232 1646 380 1679 Bentleii
412 1644 505 1678 vilio.
552 1645 641 1678 Illud
673 1647 769 1678 enim
798 1654 864 1687 per

163 1696 523 1728 communicationem
570 1703 652 1727 cum
698 1694 863 1727 omnibus

162 1744 355 1786 virginibus
385 1745 506 1777 nescio
537 1744 720 1786 quomodo
750 1745 863 1785 magis

162 1794 405 1826 verecundam
422 1794 530 1826 habet
546 1794 704 1836 speciem
719 1794 754 1825 in
766 1792 865 1835 puel-

163 1842 217 1875 lae
254 1852 338 1882 ore;
379 1843 448 1875 hoc
472 1844 593 1875 autem
621 1841 746 1884 plural.
775 1843 865 1874 vitiis

162 1893 293 1924 vitatur
320 1893 424 1925 nimis
453 1894 575 1934 aperta
607 1892 719 1934 stupri
755 1892 865 1932 signi-

164 1942 298 1982 ficatio,
339 1951 448 1983 quam
471 1943 654 1974 notionem
677 1941 863 1982 singularis

164 1991 274 2024 habet
304 1991 491 2033 aliquoties
521 1991 616 2032 apud
644 1991 860 2023 Terentium.

166 2040 323 2082 (Adelph.
350 2041 388 2081 3,
415 2042 454 2081 4,
480 2041 511 2073 9.
538 2041 575 2079 3,
602 2041 642 2079 2,
670 2040 737 2080 40.)

208 2090 261 2123 44.
288 2090 341 2123 42.
374 2090 633 2131 ρονεω-οὸανηα]
665 2089 791 2131 Odyss.
822 2098 861 2129 τ,

164 2138 376 2172 5621Aocaz
391 2137 464 2185 γάρ
478 2149 519 2172 τε
531 2137 648 2172 πύλαι
662 2134 864 2181 ἀμενηνῶν

165 2189 261 2221 εἰσὶν
296 2184 472 2246 ὀνείρων·
520 2188 569 2221 Αἱ
596 2187 669 2231 μὲν
697 2185 770 2234 γὰρ
800 2197 864 2219 κε-

164 2236 300 2284 ράεσσι
339 2235 585 2284 τετεύχαται,
641 2237 685 2270 αἱ
721 2235 751 2268 ὁ
783 2235 864 2270 ἑλέ-

164 2299 297 2330 φαντι·
324 2288 407 2322 Τῶν
431 2290 470 2322 οἳ
489 2290 561 2332 μέν
583 2288 615 2321 κ’
631 2284 774 2321 ε’λθωσι
800 2284 863 2320 διὰ

166 2337 326 2385 πριστοῦ
361 2338 591 2396 ἐλεφαντρς,
638 2337 688 2370 Οἳ
716 2334 748 2384 ῥ
783 2336 864 2370 ἑλε-

165 2389 389 2434 φαίρονται,
413 2384 490 2420 επε’
507 2384 707 2443 ἀκράαντα
722 2387 863 2444 φέρον-

166 2438 333 2478 τες·οι
364 2435 404 2470 δὲ
438 2435 501 2470 διὰ
535 2434 680 2479 ξεστῶν
714 2433 862 2482 κεράων

165 2483 307 2519 ἔλθωσι
321 2484 482 2533 θύραζε,
508 2483 587 2519 02¹‘
567 2488 599 2532 ρ’
615 2480 739 2528 οἔτυμα
754 2486 863 2531 κραί-

166 2546 291 2576 νουσι,
316 2534 467 2582 βροτῶν
490 2531 555 2568 ὅτε
569 2537 634 2568 κέν
650 2545 706 2576 τις
722 2533 859 2578 ἴδηται.

166 2585 258 2625 Viig.
282 2587 367 2617 Aen
394 2585 432 2625 6,
463 2584 538 2618 894.
568 2603 603 2608 -
631 2581 863 2626 «Φάντασμα

167 2635 305 2674 autem,
344 2635 475 2675 imago,
516 2642 607 2675 quae
638 2633 759 2676 rapide
791 2633 864 2675 (fu-

913 1359 996 1383 cum
1012 1352 1103 1384 ducit
1118 1350 1202 1384 illud
1215 1353 1397 1393 somnium,
1419 1352 1516 1394 quod
1531 1361 1614 1385 cum

912 1401 1066 1433 maxime
1089 1400 1212 1433 videre
1235 1401 1338 1435 nohis
1359 1401 1558 1435 videmur.»

956 1449 1009 1482 42.
1035 1449 1089 1482 43.
1114 1450 1292 1492 Meliusne]
1315 1450 1521 1490 «Quomodo
1537 1451 1615 1483 tan-

915 1499 999 1532 dem
1022 1498 1155 1532 factum
1179 1501 1251 1540 est,
1275 1501 1316 1532 ut
1336 1501 1454 1533 melius
1476 1499 1615 1541 (iucun-

914 1548 1003 1589 dius)
1029 1548 1186 1581 dementi
1214 1549 1301 1582 mihi
1322 1549 1504 1583 videretur
1525 1558 1612 1582 nare

912 1607 978 1640 per
1000 1598 1129 1631 fluctus
1159 1606 1268 1639 quam
1297 1608 1341 1632 ex
1369 1598 1490 1631 vernis
1512 1598 1614 1630 flori-

914 1647 982 1679 bus
1006 1646 1155 1680 corollas
1179 1648 1342 1688 nectere,
1368 1648 1404 1680 in
1427 1655 1498 1689 quo
1513 1648 1613 1688 grato

914 1705 1023 1738 opere
1047 1698 1218 1738 occupata
1246 1705 1346 1729 eram
1357 1697 1395 1729 ‘tn
1425 1714 1462 1720 —-
1487 1695 1613 1738 longos]

914 1755 958 1778 ex
974 1746 1150 1778 Phoenice
1166 1746 1201 1778 in
1218 1746 1373 1779 Cretam.
1410 1745 1544 1779 Mosch.
1569 1746 1590 1778 2
1602 1769 1611 1786 ,

915 1795 1000 1829 ⁴53:
1025 1793 1148 1837 τόσην
1170 1789 1247 1827 ἅλα
1266 1792 1551 1841 μετρήσασθαι.

956 1844 1010 1878 45.
1036 1845 1074 1877 Si
1097 1844 1180 1887 quis]
1206 1845 1284 1877 Non
1312 1845 1367 1877 est
1389 1842 1610 1884 exclamatio,

913 1895 953 1926 ut
985 1894 1021 1926 in
1066 1893 1185 1926 multis
1227 1893 1317 1926 Edd.
1364 1892 1609 1934 distinguitur:

913 1943 983 1975 Si-
998 1961 1017 1967 -
1032 1961 1052 1966 -
1067 1943 1225 1982 immol,
1261 1942 1327 1975 sed
1361 1939 1548 1988 πρότασις
1573 1950 1609 1974 v.

913 1993 1033 2024 enitar.
1073 2011 1110 2015 -
1134 1991 1310 2032 infamem]
1339 1991 1612 2024 «detestandum

913 2042 1059 2083 propter
1073 2041 1142 2073 hoc
1164 2041 1299 2082 ipsum,
1324 2040 1421 2082 quod
1435 2041 1611 2083 pudorem

913 2091 999 2122 mihi
1023 2091 1210 2132 erepturus
1235 2091 1323 2123 est.»

957 2140 1011 2173 47.
1037 2139 1091 2172 48.
1117 2139 1246 2180 enitar]
1270 2139 1456 2173 «omnibus
1478 2138 1612 2172 viribus

914 2188 1106 2222 conabor.»
1127 2207 1163 2211 —
1179 2189 1321 2221 multum
1337 2189 1457 2230 amati]
1481 2189 1611 2222 «cuius

914 2239 966 2271 ori
989 2238 1096 2270 flores
1118 2238 1217 2279 virgo
1241 2238 1470 2278 admoverat,
1510 2237 1611 2270 cuius

914 2296 1045 2320 cornua
1061 2287 1164 2320 sertis
1181 2287 1355 2326 cinxerat,
1373 2287 1473 2319 cuius
1486 2287 1612 2328 pecto-

912 2347 951 2369 ra
986 2336 1151 2369 manibus
1184 2335 1384 2378 plauserat3
1429 2336 1480 2368 sic
1514 2336 1611 2368 enim

913 2386 1090 2419 Ovidius.»
1126 2386 1342 2418 Tommm'ms.
1383 2401 1420 2408 -
1453 2384 1611 2424 monstri]

912 2435 1030 2468 Altera
1053 2434 1156 2467 lectio
1181 2435 1274 2466 tauri
1297 2435 1353 2467 est
1375 2442 1419 2466 ex
1442 2433 1547 2474 gloss.
1574 2433 1611 2466 et

913 2494 956 2517 ex
978 2494 1012 2516 v.
1039 2485 1092 2516 72.

955 2534 1083 2566 50-52.
1109 2532 1295 2573 [mpudens]
1310 2529 1490 2573 Κλίμακα
1503 2530 1608 2564 huius

909 2582 1146 2625 repetitionis,
1173 2589 1266 2623 quae
1289 2580 1423 2614 facilius
1445 2580 1605 2619 sentitur,

911 2641 1019 2674 quam
1042 2631 1162 2664 verbis
1186 2631 1391 2673 exponitur,
1422 2630 1471 2662 ita
1495 2627 1607 2671 expli-
