1722 2904
210 118 291 159 398

717 117 889 150 HORATII
913 117 1138 150 CARMINUM

661 220 847 265 Consule
878 219 1008 263 Tullo.

437 329 588 378 Sume,
621 327 868 377 Maecenas,
902 325 1082 385 cyathos
1114 325 1238 369 amici

437 408 617 491 {ospitis
649 414 820 451 centum
852 414 894 450 et
923 406 1075 464 vigiles
1104 406 1303 450 lucernas

438 473 584 533 Perfer
613 503 655 531 1n
686 488 846 532 lucem:
880 487 1031 545 procul
1062 487 1201 531 omnis
1231 493 1324 530 esto

448 553 505 567 '‘s-fl

665 569 836 613 Clamor
865 575 908 612 et
937 569 1012 611 ira.

300 700 351 731 45.
378 698 493 738 Profer
516 698 558 736 Τ,
585 706 641 728 κν.

212 805 348 837 fumum
382 802 507 835 bibere
543 801 698 833 didicit.»
727 819 763 824 —
808 800 909 841 Tullo]

212 855 289 886 Duo
323 853 429 885 huius
464 851 615 884 nominis
646 849 811 882 consules
834 849 913 882 fue-

212 904 315 935 runt:
343 904 379 935 L.
405 900 586 934 Volcatius
609 899 727 932 Tullus
751 908 835 932 cum
857 898 910 933 Μ’.

212 951 360 985 Aemilio
383 950 516 992 Lepido
541 959 572 982 a.
595 959 630 981 u.
650 959 680 982 c.
707 949 781 982 688.
810 949 912 990 (anno

212 1003 293 1033 ante
318 1002 441 1033 natum
474 999 668 1040 Horatium)
709 1000 745 1030 et
767 1000 803 1031 L.
829 997 914 1030 Vol-

212 1051 323 1083 catius
353 1051 391 1082 L.
421 1050 456 1081 F.
489 1048 607 1081 Tullus
642 1057 725 1080 cum
760 1050 913 1081 Caesare

212 1101 402 1133 Octaviano
426 1100 467 1131 II.
486 1108 518 1131 a.
537 1108 572 1130 u.
592 1107 623 1131 c.
650 1099 725 1131 72⁴.
752 1097 913 1140 Plerique

212 1151 425 1191 interpretes
458 1149 505 1181 ad
538 1149 696 1190 priorem
730 1147 912 1186 referunt;

212 1202 288 1231 tum
310 1199 435 1232 fuisset
449 1199 571 1231 vinum
586 1198 699 1230 XLVI.
717 1206 913 1236 annorum;

211 1249 318 1291 idque
342 1249 487 1281 omnino
509 1247 729 1290 probabilius
745 1273 752 1287 ,
792 1248 915 1280 vinum

212 1302 286 1332 tam
301 1300 482 1331 vetustum
498 1298 715 1330 destinatum
731 1306 812 1330 esse
830 1298 917 1329 ami-

212 1358 266 1383 co.
314 1349 383 1381 Ctr.
410 1348 474 1381 Od.
500 1348 537 1387 3,
556 1348 614 1387 24,
634 1348 665 1380 4.
691 1347 799 1387 Quid,
817 1346 915 1388 quod

211 1397 376 1433 Martialis
399 1398 438 1438 8,
463 1397 522 1437 45,
549 1397 592 1428 3:
632 1398 770 1439 Defluat
785 1400 816 1429 et
828 1397 915 1429 lento

210 1448 414 1490 splendescat
457 1447 594 1479 turbida
633 1447 702 1479 lino
742 1447 915 1488 Amphora

210 1502 345 1532 centeno
368 1497 500 1532 consule
522 1497 618 1538 facta
639 1497 761 1528 minor.
777 1498 794 1529 ‘I

259 1547 312 1580 43.
338 1546 453 1588 δινηισ]
483 1547 561 1579 Non
586 1545 704 1578 «domi
727 1547 829 1586 tuae,
855 1555 914 1579 me

212 1598 310 1630 domi
343 1605 447 1629 meae
480 1597 692 1638 potaturo,»
732 1597 772 1628 ut
792 1595 916 1629 volunt

213 1646 393 1685 nonnulli3
429 1646 495 1678 sed
521 1646 611 1678 haec
634 1654 693 1678 vv.
725 1646 795 1677 vix·
815 1645 916 1678 aliter

213 1705 323 1738 quam
345 1696 390 1728 de
415 1696 619 1727 invitatione
643 1703 708 1728 seu
730 1703 816 1727 vera
840 1697 915 1728 sive

213 1746 294 1779 ficta
317 1744 461 1786 intelligi
483 1747 646 1787 possunt.
682 1761 718 1768 —
745 1746 881 1785 cyathos
896 1763 915 1769 -

211 1795 352 1837 centum]
377 1796 441 1827 Hic
464 1803 628 1836 quoque,
655 1796 695 1827 ut
709 1794 774 1827 Od.
793 1795 812 1827 3
825 1821 833 1835 ,
853 1795 912 1835 49,

214 1846 267 1878 ⁴2.
292 1845 437 1887 proprie
452 1853 643 1877 mensurae
669 1844 914 1886 (duodecimae

212 1895 355 1927 sextarii
371 1893 492 1936 partis)
518 1895 575 1926 est
589 1902 733 1926 nomen.
774 1893 844 1926 Sed
860 1893 916 1926 di-

213 1945 304 1977 citur
337 1943 382 1976 de
416 1942 553 1985 poculis
586 1943 811 1976 tantumdem
843 1944 916 1975 vini

213 1993 448 2036 capientibus.
496 1994 712 2034 Neutiquam
734 2002 840 2033 vero,
877 1995 916 2025 ut

213 2044 329 2083 aiunt,
367 2044 422 2076 est
451 2041 660 2082 vasculum,
698 2051 769 2083 quo
792 2042 829 2074 in
852 2051 916 2074 co-

214 2091 364 2126 chlearis
388 2091 462 2124 fere
486 2091 638 2124 formam
661 2091 778 2124 efficto
793 2092 914 2124 vinum

213 2143 249 2174 in
273 2141 458 2183 grandiora
487 2140 615 2183 pocula
649 2140 912 2174 infundebatur.

214 2193 288 2224 Hoc
305 2191 399 2224 enim
414 2199 478 2223 vas
493 2190 549 2223 vel
564 2191 725 2231 epichysc's
738 2190 796 2223 vel
812 2191 917 2223 trulla

213 2241 350 2272 vinaria
383 2239 645 2272 nominabatur.
702 2240 813 2273 Varro
850 2241 912 2272 LL.

214 2292 251 2330 5,
276 2291 318 2322 25
343 2291 379 2322 et
400 2290 455 2322 26.
482 2289 621 2322 «Verbo
644 2298 731 2323 usus
755 2291 811 2323 est
833 2298 916 2322 con-

214 2341 395 2371 vivarum:
423 2339 560 2372 Centum
575 2340 757 2380 Oyathosln
785 2341 913 2372 Aenon.

215 2389 431 2446 Antiphanes
444 2397 501 2430 ap.
516 2389 643 2422 Athen.
659 2390 713 2430 40,
729 2398 760 2422 c.
774 2390 835 2422 24.
862 2386 916 2421 Τὸ

215 2436 401 2484 ποτήριόν
429 2449 500 2481 μοι
532 2436 578 2471 τὸ
611 2440 713 2483 μέγα
738 2440 917 2496 προσφέ-

214 2498 272 2543 ρει
293 2485 436 2527 λαβών.
466 2484 707 2532 Ἐπεχεάμην
729 2483 914 2536 ἄκρατον,

217 2534 305 2577 οὐχὶ
317 2536 484 2578 παιδίου,
497 2536 679 2580 Κυάθους
690 2537 790 2572 θεῶν
801 2548 842 2572 τε
850 2541 917 2573 καὶ

215 2585 379 2619 θεαινῶν
401 2588 575 2634 μυρίους.
631 2589 773 2629 cyathos
795 2590 916 2622 autem

216 2638 317 2668 amici
332 2637 483 2678 sospitis,
505 2639 586 2679 «qui
601 2640 748 2680 propter
759 2640 915 2672 amicum

217 2686 386 2727 sospitem
411 2686 645 2727 ebibanturn',
671 2690 709 2720 ut
725 2688 787 2720 Od.
807 2688 839 2728 3,
860 2688 912 2728 49,
966 2690 1005 2720 Α.
1038 2690 1077 2720 Α.
1103 2688 1140 2728 3,
1175 2688 1250 2721 463.

692 697 743 736 (Ut
766 704 850 734 nos,
876 694 977 727 BbSc
1002 697 1038 726 et
1061 695 1171 727 ceteri
1195 693 1367 735 Bentleii.)

962 800 993 854 9.
1026 799 1174 832 Theocr.
1201 799 1242 839 2,
1268 799 1351 832 454ε
1390 796 1510 832 τόσον
1538 795 1662 833 οὕνεκ

962 844 1103 895 ἐ’ρωτος
1132 844 1298 895 Ἀκράτω
1331 847 1518 889 ἐπεχεῖτο.
1574 851 1664 882 Item

964 898 1022 938 44,
1046 899 1105 932 48.
1129 894 1229 940 ἔδοξ’
1253 897 1474 938 ἐπικεῖσθαι
1484 894 1665 958 xdxpatov

955 941 1110 989 τ,Ωτινος
1146 946 1250 991 ἤθελ
1275 942 1450 990 ἕκαστος·
1483 944 1560 982 εδει
1589 948 1666 993 μό-
1719 974 1722 979 .

963 1009 1031 1032 νον
1065 993 1203 1040 ὦτινος
1236 997 1359 1042 εἰπῆν.
1421 998 1599 1041 Meleager
1630 1001 1664 1033 in

963 1049 1068 1082 Anth.
1083 1048 1154 1081 Pal.
1167 1050 1194 1082 1.
1205 1057 1241 1091 p.
1251 1049 1334 1082 422·
1327 1074 1334 1081 .
1350 1044 1480 1093 Ἒγχει
1491 1048 1562 1091 τᾶς
1575 1050 1667 1084 Πει-

962 1097 1060 1140 θοῦς
1074 1098 1142 1131 καὶ
1155 1096 1350 1145 Κύπριδος
1360 1094 1606 1146 Ἡλιοδῶρας.
1627 1119 1664 1124 -

964 1149 1101 1182 Centum
1134 1150 1255 1182 autem
1300 1158 1472 1184 numerus
1510 1150 1667 1183 infinitus

964 1198 1059 1242 apud
1081 1200 1219 1241 poetas.
1244 1199 1338 1240 Virg.
1356 1200 1419 1232 Ge.
1437 1199 1477 1240 3,
1493 1200 1556 1233 ⁴8:
1581 1200 1667 1234 coo·—

964 1252 1035 1281 twm
1057 1248 1278 1290 quadriiugos
1298 1249 1435 1291 aqitabo
1457 1250 1503 1282 ad
1522 1250 1668 1292 flumina

963 1307 1096 1330 currus.
1122 1298 1260 1331 Gratius
1277 1299 1411 1340 Cyneg.
1429 1299 1512 1332 520:
1531 1299 1668 1332 Geram

964 1351 1059 1381 actus
1082 1348 1212 1388 spatiis.

1009 1399 1062 1431 45.
1097 1397 1226 1440 Perfer]
1262 1398 1304 1432 Ut
1326 1397 1498 1438 dicimus,
1531 1398 1668 1440 viamus

959 1448 1111 1490 perferre
1125 1473 1134 1487 ,
1159 1448 1211 1480 sic
1232 1447 1268 1480 h.
1286 1446 1309 1480 l.
1334 1447 1500 1480 lucernas.
1549 1449 1665 1488 «Sine,

964 1499 1004 1530 ut
1026 1497 1245 1539 perducatur
1272 1506 1302 1530 s.
1327 1498 1554 1530 continuetur
1580 1506 1669 1530 con-

964 1548 1098 1580 vivium
1131 1555 1247 1590 usque
1281 1547 1328 1579 ad
1358 1548 1512 1590 primam
1547 1546 1669 1580 lucem

965 1599 1002 1629 et
1024 1596 1214 1630 nobiscum
1235 1605 1362 1637 mane,
1388 1596 1506 1632 donec
1528 1596 1667 1630 finitum

965 1647 1044 1680 sit.»
1068 1645 1134 1679 Alii
1149 1646 1261 1679 Codd.
1276 1646 1415 1688 profem
1432 1646 1499 1680 sed
1513 1646 1584 1680 hoc
1597 1655 1669 1680 non

965 1697 1050 1730 satis
1072 1693 1226 1743 κύριον,
1259 1705 1342 1730 cum
1360 1696 1480 1738 profer
1502 1697 1540 1729 in
1561 1696 1671 1730 lucem

965 1746 1183 1787 significaret
1204 1747 1322 1788 potius
1345 1745 1403 1779 vel
1427 1746 1488 1779 «in
1504 1746 1670 1788 apertum

964 1795 1118 1838 profer»,
1147 1794 1206 1828 vel
1235 1796 1390 1838 ineptius
1411 1795 1520 1828 etiam
1544 1793 1669 1833 «dmut-

965 1846 1001 1878 in
1024 1845 1177 1878 lucem.»
1208 1845 1250 1878 V.
1276 1844 1508 1878 Forcellinum
1530 1846 1567 1879 in
1583 1853 1670 1886 pro-

963 1896 1053 1937 ferre
1085 1896 1174 1936 sign.
1213 1894 1395 1935 «differre,
1438 1903 1667 1937 prorogare.»

965 1946 1097 1978 Firmat
1121 1945 1275 1986 perferre
1305 1945 1413 1978 etiam
1447 1944 1669 1978 consuetudo

966 1995 1198 2028 Ciceroniana
1229 1994 1274 2027 de
1309 1995 1406 2028 Finn.
1435 1994 1475 2035 3,
1507 1995 1571 2035 22,
1610 1995 1666 2028 76.

965 2044 1096 2077 beatam
1127 2045 1234 2076 vitam
1264 2053 1368 2085 usque
1401 2045 1447 2077 ad
1467 2062 1487 2069 -
1507 2053 1670 2086 —‘r09um

958 2094 1165 2134 pertulisset,
1191 2092 1247 2126 alii
1270 2093 1364 2126 male
1383 2094 1597 2134 protulissem
1622 2093 1669 2127 ad

965 2144 1061 2176 Fam.
1091 2143 1129 2183 9,
1158 2143 1221 2183 20,
1252 2144 1291 2175 ⁴:
1340 2151 1446 2183 usque
1477 2143 1524 2176 aa
1556 2151 1670 2176 aem

963 2193 1141 2225 vitulinum
1164 2201 1267 2234 opera
1276 2193 1486 2233 perduc-itm.
1512 2191 1668 2235 Simplici
1711 2213 1716 2216 -

964 2251 1051 2275 usus
1075 2244 1130 2275 est
1151 2242 1245 2283 Virg.
1271 2243 1359 2274 Aen.
1385 2242 1423 2283 9,
1441 2242 1524 2275 338:
1550 2242 1592 2284 (si
1611 2241 1669 2274 lu-

965 2292 1062 2334 dum)
1097 2292 1134 2324 in
1155 2292 1261 2324 lucem
1282 2291 1417 2324 tulisset.
1454 2309 1492 2315 —
1524 2291 1667 2325 Minime

965 2343 1087 2374 autem
1121 2349 1205 2374 cum
1238 2340 1415 2374 nonnullis
1448 2340 1668 2382 iungendum

959 2392 1076 2433 perfer
1089 2391 1224 2433 vigiles,
1251 2390 1337 2430 «fac,
1362 2391 1402 2423 ut
1415 2389 1538 2432 vigiles
1552 2391 1642 2430 sint3
1648 2402 1664 2420 a

966 2441 1049 2475 sed:
1081 2441 1198 2483 perfer
1220 2441 1396 2481 lucernas,
1434 2449 1528 2482 quae
1557 2441 1667 2474 totam
1682 2433 1697 2438 ‘

964 2499 1032 2533 per
1064 2491 1207 2523 noctem
1241 2489 1358 2523 vivido
1393 2488 1526 2522 lumine
1559 2489 1667 2522 arde-

965 2539 1073 2580 bunt,
1107 2548 1290 2581 nunquam
1313 2539 1599 2580 exstinguentnr;
1627 2539 1668 2571 ut

964 2590 1046 2632 viqil
1079 2590 1166 2631 tynis
1188 2589 1283 2631 apud
1306 2587 1489 2630 Virgilium
1510 2589 1597 2621 Aen.
1622 2587 1663 2629 4.

965 2640 1067 2679 200.,
1102 2640 1218 2681 viyiles
1248 2641 1404 2682 flumas
1428 2639 1542 2671 Vestae
1562 2637 1662 2670 Ovid.

1293 2688 1498 2730 (opponitur
1521 2686 1662 2720 Heroid.
