1722 2904
206 99 289 140 598

721 97 893 130 HORATII
917 95 1143 130 CARMINUM

695 397 1148 441 &mmxl-

434 516 507 558 Est
535 513 637 556 mihi
669 526 829 556 nonum
859 511 1102 568 superantis
1135 524 1294 554 annum

433 594 591 639 Plenus
622 593 774 637 Albani
804 592 962 644 cadus;
993 598 1060 636 est
1090 592 1133 634 in
1161 591 1305 642 horto,

433 675 594 734 Phylli,
627 674 850 718 nectendis
880 674 1027 731 apium
1057 673 1259 726 coronis;

548 758 622 800 Est
651 755 842 800 hederae
870 755 936 799 vis

435 862 586 913 Multa,
619 876 706 920 qua
736 862 877 905 crines
907 860 1086 918 religata
1118 860 1281 919 fulges3

435 943 560 988 Ridet
589 949 766 1001 argento
796 942 974 995 domus;
1005 942 1090 986 ara‘
1109 941 1240 986 castis

299 1078 354 1110 XI.
381 1078 491 1110 Inscr.
516 1075 608 1117 volg.
633 1075 684 1108 Ad
705 1074 900 1115 Phyllidem,
927 1075 963 1107 et
985 1075 1036 1107 sic
1060 1073 1172 1107 Codd.
1198 1074 1331 1113 nostri3
1371 1074 1394 1106 S
1416 1073 1514 1107 addit
1535 1075 1622 1107 ami-

253 1136 329 1160 cam
352 1136 460 1159 suam.
490 1145 526 1150 —
551 1127 583 1159 5.
609 1126 712 1158 crinis
731 1126 770 1158 B.

254 1233 310 1265 XI.
346 1232 401 1266 Ad
433 1232 649 1266 Maecenatis
682 1230 778 1263 diem
812 1230 914 1262 nata-

209 1281 281 1314 lem
303 1282 354 1314 ld.
379 1280 488 1323 April.
511 1289 635 1313 secum
656 1279 914 1313 celebrandum

210 1332 334 1364 invitat
365 1330 523 1372 Phyllida
539 1356 547 1370 ,
587 1329 779 1362 amabilem
816 1327 914 1371 psal-

211 1381 335 1421 triam,
361 1381 419 1413 cui
442 1379 628 1413 consilium
651 1379 729 1420 dat,
755 1381 795 1412 ut
809 1378 914 1411 nimis

213 1431 346 1473 dispari
369 1429 515 1472 Telephi
539 1430 652 1462 amori
675 1429 822 1461 tandem
854 1437 915 1460 re·-

213 1481 369 1520 nuntiet‚
424 1481 531 1521 atque
568 1480 802 1521 perpetuum,
854 1477 915 1519 qui

213 1531 374 1572 priorum
389 1531 460 1561 iam
476 1529 556 1561 finis
573 1529 633 1569 sit,
659 1537 821 1561 amorem
836 1526 916 1569 pol-

213 1579 352 1613 licetur.
378 1578 505 1611 SImilis
526 1579 725 1619 argumenti
747 1579 830 1611 sunt
844 1579 916 1610 Ne-

213 1628 370 1672 ptunalia
389 1637 472 1661 cum
490 1628 587 1669 Lyde
609 1627 787 1660 celebrata
800 1627 864 1660 Od.
880 1627 912 1666 3,

217 1680 272 1712 28.
298 1679 441 1720 (Grotef.
469 1678 579 1711 refert
600 1678 645 1710 ad
669 1687 700 1710 a.
719 1687 754 1710 u.
774 1686 805 1710 c.
824 1677 914 1718 739.)

258 1729 279 1761 2
289 1728 350 1770 ··.4·
374 1728 504 1770 Albani]
517 1729 646 1761 Vinum
659 1727 836 1760 Albanum
851 1726 916 1760 soli

216 1777 363 1811 Falerno
392 1778 543 1818 cedens,
569 1779 716 1819 Dionys.
743 1777 851 1810 Halic.
883 1778 914 1817 4,

218 1829 271 1860 42.
285 1839 292 1867 ;
318 1829 421 1860 tertia
432 1827 560 1860 saltem
569 1827 786 1869 palmainter
800 1827 917 1860 Italica

181 1894 183 1896 v
217 1878 376 1919 dignum,
402 1879 547 1910 auctore
560 1877 669 1911 Plinio
686 1878 726 1910 H.
747 1879 787 1910 N.
806 1876 867 1917 44,
883 1877 915 1909 6.

218 1927 288 1959 Cfr.
315 1928 385 1959 Sat.
403 1928 423 1959 2
437 1953 444 1967 ,
463 1927 484 1959 8
497 1953 504 1967 ,
524 1927 577 1959 46.
600 1945 636 1951 -
673 1927 808 1969 apium]
834 1927 920 1959 Fre-

219 1985 334 2017 quens
364 1977 441 2009 eius
464 1986 551 2010 usus
575 1978 611 2009 in
635 1976 777 2009 corollis
795 1976 920 2009 convi-

216 2025 367 2058 valibus.
409 2026 460 2059 Cf.
479 2026 542 2058 Od.
568 2027 606 2066 4,
631 2026 690 2066 36,
710 2027 762 2058 46.
795 2026 858 2058 Od.
877 2027 916 2063 2,

218 2076 256 2116 7,
275 2075 329 2108 24.
358 2075 529 2108 «Alcaeus
550 2075 758 2117 frequenter
774 2084 813 2108 se
836 2075 920 2107 dicit

223 2126 304 2167 apio
328 2126 525 2158 coronari.»
554 2127 681 2158 Aenos.
710 2144 747 2148 —
782 2125 922 2157 hederae

218 2175 278 2216 vis]
306 2175 462 2216 «copia»
486 2176 602 2216 Atque
627 2176 661 2207 in
683 2174 849 2207 omnibus
865 2175 920 2206 his

219 2224 431 2266 imaginibus
459 2223 656 2257 inimitabili
685 2233 769 2257 cum
798 2224 919 2266 lepore

220 2273 364 2306 beatam
387 2274 568 2315 quandam
592 2274 730 2316 copiam
755 2283 797 2306 ac
819 2282 923 2307 mun-

222 2323 361 2363 ditiem,
388 2324 531 2365 dignam
547 2322 642 2356 illam
657 2323 747 2356 festo
763 2324 833 2356 hoc
848 2323 919 2363 die,

221 2372 287 2405 sibi
311 2374 454 2414 praesto
478 2382 559 2406 esse
584 2373 817 2406 demonstrat.

264 2423 295 2454 5.
322 2423 353 2454 6.
380 2432 449 2463 qua
471 2423 579 2455 crines
597 2423 758 2465 religata]
783 2423 922 2465 Optima

221 2471 364 2504 videtur
386 2473 629 2514 interpretatio
652 2473 757 2505 huius
779 2471 924 2518 βραχυ-

222 2520 376 2564 λογίας,
417 2523 455 2554 ut
488 2522 683 2563 significet:
726 2522 856 2555 «coma
883 2523 923 2554 in

225 2571 360 2603 nodum
395 2571 538 2613 religata
574 2573 631 2613 (ut
658 2572 721 2604 Od.
749 2573 786 2611 4,
811 2573 852 2612 5,
878 2571 920 2605 4:

224 2621 278 2652 cui
299 2622 428 2662 flavam
459 2621 583 2663 religas
610 2631 742 2654 comam
753 2621 785 2664 P)
820 2630 925 2653 coro-

226 2669 343 2710 naque
367 2670 566 2703 hederacea
592 2671 695 2713 capiti
725 2671 922 2713 imposita.»

961 1227 1026 1261 Alii
1049 1227 1172 1261 volunt
1194 1237 1298 1262 esse:
1326 1237 1416 1271 «qua
1440 1229 1575 1264 hedera
1596 1239 1662 1273 pro
1719 1244 1722 1260 ε

961 1278 1087 1310 taeniis
1108 1277 1165 1310 vel
1186 1278 1335 1320 philyris
1357 1288 1460 1313 coma
1475 1280 1513 1313 in
1527 1281 1664 1314 nodum
1717 1292 1722 1317 ἰ

963 1327 1110 1360 collecta
1124 1327 1236 1369 fulges
1251 1328 1362 1363 oculis
1378 1331 1522 1372 totaque
1538 1331 1663 1364 facie.»
1716 1322 1722 1369 ἶ

964 1377 1034 1410 Sed
1056 1377 1191 1410 hedera
1215 1379 1251 1411 et
1273 1379 1353 1421 apio
1387 1388 1491 1413 coma
1524 1381 1665 1413 redimi-

963 1430 1041 1468 lur,
1079 1436 1150 1460 non
1172 1428 1349 1470 religatur.
1382 1448 1420 1453 —
1453 1430 1576 1473 [παρος]
1602 1442 1617 1459 «
1629 1431 1666 1463 in

965 1486 1036 1519 quo
1057 1477 1207 1519 simplici
1227 1478 1354 1512 ornatu
1377 1479 1510 1522 fulgere
1533 1480 1665 1514 soles.»

965 1529 1063 1560 «Non
1092 1528 1189 1560 enim
1222 1537 1304 1562 eam
1326 1529 1373 1562 ad
1395 1538 1435 1562 se
1459 1531 1666 1563 coronatam

964 1578 1087 1610 venire
1112 1578 1208 1619 cupit
1223 1603 1231 1619 ,
1256 1579 1322 1612 sed
1344 1579 1484 1621 invitat,
1509 1581 1549 1613 ut
1570 1579 1667 1623 apud

965 1636 1004 1660 se
1030 1628 1254 1660 coronetur.»
1283 1630 1450 1662 Pom’nvn.
1495 1629 1548 1663 Ab
1574 1630 1668 1663 anti-

965 1679 1089 1720 quiore
1122 1678 1235 1711 forma
1270 1679 1382 1721 fulgo,
1422 1680 1455 1712 is*
1484 1689 1567 1712 cum
1589 1679 1666 1714 aliis

966 1730 1130 1770 repetere
1153 1728 1274 1762 nolim.
1307 1747 1343 1752 —
1368 1730 1426 1762 Sic
1449 1730 1557 1762 etiam
1578 1730 1669 1763 Cha-

967 1779 1034 1811 rito
1050 1787 1086 1820 p.
1104 1778 1158 1811 86.
1177 1779 1271 1820 Lips.
1289 1788 1296 1811 ε
1322 1774 1600 1825 ἀστράπτουσα
1613 1778 1666 1823 τῷ

968 1825 1173 1874 προσώπῳ.
1190 1845 1227 1851 -
1241 1829 1346 1869 Ridet]
1365 1829 1535 1869 «renidet,
1553 1827 1670 1871 splen·
1706 1863 1708 1866 ,

969 1878 1062 1910 det.»
1087 1878 1175 1920 Epp.
1195 1879 1226 1918 4,
1243 1879 1277 1918 5.
1295 1879 1331 1910 7:
1348 1879 1550 1912 Iamdudum
1563 1879 1670 1920 splen-

969 1928 1021 1960 det
1040 1928 1135 1970 focus
1157 1931 1187 1960 et
1209 1928 1267 1960 tibi
1288 1929 1416 1961 munda
1439 1929 1600 1969 mapella-v.
1627 1946 1666 1953 —

969 1979 1052 2017 ara]
1086 1987 1129 2010 ex
1153 1977 1370 2020 caespitibus
1393 1978 1429 2010 in
1452 1980 1569 2011 terrae
1592 1977 1669 2011 solo

970 2022 1160 2054 exstructa.
1186 2022 1307 2054 Senon.
1335 2022 1434 2054 ovid.
1460 2022 1563 2054 Trist.
1581 2023 1615 2062 5,
1633 2023 1666 2062 5,

970 2071 1007 2103 9:
1031 2071 1170 2111 Araque.
1188 2071 1363 2113 ‚qr-amineo
1384 2071 1503 2104 viridis
1524 2072 1564 2104 de
1588 2080 1668 2104 cao-

968 2121 1050 2162 spite
1061 2121 1134 2163 fiat.
1159 2122 1282 2153 Iuven.
1298 2122 1351 2161 42,
1370 2122 1384 2153 4
1405 2131 1412 2152 ;
1436 2121 1567 2161 Natali,
1585 2121 1669 2154 Cor-
1700 2141 1702 2143 -

968 2172 1063 2212 vine,
1106 2172 1158 2203 die
1196 2171 1278 2203 mihi
1311 2170 1441 2203 dulcior
1469 2171 1551 2203 haec
1582 2170 1668 2211 lum,
1702 2166 1704 2171 ’

972 2223 1047 2262 Qua
1078 2222 1180 2263 festus
1207 2221 1377 2261 promissa
1410 2221 1478 2253 deis
1505 2220 1672 2253 amimalia
1698 2235 1700 2237 v

970 2280 1103 2312 caespes
1125 2271 1318 2311 Exspectat.
1703 2304 1709 2311 ,

1014 2322 1047 2353 7.
1073 2321 1106 2354 8.
1131 2320 1297 2361 verbenis]
1319 2319 1405 2353 Plin.
1423 2320 1465 2353 Η.
1484 2321 1525 2353 N.
1544 2320 1606 2360 22,
1624 2321 1667 2353 2;

969 2371 1127 2404 Auctor-es
1148 2371 1281 2412 imperii
1306 2370 1448 2403 Romam·
1467 2370 1672 2402 conditores-

973 2430 1035 2462 que
1047 2439 1066 2445 -
1079 2421 1239 2461 quiddam
1261 2419 1306 2462 (et
1319 2428 1364 2452 ecc
1378 2420 1506 2459 surdis,
1529 2419 1590 2451 hoc
1610 2422 1670 2459 est,
1695 2421 1714 2462 ᾗ

971 2471 1167 2514 ignobilibus
1197 2469 1318 2512 herbis)
1350 2478 1539 2510 sumpsere,
1588 2478 1673 2509 quo-
1696 2465 1712 2534 ᾖ

971 2522 1065 2554 niam
1086 2530 1154 2553 non
1176 2520 1312 2552 aliunde
1333 2519 1491 2560 sagmina
1511 2519 1549 2550 in
1569 2526 1674 2552 romo-
1697 2523 1722 2562 ,ν’

974 2571 1037 2603 diis
1053 2570 1196 2611 publicis
1221 2569 1315 2611 fuere
1337 2572 1368 2601 et
1393 2568 1430 2600 in
1451 2568 1558 2600 sacris
1578 2568 1674 2610 loya-
1695 2563 1708 2610 J

974 2620 1179 2660 domibusque
1210 2618 1403 2651 verbenae.
1451 2618 1545 2651 Certe
1575 2620 1673 2650 uiro-
1697 2635 1704 2659 5

975 2679 1037 2712 que
1069 2669 1200 2702 nomine
1231 2669 1318 2703 idem
1350 2668 1578 2710 §animatum
1613 2667 1673 2700 hoc
1700 2703 1703 2711 ζ
