1722 2904
574 75 651 108 Lm.
675 74 732 107 lv.
779 74 899 108 C.·1x.

1439 74 1513 117 59!

366 179 495 222 Totve
523 184 621 222 tuos
649 179 788 236 patiar
816 177 987 221 labores

253 284 448 341 Impune,
480 283 607 333 Lolli,
639 296 818 340 carpere
846 282 999 326 lividas

253 363 515 407 Obliviones.

308 445 554 501 Rerumque
578 443 776 501 prudens
805 451 848 487 et
876 444 1079 488 secundis

574 364 649 407 Est
677 364 844 407 animus
874 363 948 407 tibi

362 524 644 581 Temporibus
673 524 904 582 dubiisque
935 531 1104 573 rectus,

250 628 412 672 Vindex
442 643 598 673 avarae
628 629 789 672 fraudis
819 636 861 673 et
890 629 1108 673 abstinens

250 709 455 752 Ducentis
484 709 540 752 ad
569 724 617 753 se
648 717 800 754 cuncta
829 711 1066 768 pecuniae,

308 789 553 847 Consulque
586 804 671 833 non
699 791 827 834 unius
856 792 979 840 anni,

363 869 450 913 Sed
480 871 650 927 quoties
679 870 819 914 bonus
849 878 978 928 atque
1008 871 1120 915 fidus

1466 874 1519 916 40

167 1019 220 1052 33.
245 1018 371 1052 Deficit
393 1019 481 1052 cod.
506 1020 620 1052 Turio.
656 1019 738 1052 inde
769 1020 814 1052 ab
838 1021 906 1053 hoc
928 1029 1036 1053 versu
1058 1030 1173 1063 usque
1200 1022 1247 1054 ad
1269 1023 1387 1056 carm.
1413 1024 1449 1056 Η
1464 1050 1471 1064 ,

125 1069 177 1100 ⁴2.
212 1087 250 1092 -
273 1068 337 1100 Vv.
362 1068 439 1100 38-
454 1067 507 1101 40.
534 1068 588 1101 42.
613 1068 759 1102 43-45.
785 1070 820 1101 in
843 1071 868 1102 B
893 1070 1032 1103 desunt.

79 1201 212 1238 torques
238 1201 270 1230 el
288 1197 438 1230 monilia.
472 1198 664 1239 Difflsqiunt
684 1199 772 1230 inter

79 1255 134 1279 eos
148 1246 305 1287 (Arabes)
321 1247 516 1279 celsissimae
528 1247 678 1286 virtutes,
703 1248 772 1279 nisi

72 1295 172 1335 ,queis
205 1296 358 1328 Fun-’culi
383 1298 580 1336 poematum
610 1298 773 1337 perennia·

78 1345 250 1378 inbuerint
267 1345 412 1377 vincula.
440 1363 475 1368 —
507 1347 655 1388 inertiae]
681 1346 773 1378 dati-

78 1392 159 1434 m,
172 1395 212 1426 ut
220 1394 293 1427 sat.
307 1394 340 1434 4,
353 1393 386 1434 4,
403 1394 446 1427 48
461 1404 468 1426 :
493 1396 615 1436 Differt
629 1396 772 1438 Semoni

80 1443 303 1484 (comoedia).
341 1443 453 1476 Bentl.
471 1443 634 1476 volebat:
664 1446 773 1477 Virtus

79 1492 241 1525 inertia
266 1494 454 1535 poetarum
481 1494 590 1526 celata
619 1495 772 1534 paullum

78 1542 311 1575 distantis-tuti
324 1543 480 1583 sepultae.
502 1561 539 1566 -—
566 1544 683 1585 silebo]
708 1543 771 1576 Alii

77 1591 169 1624 sila-i
201 1601 246 1624 ex
277 1593 606 1626 accommodatione
652 1594 698 1625 ad
736 1603 769 1625 v.

75 1641 204 1680 patiar.
223 1659 261 1664 —-
286 1643 384 1674 «Non
399 1643 612 1682 concedam,
637 1645 677 1685 ut
698 1652 773 1675 ma-

77 1689 272 1733 levolorum
294 1690 383 1724 livor
403 1693 440 1724 et
454 1691 630 1735 oblivione
645 1692 774 1725 obscu-

78 1740 135 1771 ret
162 1741 199 1771 et
223 1743 364 1780 carpat,
411 1741 643 1773 obtrectando
673 1743 773 1773 exte-

80 1790 182 1828 nuet,
206 1788 388 1831 praeclara
410 1791 470 1822 tua
493 1790 618 1822 sacta.»

121 1861 176 1894 35.
199 1861 255 1894 36.
289 1863 477 1903 Remumque
494 1864 659 1906 prudens]
685 1873 773 1896 are-

78 1919 160 1943 rum
190 1910 345 1944 civilium
374 1911 652 1954 bellicarumque
674 1914 771 1954 peri-

78 1959 171 1992 tus.»
188 1978 226 1984 -
249 1960 366 2003 dubiis]
390 1970 497 2003 saepe
519 1962 615 1994 idem
634 1963 708 1995 fere
729 1971 772 1995 ac

78 2008 214 2042 umbus
228 2009 422 2043 adversis.»
446 2012 527 2043 Tac.
545 2013 634 2043 Ann.
650 2013 662 2043 4
680 2037 687 2050 ,
702 2011 744 2044 64
760 2022 767 2043 2

78 2059 230 2091 Caecina
257 2061 478 2092 mandarum
518 2061 772 2102 ambimur-um-

77 2117 141 2148 que
171 2117 288 2141 ronam
318 2110 423 2141 scions
455 2118 557 2148 eoque
586 2110 768 2142 intem-itus.

77 2156 211 2189 Referri
230 2157 299 2189 hoc
323 2166 408 2190 sane
423 2160 540 2199 potest
554 2158 768 2199 acl-cladem,

42 2219 50 2223 -
77 2213 187 2246 quam
215 2205 343 2239 Lollius
372 2207 408 2239 in
431 2209 616 2240 Germania
645 2217 771 2250 passus

77 2255 167 2286 erat.
192 2270 230 2277 —
270 2256 386 2287 Rectum
408 2257 597 2297 opponitur
618 2258 652 2289 ei
666 2283 673 2297 ,
710 2260 770 2298 qui

77 2302 124 2335 ad
156 2311 302 2336 omnem
334 2313 459 2336 casum
481 2305 634 2337 flectitur
663 2308 769 2346 atque

77 2351 298 2393 deprimitur.
345 2354 406 2385 Est
434 2354 556 2394 igitur:
599 2354 767 2394 «firmus,

77 2402 244 2433 constans
259 2401 398 2443 sibique
414 2411 557 2443 semper
577 2402 768 2443 aequalis.»

120 2473 175 2506 37.
200 2474 253 2507 38.
294 2476 435 2515 thdec]
476 2477 562 2517 «qui
584 2475 640 2508 vel
664 2476 769 2508 iudex

77 2522 135 2555 vel
147 2524 350 2564 provinciae
366 2533 512 2566 praeses
529 2533 654 2557 severe
669 2526 771 2567 punit

78 2570 220 2605 fraudes
242 2575 278 2606 et
299 2574 497 2613 avaritiam,
528 2575 604 2616 ipse
627 2583 769 2616 quoque

78 2630 99 2654 a
121 2623 252 2664 rapinis
273 2623 512 2655 abhorrebit.»
540 2640 575 2646 -
614 2624 772 2655 Ducentis

820 1199 866 1230 ad
891 1198 942 1239 se]
979 1200 1100 1232 «cuius
1139 1199 1315 1233 illecebris
1357 1201 1517 1244 plerique

822 1248 999 1280 ducuntur
1036 1250 1301 1291 transversique
1339 1253 1491 1292 aguntur
1505 1277 1514 1291 ‚

822 1306 905 1329 cum
918 1298 1123 1339 paucissimi
1140 1299 1180 1331 iis
1195 1300 1397 1331 resistant.»
1414 1301 1516 1340 Quod

821 1346 1036 1379 scholiastae
1062 1347 1254 1389 explicant:
1282 1351 1518 1383 «pecunioso-
1576 1352 1579 1353 ’

821 1405 901 1428 rum
927 1397 1083 1437 gratiam
1113 1398 1231 1429 cuncti
1264 1400 1488 1439 sequuntur»
1505 1425 1513 1439 ,

821 1446 856 1477 in
878 1455 934 1477 vv.
959 1447 1101 1487 proprie
1124 1456 1195 1479 non
1218 1448 1319 1479 inest.

864 1494 917 1526 39.
955 1495 1153 1537 Consulque]
1194 1497 1342 1538 «Optimi
1379 1497 1513 1538 quique

820 1544 1011 1584 scriptores
1041 1553 1111 1576 non
1139 1544 1240 1576 aliter
1269 1545 1448 1578 interdum
1470 1546 1516 1579 de

822 1593 939 1624 animo
962 1602 1071 1633 quam
1093 1593 1139 1625 de
1161 1602 1316 1635 persona
1349 1596 1517 1636 quapiam

820 1641 1052 1683 loquuntur.»
1084 1644 1206 1675 Bra-n..
1254 1645 1369 1684 Atque
1393 1653 1517 1677 exem-

821 1689 877 1731 pla
904 1690 999 1731 larga
1025 1700 1134 1723 manu
1149 1691 1194 1724 ab
1221 1701 1265 1724 eo
1286 1692 1432 1725 collecta
1457 1693 1519 1725 de-

822 1741 1019 1772 monstrant
1033 1741 1174 1772 Lafinos
1189 1741 1319 1774 dixisse
1335 1751 1342 1772 ;
1381 1742 1519 1774 Animus

822 1789 1032 1828 aestimator,
1067 1790 1243 1830 carnifex,
1277 1799 1410 1830 censor,
1441 1800 1518 1823 con-

821 1841 979 1877 temptor,
1015 1842 1211 1878 corruptor,
1247 1840 1415 1879 dominus,
1440 1840 1517 1872 libo-

820 1891 934 1926 rator,
979 1889 1204 1928 proscriptor,
1253 1892 1385 1928 rector,
1428 1898 1513 1929 reat,

820 1937 1025 1976 speculator,
1058 1937 1188 1978 quibus
1216 1937 1308 1969 adde
1336 1946 1380 1970 ex
1402 1939 1515 1970 Sene-

821 1995 864 2018 ca
886 1986 1068 2018 Phoeniss.
1104 1986 1167 2018 45:
1204 1987 1350 2018 desertor
1379 1988 1513 2025 animm

821 2045 865 2068 ex
898 2034 996 2067 Plinii
1029 2037 1157 2075 Paneg.
1198 2037 1262 2067 55:
1313 2039 1517 2076 contemnor

821 2084 1009 2116 ambitionis
1037 2087 1069 2115 et
1094 2084 1244 2125 infinitae
1264 2081 1444 2124 potestatis*
1459 2086 1517 2117 do-

819 2135 920 2166 mitor
942 2143 983 2165 ac
1004 2134 1157 2174 frenator
1178 2135 1310 2166 animus
1330 2135 1406 2174 ipsa
1425 2138 1517 2166 vetu-

819 2187 902 2215 state
925 2184 1091 2225 floreae-im
1117 2192 1161 2215 ex
1175 2182 1341 2215 Iuvenale
1358 2184 1412 2222 ⁴3,
1431 2183 1512 2216 ⁴95:

820 2234 952 2264 ananus
997 2235 1116 2264 tortor.
1184 2233 1360 2273 Mitigatur
1394 2234 1514 2265 autem

820 2282 942 2313 durior
962 2281 1052 2313 haec
1067 2281 1275 2326 metaphora
1291 2282 1424 2313 animus
1438 2291 1517 2314 con-

819 2331 871 2362 sul
891 2329 948 2362 vel
972 2339 1032 2369 eo,
1059 2330 1155 2371 quod
1170 2332 1338 2371 quattuor
1351 2329 1515 2363 versiculi

820 2381 1110 2420 interponuntur,
1147 2380 1195 2411 ita
1219 2380 1257 2411 ut
1278 2378 1391 2411 lector
1425 2378 1515 2412 illius

820 2428 971 2460 nominis
1014 2436 1126 2469 prope
1170 2427 1301 2460 oblitus
1353 2427 1514 2460 facillime

819 2476 1001 2518 suppleat:
1040 2479 1117 2517 «tu,
1152 2476 1256 2516 Lolli,
1280 2478 1395 2509 consul
1416 2486 1455 2510 es
1478 2478 1515 2509 et

819 2527 921 2557 iudex
955 2528 990 2558 et
1022 2526 1129 2558 victor
1167 2528 1236 2557 cet.
1297 2527 1385 2558 Nam
1423 2526 1513 2558 baec

820 2583 962 2616 quoque
985 2583 1083 2607 voce.
1108 2574 1266 2616 pendent
1280 2583 1300 2606 a
1316 2584 1349 2606 v.
1368 2575 1511 2614 animus,

820 2624 876 2655 cui
911 2623 1031 2655 itidem
1066 2624 1154 2655 altus
1192 2624 1299 2655 voltus
1335 2623 1510 2656 tribuitur.
