1722 2904
213 83 294 125 408

725 89 894 121 HORATII
918 89 1142 124 CARMINUM

437 192 530 234 Non
560 198 600 234 te
630 191 874 249 Penelopen
907 190 1120 237 difficilem
1149 195 1292 251 procis

553 272 797 329 Tyrrhenus
830 274 975 330 genuit
1003 288 1172 332 parens.

436 378 473 421 O
505 379 700 435 quamvis
730 393 871 436 neque
902 386 943 423 te
972 394 1151 423 munera
1179 393 1260 424 nec
1296 394 1448 438 preces

434 460 522 502 Nec
551 459 706 511 tinctus
736 459 848 520 viola
878 459 1013 518 pallor
1038 461 1271 504 amantium

436 540 524 582 Nec
553 540 618 581 vir
647 540 786 596 PiQia
815 540 968 597 pellice
1000 542 1174 601 saucius

1599 543 1652 586 ⁴5

551 621 726 688 Curxjat,
759 621 1025 679 supplicibus
1056 622 1140 665 tuis

435 729 611 777 Parcas,
646 742 727 771 nec
757 728 895 785 rigida
923 727 1092 771 mollior
1120 729 1294 773 aesculo

432 810 520 852 Nec
549 809 706 851 Mauris
738 809 926 852 animum
954 809 1096 852 mitior
1125 810 1350 868 anguibus.

433 891 525 932 Non
554 890 638 933 hoc
667 904 840 947 semper
870 890 951 932 erit
978 889 1141 934 liminis
1165 898 1238 935 aut
1265 905 1406 950 aquae

548 970 754 1014 Caelestis
783 970 951 1028 patiens
980 970 1102 1015 latus.

295 1080 346 1111 45.
372 1078 497 1118 paelice
525 1079 569 1117 B,
601 1078 706 1118 pelice
732 1078 865 1110 bSTcd.
900 1095 935 1101 —

251 1128 416 1161 omnibus
440 1129 569 1161 nostris
597 1128 723 1161 unicus
747 1129 961 1162 Graevianus
985 1127 1038 1171 (β)
1061 1130 1218 1171 agnoscit
1246 1130 1406 1163 mmmm.
1421 1142 1438 1158 ιι

1597 975 1652 1019 20

964 1079 1017 1112 48.
1043 1079 1155 1112 animo
1177 1079 1261 1112 ch.
1287 1080 1369 1122 (nou
1391 1079 1492 1122 BSd.)
1539 1081 1610 1115 «Ex

1483 1131 1606 1164 Bm.

254 1196 290 1202 —
318 1179 370 1210 49.
395 1178 481 1221 Non]
506 1179 574 1211 Nec
596 1179 622 1210 T
645 1177 741 1211 solus
763 1179 855 1211 inter
877 1187 990 1211 meos.

253 1272 305 1304 44.
322 1273 373 1304 42.
394 1272 573 1312 Penelopen
596 1272 679 1314 cet.]
702 1281 813 1313 «quae
830 1273 906 1304 iure
957 1275 1004 1304 tes
1015 1272 1133 1305 violas.
1151 1271 1317 1315 Calpurn.
1332 1272 1403 1306 Ecl.
1418 1273 1458 1314 9,
1476 1273 1537 1307 40:
1561 1274 1655 1308 ΕἸιοιι

211 1330 276 1354 suo
288 1322 448 1364 difficilis,
466 1331 591 1364 aspera
608 1323 684 1354 erat
697 1322 815 1363 procis
831 1330 910 1354 eos-

209 1380 278 1413 que
296 1381 366 1404 non
384 1372 459 1404 sine
477 1373 682 1414 contemptu
700 1380 719 1403 a
732 1381 770 1404 se
786 1380 908 1404 remo—

209 1421 328 1453 vebat.
357 1422 408 1453 Tu
429 1430 516 1454 vero
540 1422 638 1454 tenui
661 1430 700 1454 es
717 1423 793 1453 orta
808 1420 904 1460 loco,

208 1470 277 1503 filia
317 1472 453 1504 Etrusci
499 1471 644 1505 alicuius
689 1471 848 1504 advenae
865 1481 872 1510 ;
888 1483 904 1500 n

209 1521 407 1554 cuiusmodi
429 1522 591 1555 homines
612 1522 704 1554 inter
718 1521 783 1554 alia
800 1530 908 1563 quae-

208 1570 321 1603 sticuli
345 1579 476 1612 genera
505 1571 721 1604 exercebant
743 1571 907 1613 haruspi-

208 1620 324 1653 cinam
348 1620 621 1661 clandestinam,
647 1621 799 1654 hariolos
820 1630 906 1663 age—

207 1670 294 1703 bant
323 1672 391 1703 cet.
439 1673 628 1704 Praeterea
658 1671 795 1704 Etrusci
821 1680 907 1713 pro—

206 1722 286 1761 pter
318 1721 411 1753 vitae
447 1720 630 1754 mollitiem
661 1730 704 1753 ac
731 1720 906 1753 luxuriam

208 1769 332 1802 famosi
356 1772 467 1802 erant.
509 1771 578 1803 Cfr.
604 1771 731 1804 Athen.
758 1772 816 1811 ⁴2,
849 1770 902 1803 44.

209 1820 386 1860 Originem
402 1819 585 1853 dumtaxat
596 1822 710 1862 Lyces
726 1821 904 1859 extenuat,

210 1878 326 1910 neque
350 1868 445 1902 aliud
469 1871 561 1902 inest
574 1870 759 1912 probrum.
801 1870 907 1903 Cete-

208 1927 288 1950 rum
312 1919 358 1951 ita
382 1919 426 1951 de
452 1928 494 1952 ea
517 1919 688 1961 loquitur,
722 1922 906 1961 tamquam

208 1969 236 2000 si
260 1969 357 2001 diviti
379 1969 542 2002 libertino
566 1971 673 2011 nupta
691 1972 802 2011 esset,
827 1978 907 2002 ma-

208 2019 302 2051 xime
318 2022 464 2061 propter
479 2029 594 2052 nemus
609 2019 692 2052 illud
708 2029 741 2052 v.
761 2021 792 2052 6.
822 2021 908 2061 (Sin-

208 2068 336 2109 gularis
363 2069 561 2111 Penelopae
583 2078 729 2102 anseres
754 2078 907 2112 pascen-

208 2118 251 2150 tis
282 2119 398 2160 imago
430 2121 485 2152 est
517 2120 553 2152 in
581 2119 741 2151 Gerhard
771 2120 841 2161 Ges.
869 2129 904 2152 u.

210 2168 373 2200 Trinksch.
399 2169 437 2200 T.
462 2169 562 2210 XIII.)

253 2217 305 2250 ⁴4.
332 2219 452 2250 tinctus
471 2219 577 2260 viola]
610 2218 754 2251 «colore
778 2218 903 2259 violae,

208 2265 385 2300 λευκοΐου
409 2267 493 2300 lutei
517 2268 573 2300 vel
597 2268 677 2301 albi.
692 2280 708 2297 n
755 2268 905 2302 Achilles

208 2317 280 2348 Tat.
308 2317 339 2349 3.
363 2327 397 2359 p.
416 2318 467 2351 64.
487 2318 632 2351 Iacobs:
657 2314 748 2351 οὔτε
770 2315 815 2350 τὸ
830 2315 906 2351 τῶν

211 2363 427 2409 ὀφθαλμῶν
466 2363 589 2409 ἄνθος
629 2367 733 2401 ἐστὶν
770 2364 906 2414 ἀμέρι-

207 2426 324 2457 μνον,
361 2413 440 2448 ἀλλ’
466 2414 568 2450 ἔοικε
602 2421 683 2459 τοῖς
711 2413 799 2464 ἄρτι
828 2429 905 2461 μα-

206 2466 449 2510 ραινομένοις
478 2465 563 2508 ιἴοις.
612 2469 759 2509 Egregie
790 2469 905 2500 imita-

207 2516 262 2547 tus
294 2517 348 2548 est
377 2518 541 2549 Petrai-ca
572 2518 650 2549 Son.
682 2519 707 2549 1.
735 2517 816 2550 487:
857 2519 906 2550 Un

204 2565 314 2603 pallor
337 2566 371 2597 di
392 2566 482 2597 viola
503 2575 520 2598 e
543 2567 676 2599 d’amor
697 2569 788 2599 tinto.
831 2568 901 2600 Cfr.

208 2614 306 2645 Voss.
335 2614 379 2646 ad
404 2615 495 2656 Virg.
523 2615 593 2648 Ecl.
614 2617 650 2656 2,
677 2616 736 2650 47:
771 2617 905 2658 Pallen-

957 1322 1051 1354 nulla
1064 1331 1158 1355 meae
1171 1325 1203 1355 te
1215 1323 1324 1365 tanqu
1336 1332 1422 1356 oum
1435 1323 1564 1363 saluti&
1579 1324 1655 1356 Pal-

957 1372 1056 1404 lidior
1075 1371 1164 1405 bucco
1177 1373 1350 1412 violaeque
1362 1373 1549 1406 simillimus
1562 1382 1651 1406 erro.

957 1421 1080 1454 Tibull.
1099 1422 1131 1462 4,
1149 1422 1182 1463 8,
1199 1423 1258 1455 52:
1283 1422 1349 1455 Soa
1361 1423 1484 1455 nimius
1498 1423 1568 1456 luto
1581 1432 1655 1456 cor—

951 1480 1043 1511 pora
1063 1471 1163 1513 tingit
1179 1480 1287 1504 amor.
1325 1472 1516 1513 Cynthium
1534 1473 1655 1505 mltos

951 1521 1080 1561 pallere
1102 1520 1228 1553 colores
1241 1521 1328 1554 dixit
1341 1523 1446 1563 Prop.
1464 1522 1496 1561 4,
1514 1522 1573 1562 45,
1595 1521 1651 1554 39.

1001 1571 1054 1603 45.
1081 1570 1134 1603 46.
1160 1571 1304 1612 meria]
1327 1570 1567 1604 Macedonica.
1590 1571 1654 1604 Di-

957 1622 1054 1653 ctum
1077 1622 1134 1653 est
1154 1622 1194 1654 ut
1217 1621 1368 1661 messa,
1400 1621 1518 1654 crema
1538 1629 1582 1654 ac
1603 1621 1654 1655 si-

956 1670 1050 1703 milia
1085 1671 1130 1704 de
1165 1670 1287 1704 talium
1316 1670 1560 1704 libertinarum
1585 1679 1653 1713 pa-

956 1721 1039 1761 tria,
1064 1730 1182 1762 neque
1205 1721 1304 1761 ideo,
1337 1719 1435 1762 quod
1457 1720 1571 1753 Pieria
1592 1728 1653 1753 se-

956 1771 1021 1803 des
1044 1772 1099 1803 est
1119 1771 1318 1810 Musarum,
1343 1778 1427 1803 cum
1449 1768 1526 1803 aliis
1540 1770 1653 1802 inter-

955 1820 1170 1863 pretandum
1203 1822 1258 1853 est
1290 1820 1336 1852 de
1374 1819 1512 1853 musica
1548 1818 1652 1852 huius

955 1869 1108 1916 ἑταίρας
1141 1871 1229 1902 arte.
1264 1887 1301 1893 —-
1329 1869 1474 1911 smus]
1510 1877 1650 1909 amore,

955 1921 994 1952 ut
1007 1920 1102 1961 Virg.
1119 1921 1206 1952 Aen.
1225 1918 1262 1959 4,
1281 1919 1312 1951 4.
1329 1937 1366 1942 -
1381 1918 1518 1961 θωνα]
1535 1919 1648 1952 Sensu

956 1970 1105 2012 figurato
1119 1969 1155 2001 h.
1169 1968 1192 2001 l.
1207 1968 1356 2002 fortasse
1367 1969 1490 2002 unico:
1509 1967 1576 2001 «ad
1589 1968 1655 2001 mi-

956 2019 1186 2053 sericordiam
1200 2019 1330 2058 flectit,
1353 2019 1508 2051 movet..
1534 2019 1653 2051 Nexus

957 2070 1078 2103 autem
1089 2069 1346 2102 sententIarum
1353 2068 1412 2101 hic
1423 2068 1493 2101 est:
1503 2068 1654 2108 «Quam-

956 2128 1064 2162 quam
1080 2119 1218 2151 hwmcmi
1239 2117 1324 2151 nihil
1351 2120 1387 2151 te
1418 2117 1470 2151 ad.
1492 2125 1672 2151 amorem.

956 2170 1084 2210 flectit,
1108 2170 1228 2202 tamen
1242 2168 1351 2202 veluti
1370 2170 1434 2202 aa
1458 2169 1649 2207 miserere,
1709 2219 1718 2223 -

955 2229 1094 2263 precor,
1119 2219 1287 2252 amatoris
1308 2219 1360 2251 tui
1381 2217 1584 2261 supplicis.»

1001 2270 1117 2303 ⁴8-20.
1141 2269 1274 2303 Mami-s
1285 2286 1327 2293 --
1341 2268 1518 2311 anguibus]
1531 2269 1573 2301 ut
1585 2267 1649 2301 Od.

957 2321 995 2361 4,
1018 2320 1079 2360 22,
1103 2320 1144 2352 2:
1177 2319 1309 2352 Mauris
1329 2317 1458 2351 iacusss.
1484 2316 1653 2350 -Non-

955 2369 1093 2411 semper]
1118 2370 1260 2410 «ltaque
1287 2367 1366 2408 fiet,
1397 2369 1438 2400 ut
1466 2375 1553 2410 prae
1574 2367 1652 2399 tae—

956 2419 1014 2451 dio
1030 2417 1219 2460 aliquando
1240 2419 1276 2450 te
1299 2417 1501 2450 deseram.»
1525 2434 1563 2440 -
1579 2415 1650 2457 hoc]

957 2477 1133 2501 «meum».
1158 2466 1237 2499 vid.
1256 2466 1303 2499 ad
1324 2466 1394 2499 Sat.
1414 2467 1428 2499 4
1445 2491 1452 2507 ,
1477 2466 1515 2506 9,
1528 2464 1594 2499 47.
1611 2480 1647 2488 -

955 2517 1195 2560 liminisjnimis
1226 2516 1316 2550 duri.
1344 2534 1381 2539 —
1405 2523 1517 2556 aquae
1538 2513 1652 2548 caelo—

954 2567 1021 2609 stis]
1046 2567 1134 2609 Epp.
1157 2567 1195 2606 2,
1222 2567 1259 2606 4,
1285 2566 1367 2599 ⁴35:
1404 2565 1562 2599 Caelottoe
1581 2563 1650 2596 im—

948 2617 1065 2657 plorat
1088 2625 1205 2658 aqua-³.
