1722 2904
166 102 248 144 478

673 91 843 126 HORATII
868 87 1093 123 CARMlNUM

338 203 380 247 Si
411 215 496 244 non
527 197 737 256 supplicio
769 194 895 251 culpa
924 190 1148 238 reciditur,

283 283 396 336 Quid
426 282 544 339 leges
575 279 667 322 sine
697 275 890 320 moribus

1564 264 1618 305 35

342 367 483 409 Vanae
513 359 760 419 proficiunt,
794 356 829 399 si
861 366 1003 410 neque
1036 349 1210 393 fervidis

286 474 390 515 Pars
422 468 588 512 inclusa
617 462 833 508 caloribus

343 549 488 593 Mundi
523 561 603 590 nec
634 547 798 588 Boreae
827 541 1053 584 finitimum
1082 537 1192 579 latus

290 634 566 686 Durataeque
597 626 689 670 solo
719 625 841 666 nives

347 713 628 755 Mercatorem
659 705 853 762 abigunt,
887 699 1063 743 horrida
1093 695 1233 741 callidi

269 858 322 890 39.
348 856 426 897 solo]
451 854 526 896 qelu
548 850 728 885 Bentleius
753 847 844 880 coni.

184 982 424 1025 dignationem
435 978 538 1010 valde
554 976 777 1017 impetuosae
794 970 888 1004 clau-

187 1032 285 1066 sulae
298 1030 459 1073 poeticae
473 1053 479 1067 ‚
499 1034 608 1068 quam
623 1031 739 1066 nuper
753 1029 890 1054 nonne-

186 1092 246 1115 mo
269 1081 399 1113 misere
421 1079 472 1110 sic
495 1074 701 1116 discerpsit:
735 1071 822 1113 Quid
837 1087 856 1093 —
870 1087 889 1093 -

185 1128 386 1174 proficiwnt?
409 1128 446 1160 Si
457 1145 476 1150 —
487 1144 506 1150 -
518 1125 675 1167 abigunt,
692 1122 832 1154 horrida
844 1136 890 1142 --

187 1182 322 1214 navitae
334 1189 345 1211 .·
375 1179 541 1219 Magnum
559 1194 579 1199 -
600 1193 620 1198 -
640 1174 780 1206 arduae.
802 1170 889 1212 (sine

191 1232 360 1270 interrog.
380 1227 506 1270 signo.)
527 1244 563 1248 —
588 1222 760 1264 reciditur]
784 1218 893 1253 veluti

193 1281 294 1314 ulcus
310 1276 517 1311 insanabile.
540 1294 575 1298 —
596 1273 682 1315 Quid
696 1271 791 1313 leges]
810 1270 895 1301 «Le-

191 1339 253 1373 ges
269 1330 387 1361 irritae
411 1326 576 1364 manent,
603 1323 670 1356 nisi
692 1329 817 1354 earum
839 1327 895 1350 se-

191 1379 331 1413 veritati
351 1377 482 1410 civium
498 1382 619 1407 mores
637 1369 892 1413 respondent.»

194 1433 201 1467 i
207 1429 317 1469 «Quid
332 1428 428 1469 leges
444 1424 653 1468 proficiunt,
671 1429 764 1463 quae
779 1426 894 1450 vanae

195 1481 277 1513 sunt
306 1479 381 1511 sine
405 1474 583 1513 moribus,
623 1479 714 1513 quos
744 1468 896 1501 eaedem

195 1526 490 1572 praescribunt‘h
538 1524 589 1555 DF.
613 1522 708 1554 Roor
730 1519 777 1551 ad
802 1518 897 1551 Mar-

196 1578 266 1612 tial.
292 1587 327 1620 p.
353 1575 421 1616 72.)
444 1593 480 1597 —
505 1573 534 1604 si
555 1570 670 1612 neque]
695 1570 793 1602 Hanc
816 1575 899 1599 sen-

198 1629 367 1662 tentiam:
395 1624 445 1657 «si
467 1619 674 1655 insatiabilis
697 1618 786 1651 lucri
802 1616 898 1658 cupi-

199 1679 245 1711 do
262 1684 388 1709 omnes
404 1676 628 1706 transversos
653 1669 763 1710 agitp»
790 1666 898 1698 variis

200 1725 410 1769 imaginibus
435 1723 599 1756 exornat:
637 1718 900 1751 «mercatorem

202 1787 272 1811 non
288 1774 467 1808 absterret
482 1781 502 1804 a
516 1772 668 1812 quaestu
683 1774 904 1810 persequen-

202 1828 248 1860 do
279 1834 347 1859 nec
377 1822 510 1856 torrida
533 1828 651 1861 neque
675 1817 791 1860 gelida
813 1823 903 1848 zona

205 1878 296 1910 cet.»
336 1893 372 1897 -
409 1873 537 1905 Boreae
568 1867 761 1912 finitimum]
802 1864 902 1898 Ovid.

204 1927 346 1959 Metam.
374 1924 412 1963 4,
438 1921 503 1954 64:
530 1919 701 1959 Scythiam
722 1919 907 1957 septemque

207 1973 347 2008 trionem
362 1971 516 2012 Horrifer
539 1969 662 2001 invasit
677 1968 802 1999 Boreas
813 1990 820 2004 ‚
844 1963 907 1995 ubi

205 2025 401 2068 perpetuae
425 2021 526 2053 nives
549 2019 648 2057 sunt,
673 2017 709 2048 in
732 2014 808 2047 solo
825 2022 909 2045 con-

207 2074 354 2117 gelatae.
383 2091 418 2095 —
437 2072 654 2108 Durataeque
672 2065 756 2107 solo]
773 2063 906 2096 Tatian.

209 2125 289 2158 adv.
317 2122 448 2155 Gentes
471 2120 537 2151 20:
579 2117 619 2149 οἱ
639 2113 708 2156 τὰς
740 2122 910 2159 γεωγρα-

209 2176 303 2216 φίας
326 2167 609 2211 ἐκπονήσαντες
631 2161 843 2213 ᾗτιάσαντο
858 2181 878 2187 -
892 2179 912 2185 -

209 2223 336 2257 τόπων
370 2220 442 2264 μὲν
464 2216 510 2252 τὸ
535 2214 726 2263 ἔκπυρον,
761 2210 837 2246 τῶν
870 2210 911 2243 δὲ

212 2272 256 2307 τὸ
291 2268 449 2318 ψυχρὸν
494 2269 560 2301 καὶ
604 2259 910 2306 διαπεπηγός.

215 2325 357 2362 «Nives,
378 2329 469 2363 quae
486 2319 642 2361 primum
658 2316 781 2358 putres
798 2316 911 2352 erant,

215 2372 294 2415 gelu
329 2370 518 2403 adstrictae
553 2367 701 2400 firmiter
736 2364 804 2396 illic
839 2361 914 2394 solo

216 2422 444 2455 adhaerent.»
491 2419 567 2451 Solo
582 2426 647 2459 pro
673 2415 727 2446 «in
751 2413 844 2452 solo,
871 2411 916 2443 ad

218 2471 385 2504 solum.»-
425 2468 603 2510 Significat
637 2474 698 2498 eas
733 2470 917 2504 nunquam

218 2521 323 2560 solvi,
358 2522 398 2552 ut
431 2520 470 2551 fit
502 2519 536 2550 in
565 2515 746 2549 Helvetiae
779 2511 917 2554 alpibus

219 2570 434 2612 glacialibus.
460 2570 548 2600 Prae
565 2566 632 2598 hac
647 2563 800 2604 imagine
816 2561 920 2594 Bent-

220 2622 277 2654 leii
310 2620 395 2652 illud
427 2618 503 2660 ⁸qelu
537 2616 689 2649 otiosum
718 2613 851 2645 manet.
881 2628 916 2633 -

222 2671 336 2702 callidi
362 2688 380 2692 —
406 2687 423 2692 -
454 2665 609 2706 navitae]
659 2677 677 2693 ιι
688 2660 919 2703 navigationis

1575 691 1630 732 40

937 969 1028 1001 adeo
1057 966 1177 1009 periti,
1211 965 1251 996 ut
1281 961 1486 996 discrimina
1515 967 1636 992 rerum
1661 988 1666 991 .

937 1028 979 1051 ac
1002 1015 1184 1057 naufragia
1206 1013 1418 1057 plerumque
1442 1009 1635 1043 devitent.»

939 1068 1010 1101 Cfr.
1035 1068 1123 1108 Epp.
1149 1066 1181 1105 4,
1208 1066 1244 1104 ⁴,
1269 1063 1324 1096 45.

983 1142 1025 1175 42
1041 1159 1060 1165 -
1075 1139 1129 1174 44.
1153 1139 1318 1180 Maynwm
1332 1135 1415 1177 cet]
1438 1134 1572 1176 Repete
1596 1140 1639 1164 ex

939 1190 1131 1234 praecedd.
1159 1189 1198 1221 si.
1223 1187 1343 1228 Eurip.
1371 1184 1423 1218 El.
1452 1184 1533 1216 375:
1558 1177 1640 1220 ἔχει

940 1239 1060 1274 νόσον
1083 1239 1223 1278 Πενία,
1261 1233 1434 1269 διδάσκει
1463 1231 1495 1265 δ’
1518 1227 1643 1277 ἄνδρα

941 1288 988 1338 τῇ
1016 1290 1127 1336 χρείᾳ
1152 1284 1286 1320 κακόν.
1318 1285 1451 1318 Lucian
1465 1283 1511 1315 de
1528 1290 1640 1314 merc.

944 1341 1050 1374 cond.
1068 1349 1104 1381 p.
1122 1339 1206 1371 7⁴7:
1245 1336 1366 1368 Πενία
1380 1330 1506 1366 πάντα
1521 1332 1645 1364 ποιεῖν

943 1391 1007 1423 καὶ
1050 1386 1215 1427 πάσχειν
1260 1381 1529 1418 ἀναπείθουσα
1542 1406 1552 1422 ,
1592 1377 1645 1421 ὥς

943 1439 1108 1483 ἐκφύγοι
1129 1447 1187 1478 τις
1209 1432 1342 1479 αὐτήν.
1369 1434 1441 1468 Cfr.
1461 1434 1533 1465 Sat.
1551 1432 1591 1472 2,
1610 1431 1644 1471 3,

945 1492 1000 1524 9⁴.
1038 1508 1075 1513 —-
1107 1487 1312 1522 Virtutis--
1327 1483 1477 1526 arduae]
1513 1489 1648 1523 «quam

946 1540 1063 1573 colere
1080 1547 1140 1571 res
1157 1539 1212 1570 est
1237 1534 1421 1569 difficilis.»
1463 1533 1546 1565 Sine
1562 1539 1649 1564 cau—

945 1600 986 1624 sa
1000 1589 1175 1631 volgatius
1195 1587 1290 1619 viwm
1312 1582 1477 1627 (Virtutis)
1503 1582 1651 1614 arduam

947 1650 991 1674 ex
1015 1638 1159 1673 Hesiodi
1181 1638 1219 1670 E.
1243 1636 1321 1669 287.
1353 1633 1510 1667 malebat
1540 1632 1647 1664 Lam-

946 1691 1065 1723 binus.
1095 1689 1180 1721 Stat.
1205 1685 1316 1719 Theb.
1343 1684 1403 1724 ⁴0,
1429 1681 1516 1716 845:
1555 1681 1644 1719 Hac,

950 1740 1016 1781 ait,
1039 1740 1076 1771 in
1100 1737 1244 1776 Thebas,
1273 1735 1337 1766 hac
1358 1741 1412 1766 me
1432 1732 1521 1764 iubet
1542 1730 1654 1763 ardua

950 1791 1058 1823 virtus
1071 1789 1135 1821 Ire.
1157 1805 1194 1810 —
1212 1783 1341 1826 deserit]
1365 1781 1559 1823 Resumpto
1575 1787 1655 1811 ver-

952 1841 1000 1873 bo
1035 1838 1133 1870 finito
1164 1834 1275 1868 multo
1308 1831 1488 1866 efficacior
1510 1830 1550 1862 fit
1571 1837 1656 1862 sen-

954 1889 1064 1922 tentia
1087 1886 1292 1929 gratiusque
1307 1882 1465 1915 variatur
1488 1879 1564 1912 eius
1588 1877 1657 1910 for-

955 1947 1014 1972 ma
1049 1945 1159 1978 quam
1202 1934 1232 1967 si
1272 1941 1316 1964 ex
1349 1929 1483 1972 volgari
1519 1927 1655 1960 ratione

957 1985 1202 2021 continuasset
1233 1981 1440 2020 infinitivos‚
1487 1977 1576 2010 iubet
1597 1994 1616 2000 —
1639 1993 1659 1999 -

957 2039 1115 2070 deserere.
1163 2033 1354 2066 Praeterea
1375 2028 1534 2072 prudens
1558 2026 1660 2059 devi-

959 2088 1046 2120 tavit
1075 2085 1252 2126 ingratum
1282 2087 1499 2113 concursum
1521 2076 1658 2110 litterae

960 2137 1107 2170 caninae
1130 2135 1278 2166 deserere
1299 2131 1440 2163 arduae.

1004 2211 1059 2244 45.
1085 2209 1140 2242 46.
1168 2207 1223 2240 Vel
1244 2206 1314 2248 nos]
1339 2206 1415 2237 lam
1429 2204 1468 2235 ut
1487 2202 1523 2234 in
1537 2199 1661 2243 Epodo

961 2261 1047 2294 XVI.
1083 2258 1230 2291 unicum
1264 2255 1438 2287 adversus
1472 2250 1663 2285 imminen—

963 2313 1037 2343 tem
1053 2307 1251 2351 perniciem
1267 2303 1468 2337 remedium
1484 2302 1521 2333 in
1535 2309 1579 2332 eo
1601 2307 1665 2341 po-

963 2362 1032 2400 nit,
1056 2361 1096 2391 ut
1116 2357 1239 2390 relicta
1261 2354 1358 2387 Italia
1380 2351 1549 2385 meliores
1565 2349 1663 2382 cives

965 2411 1046 2451 fuga
1069 2407 1193 2450 petant
1214 2401 1406 2438 Beatorum
1429 2399 1581 2439 insulas,
1617 2398 1666 2430 ita

966 2461 1023 2492 hic
1046 2456 1150 2491 simili
1172 2455 1308 2497 impetu
1330 2452 1470 2494 poetico
1497 2448 1667 2490 abreptus

968 2508 1112 2547 suadet,
1138 2507 1178 2538 ut
1200 2511 1374 2546 generoso
1398 2499 1542 2534 consilio
1562 2498 1666 2539 capto

969 2559 1111 2592 divitiae
1136 2563 1261 2588 omnes
1285 2551 1376 2585 illico
1399 2552 1506 2592 atque
1530 2549 1566 2581 in
1588 2554 1670 2589 per-

970 2609 1118 2651 petuum
1134 2601 1363 2637 aboleantur.'
1395 2600 1438 2633 Et
1461 2599 1497 2631 id
1521 2595 1669 2639 quidem

971 2657 1112 2690 duobus
1146 2654 1282 2692 modis,
1322 2652 1413 2683 inter
1442 2656 1531 2690 quos
1554 2653 1670 2688 popu-
