1722 2904
530 421 835 493 QHORATII
853 419 1063 483 FLAGGI

396 563 1216 687 CARMINUM

593 765 747 808 LIBER
775 762 1030 816 QUARTUS.

614 985 1013 1028 cml-

206 1109 452 1153 lntermissa
462 1142 471 1156 ,
503 1108 667 1157 Venus,
699 1106 773 1149 diu

261 1191 425 1233 Rursus
455 1187 568 1232 bella
595 1186 777 1230 moves?
806 1187 961 1235 Parce,
993 1198 1167 1242 precor,
1199 1197 1365 1241 precor.

206 1272 300 1314 Non
329 1284 424 1313 sum
453 1267 593 1326 qualis
622 1281 742 1311 eram
771 1266 911 1310 bonae

179 1392 206 1423 1.
236 1391 346 1422 inser.
371 1387 463 1430 volg.
487 1387 538 1420 Aa
563 1388 727 1420 Venerem.
757 1403 793 1410 —-
829 1385 1029 1428 Aueqoricos
1051 1393 1075 1416 a
1096 1393 1130 1416 se
1152 1384 1302 1426 amoma!
1322 1393 1366 1416 ex
1388 1385 1494 1417 inter-

135 1440 234 1473 misso
253 1439 354 1472 sor-’bi
375 1438 530 1471 camina
551 1438 597 1469 ad
622 1437 776 1469 Venerem
796 1435 835 1467 B.
864 1452 899 1456 ——
924 1433 976 1466 Aa
996 1433 1138 1466 Fabium
1158 1434 1349 1466 Nurimum
1367 1432 1425 1465 hc.

137 1546 163 1577 1.
188 1543 410 1586 Respondet,
434 1544 475 1575 ut
496 1543 542 1574 ita
570 1541 708 1580 dicam,
732 1540 790 1572 Li-

94 1594 149 1627 bri
165 1594 197 1626 3.
224 1594 370 1626 carmini
384 1593 440 1625 26.
474 1592 587 1624 «Cum
613 1590 674 1623 diu
698 1589 791 1622 liber

93 1644 242 1678 fuissem
275 1642 321 1675 ab
354 1641 538 1674 amoribus
553 1666 561 1681 ,
591 1648 716 1672 rursus
738 1641 788 1679 tu,

93 1693 214 1724 Venus
228 1717 238 1732 ,
278 1700 338 1724 me
366 1692 552 1733 impugnas
585 1697 789 1730 novumque

94 1750 256 1774 amorem
277 1741 365 1774 mihi
388 1741 554 1782 inspiras,
586 1741 623 1772 et
644 1738 790 1780 quidem

94 1791 281 1833 Ligurini.»
315 1790 456 1832 Sappho
486 1789 599 1830 Bergk
630 1797 666 1830 p.
702 1787 787 1820 609:

84 1836 200 1887 Ἔρος
219 1834 336 1883 emir&
356 1841 396 1882 μ’
421 1835 444 1871 ὃ
466 1836 674 1880 λυσιμέλης
687 1834 792 1869 δύνει

95 1889 324 1931 (schneidew.
336 1887 466 1931 δονεῖ).
482 1888 694 1928 Neutiquam
705 1895 791 1918 vero

94 1940 163 1972 hoc
203 1938 307 1979 dicit,
361 1947 443 1971 sese
480 1937 683 1970 renuntiare
720 1936 791 1968 iam

93 1989 195 2032 poesi
227 1989 334 2029 atque
368 1986 487 2020 Paullo
515 1986 657 2019 tradere
688 1993 790 2017 suam

94 2036 227 2080 lyram,
251 2038 291 2069 ut
312 2036 492 2070 contendit
507 2035 719 2068 novissimus
740 2035 792 2066 in-

94 2090 244 2129 tex-pres.
290 2087 458 2119 Ceterum
491 2085 556 2118 cfr.
590 2083 791 2117 Archilochi

94 2138 150 2170 Fr.
167 2137 221 2169 72.
233 2162 241 2176 ,
265 2135 442 2169 Alcmanis
459 2136 514 2167 Fr.
533 2135 586 2167 47.
598 2159 606 2174 ,
623 2133 722 2174 Ibyci
734 2133 787 2165 Fr.

93 2188 128 2220 2.
163 2185 419 2228 (Compositum
448 2185 503 2217 est
525 2192 668 2216 carmen
700 2183 792 2214 inter

96 2244 206 2269 annos
232 2234 296 2266 739
327 2252 347 2258 -
373 2252 392 2257 -
418 2233 494 2266 74⁴.
521 2241 556 2264 v.
587 2232 722 2264 Franke
752 2240 787 2273 p.

94 2285 171 2318 207.
196 2283 251 2316 Ad
265 2293 297 2315 a.
314 2283 390 2316 738.
415 2282 523 2315 refert
538 2281 753 2322 Grotefend.)

139 2334 170 2365 4.
206 2334 239 2365 2.
284 2332 491 2373 Intermissa]
526 2332 567 2363 V.
601 2331 791 2363 intermissa

96 2383 178 2425 post
208 2382 426 2423 Stephanum
456 2379 635 2413 Bentleius
665 2388 789 2412 rursus

97 2433 195 2464 recte
217 2430 349 2463 rettulit
371 2430 416 2462 ad
439 2439 473 2462 v.
491 2430 592 2469 bella,
618 2438 701 2462 cum
716 2428 791 2470 ple-

95 2482 198 2522 rique
210 2481 406 2513 iuuxissent
416 2480 605 2512 intermissa
617 2479 733 2510 Venus.
750 2494 786 2501 —

99 2531 203 2562 «Post
230 2538 340 2562 moves
361 2538 432 2562 non
453 2530 625 2571 punctum
648 2527 713 2560 sed
735 2528 790 2560 in-

98 2578 298 2620 terrogandi
329 2579 467 2619 signum
493 2577 699 2619 ponendum
721 2578 787 2609 est.

100 2629 238 2661 Etenim
273 2629 377 2670 poeta
409 2628 528 2660 narrat
559 2635 660 2669 rem,
697 2635 788 2668 quae

841 1541 938 1572 certa
956 1538 1103 1580 quidem
1118 1539 1204 1571 etin
1221 1538 1313 1571 facto
1328 1539 1443 1580 posita
1468 1540 1535 1579 est,

840 1588 906 1620 sed
929 1589 1073 1629 praeter
1088 1588 1395 1630 exspectationem
1418 1589 1537 1621 tamen

839 1638 981 1670 accidit.
1033 1638 1178 1670 Miratur
1211 1638 1316 1678 igitur
1347 1636 1416 1669 tale
1451 1637 1537 1679 quid

839 1686 916 1719 fieri
930 1687 1089 1728 potuisse
1100 1712 1108 1726 ,
1134 1695 1218 1719 cum
1232 1688 1348 1719 aetate
1365 1687 1436 1719 iam
1451 1695 1538 1728 pro-

838 1737 975 1768 vectior
1006 1737 1063 1768 sit.
1110 1736 1245 1768 Eadem
1274 1736 1363 1768 ratio
1393 1737 1448 1768 est
1470 1735 1534 1768 Od.

841 1786 1007 1826 ⁴,28,6.
1032 1786 1144 1826 29,5.
1170 1785 1425 1828 Epp.t‚l,3.
1451 1784 1535 1825 2,3,

840 1835 939 1868 382.»
963 1836 1057 1867 [ΑΗΚ.
1086 1853 1123 1858 -
1152 1835 1236 1867 bella
1256 1836 1377 1867 autem
1401 1843 1446 1867 ex
1465 1834 1539 1867 fre-

840 1885 963 1926 quenti
996 1884 1222 1918 similitudine
1257 1885 1293 1916 in
1327 1883 1534 1923 amoribus;

839 1934 934 1967 unde
964 1935 1071 1967 etiam
1093 1935 1258 1975 Agathias
1280 1934 1386 1966 Anth.
1411 1932 1483 1966 Pal.
1508 1935 1535 1965 1.

838 1993 875 2026 p.
901 1985 987 2016 ⁴77:
1032 1981 1160 2029 Κύπρι
1191 1979 1465 2029 τροπαιοφόρε.
1498 2001 1534 2005 -

837 2033 952 2075 Parce]
976 2033 1077 2066 Conf.
1102 2032 1166 2065 Od.
1191 2033 1227 2072 2,
1253 2032 1315 2072 ⁴9,
1340 2032 1374 2064 7.

883 2082 915 2115 3.
943 2082 976 2115 4.
1004 2083 1080 2114 Non
1095 2091 1169 2114 snm»
1184 2081 1535 2123 quatis1Epp.4,⁴,

839 2131 1534 2170 thoneademestmens,nonaetas.

840 2181 911 2214 Cfr.
922 2180 986 2213 Od.
998 2180 1030 2220 3,
1047 2180 1164 2220 ⁴4,27.
1178 2199 1215 2204 -
1228 2179 1410 2212 bonaesub
1420 2179 1535 2222 regno]

841 2239 953 2272 «quae
984 2231 1060 2262 tam
1081 2230 1166 2262 mite
1189 2230 1323 2262 amoris
1345 2229 1536 2271 imperium

839 2281 875 2312 in
890 2289 949 2313 me
966 2279 1189 2312 exercebat.»
1206 2278 1327 2318 bonae,
1344 2279 1368 2310 i.
1382 2287 1415 2311 e.
1432 2287 1537 2320 «pro-

839 2329 908 2362 bae
920 2355 928 2370 ,
953 2330 990 2362 in
1004 2337 1062 2361 me
1078 2329 1224 2361 minime
1240 2336 1368 2360 avarae
1384 2353 1391 2367 ,
1417 2336 1535 2367 neque

839 2387 989 2412 munera
1012 2378 1219 2420 captantis.»
1259 2377 1334 2410 Tib.
1352 2377 1391 2416 2,
1410 2376 1449 2416 4,
1466 2376 1509 2409 45
1526 2386 1532 2407 2

839 2429 882 2461 At
903 2428 990 2460 bona
1003 2453 1012 2467 ‚
1055 2436 1143 2467 quae
1162 2436 1223 2459 nec
1245 2436 1355 2459 avara
1375 2426 1441 2467 fuit
1463 2427 1531 2458 cet.

840 2477 910 2510 Cfr.
949 2478 1122 2519 imprimis
1165 2477 1253 2518 Epp.
1292 2477 1329 2515 ⁴,
1367 2475 1430 2514 ⁴4,
1467 2474 1532 2507 33:

840 2528 943 2567 Quem
975 2527 1038 2559 scis
1068 2527 1248 2559 irnmunem
1282 2525 1428 2558 Cinarae
1454 2524 1535 2564 pla-

838 2577 942 2609 wisse
962 2577 1081 2617 rapaci
1112 2575 1295 2617 (adversus
1323 2573 1410 2606 alios
1433 2582 1534 2605 ama-

839 2627 952 2666 tores,
979 2630 1066 2667 ergav
1085 2633 1143 2658 me
1168 2623 1297 2666 bonae).
1323 2624 1400 2656 Non
1416 2622 1532 2664 potest
