1722 2904
609 62 743 96 Lmen.
790 63 920 96 cm.
943 41 986 95 11ss

285 166 538 224 Positosque
568 179 743 216 vernas,
776 165 876 209 ditis
906 179 1087 210 examen
1117 165 1291 216 domus²

1420 62 1503 104 659

1449 169 1502 210 65

342 247 512 291 Circum
541 246 787 291 renidentes
815 247 973 290 Lares!

284 329 401 371 Haec
429 327 503 370 ubi
533 327 701 371 locutus
729 328 943 372 fenerator
970 327 1124 377 Alfius,

341 409 429 450 Iam
459 408 544 451 iam
572 408 739 452 futurus
770 408 966 458 rusticus,

288 490 472 532 Omnem
501 488 668 544 redegit
696 487 842 532 Idibus
871 489 1125 545 pecuniam,

342 569 521 620 Quaerit
550 568 755 612 Kalendis
786 582 961 626 ponere.

150 688 204 720 67.
227 687 363 728 Αιριιιω
384 687 553 727 bc‚1.CtF,

1450 572 1504 612 70

580 688 696 729 (Alfius
718 688 827 720 ceteri
850 688 946 728 mei.)
975 706 1010 709 —
1044 688 1097 719 69.
1122 687 1238 729 relegit
1260 687 1343 727 bed,
1371 690 1461 722 Pott.

106 737 281 778 quinque,
307 737 347 769 Lt
371 737 453 778 (non
476 737 515 776 S,
540 736 661 768 Bland.
687 744 835 775 omues,
860 734 983 778 βγιν).
1012 753 1047 759 —-
1080 737 1133 768 70.
1160 736 1317 769 Kalendis
1338 738 1463 780 scripsi

107 794 188 818 cum
210 784 293 818 bSc.

64 899 144 923 cam
158 890 328 923 Contu-ov.
348 892 362 923 4
377 917 384 930 ,
402 892 434 923 7.
461 899 586 923 omnes
602 890 763 923 scribunt

62 939 167 982 Alfius
180 940 322 981 ssavus,
348 941 409 982 qui
429 941 552 973 rhetor
573 940 651 979 suit;
677 949 759 979 non,

62 991 104 1022 ut
116 990 153 1022 in
168 989 311 1023 Horatio
324 989 498 1032 plerique,
514 991 651 1030 Alphius
661 1016 674 1030 ‚
688 990 763 1034 ‘hy-

63 1038 167 1071 brida
199 1038 325 1072 forma.
364 1058 402 1062 —
436 1039 578 1081 redeyic]
613 1040 764 1080 redigere

59 1088 240 1128 pecuniam
260 1089 317 1121 est
335 1089 497 1130 recipere
520 1089 567 1120 ad
593 1097 632 1120 se
651 1096 763 1129 pecu-

63 1138 161 1170 niam
187 1136 425 1179 qualicunque
451 1137 560 1170 modo
587 1137 681 1169 licito
704 1136 761 1169 vel

65 1195 110 1219 ex
124 1185 234 1219 rebus
255 1187 407 1219 venditis
429 1187 513 1228 (Cic.
531 1187 681 1219 Divinat.
701 1187 758 1218 ⁴7:

65 1234 182 1268 deinde
201 1235 288 1268 bona
306 1236 436 1276 vendit,
469 1236 650 1276 pecuniam
670 1235 763 1267 redi—

64 1283 161 1326 9it.),
185 1282 254 1324 vel,
278 1285 319 1316 ut
339 1284 398 1316 hic
421 1286 457 1317 et
479 1285 575 1326 apud
598 1285 671 1317 Cic.
696 1292 762 1325 pro

66 1333 185 1366 Rabir.
210 1335 303 1367 Post.
323 1334 384 1367 ⁴3:
409 1335 561 1376 pecunia
583 1344 648 1367 non
671 1334 763 1366 rodi-

0 1413 1 1421 ,
65 1385 222 1424 geretur,
266 1392 288 1415 a
322 1383 556 1416 debitoribus.
609 1385 760 1415 Gronov.

69 1431 173 1465 Obss.
202 1433 217 1464 4
234 1458 242 1472 ,
270 1433 325 1465 20.
355 1433 489 1474 Redeyit
511 1434 631 1465 autem
653 1432 764 1464 Idibus

70 1488 153 1513 cum
168 1481 269 1521 dicit,
293 1481 527 1523 intelligamus
542 1490 693 1514 necesse
709 1484 764 1514 est

69 1530 168 1571 prius
181 1529 378 1572 appellatos
399 1539 479 1564 esse
497 1531 680 1563 debitores
692 1556 700 1569 ,
725 1532 765 1562 ut

67 1588 148 1612 eam
178 1579 225 1611 ad
252 1579 349 1612 diem
372 1579 552 1613 solverent
573 1580 763 1621 pecuniam

66 1629 191 1661 mutuo
206 1630 397 1671 sumptam.
444 1630 494 1661 Ex
520 1628 763 1670 compluribus

66 1686 154 1710 vero
174 1676 260 1710 locis
288 1677 416 1710 merito
448 1677 662 1718 colligimus,
698 1678 764 1709 nisi

67 1726 158 1759 forte
178 1727 214 1759 in
229 1726 463 1768 chirographo
480 1728 578 1759 certa
594 1726 670 1758 dies
692 1725 765 1758 sol—

19 1781 21 1784 ⁴
66 1776 207 1808 vendae
227 1777 400 1817 pecuniae
428 1777 617 1808 constituta
644 1777 761 1814 esset,

69 1825 106 1857 in
127 1833 196 1857 usu
230 1825 358 1865 fuisse,
393 1826 433 1856 ut
461 1833 526 1866 pro
556 1824 764 1856 feneratoris

68 1873 318 1906 commoditate
342 1874 541 1906 secundum
562 1873 765 1905 debitorum

71 1921 346 1964 appellationem
360 1923 533 1964 pecuniae
550 1924 586 1954 et
601 1921 765 1954 Kalendis

70 1973 107 2004 et
121 1972 228 2004 Nonis
249 1974 286 2004 et
299 1972 422 2004 Idibus
437 1972 483 2004 ab
500 1980 543 2004 eo
558 1972 767 2012 redigeren-

69 2022 139 2053 tur.
165 2021 239 2054 Cic.
256 2022 358 2053 Verr,
378 2022 415 2061 4,
433 2022 497 2054 57;
529 2022 633 2053 Nemo
656 2021 767 2053 Rabo-

68 2070 127 2102 nio
140 2070 294 2102 molestus
313 2073 379 2110 est,
402 2078 507 2110 neque
526 2070 602 2102 Kal.
624 2070 766 2102 Decem-

51 2118 182 2151 mribus
199 2128 305 2159 neque
324 2120 428 2151 Nonis
447 2128 551 2160 neque
573 2119 694 2150 Idibus.
720 2118 766 2150 ad

69 2169 138 2200 Att.
166 2169 230 2208 ⁴0⁷,
247 2170 291 2200 5:
324 2169 470 2210 Scripsit
496 2170 583 2201 diem
602 2169 768 2209 pecuniae

69 2217 359 2249 lausNovembres
381 2227 457 2250 esse.
484 2218 529 2249 ad
544 2219 613 2250 Att.
634 2217 687 2256 44,
704 2217 762 2248 20:

69 2265 145 2298 Iam
169 2266 223 2298 vel
250 2266 311 2298 sibi
337 2267 457 2299 haheat
478 2276 645 2306 nummos,
670 2267 766 2298 modo

15 2360 17 2362 Ι
70 2318 221 2347 meret
233 2316 352 2348 Idibus.
370 2317 405 2348 in
421 2315 521 2348 Catil.
541 2317 579 2355 4,
600 2316 642 2348 6:
667 2316 767 2347 Prae-

812 889 921 921 Idibus
942 891 1068 923 senties.
1114 892 1184 923 Sat.
1216 893 1252 932 4,
1280 891 1318 931 3,
1346 892 1405 924 87:
1445 893 1509 933 Qui

811 939 895 978 nisi,
930 948 1006 971 cam
1028 940 1136 971 tristes
1155 941 1276 972 misero
1297 949 1415 973 venere
1435 941 1509 974 Ka-

812 988 944 1028 lendae,
967 989 1151 1021 Mercedem
1172 992 1232 1021 aut
1252 998 1406 1022 numos
1422 991 1510 1023 unde

811 1039 898 1070 unde
913 1038 1059 1070 etti-icat
1072 1040 1140 1070 cet.
1176 1037 1277 1070 ovid.
1301 1039 1402 1071 Rem.
1426 1041 1505 1072 Am.

811 1087 888 1119 564.
906 1087 1052 1120 Martial.
1071 1087 1112 1125 8
1127 1087 1188 1126 44,
1207 1088 1266 1119 44;
1294 1087 1509 1121 &muman-

807 1136 977 1176 plicentar
994 1137 1144 1178 paginae
1160 1137 1400 1170 Kalendarum.
1425 1137 1509 1170 Plu-

810 1187 922 1218 tarch.
942 1181 995 1219 de
1004 1187 1064 1218 vit
1083 1195 1157 1218 aer.
1175 1185 1219 1218 al.
1236 1187 1278 1218 2:
1303 1182 1343 1229 (ἡ
1361 1183 1506 1233 αὐτάρ-

811 1236 909 1277 κεια)
933 1232 1012 1268 οὐδ’
1026 1233 1253 1290 Ηάναανήσει
1267 1234 1343 1268 τῶν
1365 1235 1508 1268 καλαν-

811 1283 886 1316 δῶν
908 1285 974 1317 ml
931 1282 1066 1340 ἣτῆς
1077 1286 1324 1342 vovpulm'czg,¹
1334 1281 1383 1327 ἣν
1400 1285 1510 1342 ἱερω-

811 1332 930 1377 τάτην
963 1344 1118 1380 ημερων
1155 1343 1278 1367 ουσαν
1300 1329 1511 1393 ἀποφράδα

813 1382 993 1416 ποιοῦσιν
1027 1384 1068 1415 οἱ
1092 1382 1287 1416 δανεισταὶ
1320 1385 1386 1416 καὶ
1419 1381 1511 1417 στύ-

812 1443 908 1476 γιον.
947 1451 983 1456 -
1027 1433 1183 1475 Quaerit]
1223 1434 1506 1475 ‹circumspicit¹

813 1483 908 1524 apud
930 1490 1041 1524 quem
1064 1482 1182 1515 denuo
1204 1483 1316 1524 possit
1333 1481 1509 1515 collocare

813 1540 1014 1564 nummos.»
1041 1550 1077 1554 —
1114 1531 1281 1573 Kalendis]
1306 1533 1512 1573 «sequenti-

814 1582 917 1614 bus».
936 1582 1059 1613 Senot..
1079 1599 1115 1604 —
1133 1581 1268 1623 ponere]
1293 1582 1349 1613 Sic
1362 1581 1512 1614 τιθέναι

814 1633 851 1663 et
872 1627 1125 1669 καταβάλλειν
1147 1628 1192 1662 τὸ
1215 1628 1450 1671 κεφάλαιον,
1473 1633 1513 1664 ut

813 1682 853 1712 A.
884 1682 920 1713 P.
950 1680 1037 1713 42⁴:
1077 1681 1167 1713 dives
1189 1681 1308 1721 positis
1335 1682 1371 1713 in
1398 1682 1514 1723 fenore

815 1730 968 1761 nummis.
994 1730 1067 1762 Cic.
1085 1731 1187 1763 Verr.
1205 1729 1226 1762 3
1238 1756 1245 1770 ,
1263 1731 1306 1762 70
1321 1740 1328 1762 :
1353 1740 1431 1763 eum
1446 1740 1514 1771 po·

811 1779 877 1810 sita
892 1782 971 1811 esset
981 1780 1131 1820 pecunia
1147 1780 1239 1819 apud
1253 1788 1312 1811 eas
1326 1780 1506 1819 societates,

813 1828 901 1859 unde
923 1831 997 1859 erat
1019 1827 1201 1868 attributa,
1226 1828 1310 1860 binis
1331 1830 1515 1861 centesimis

813 1877 982 1918 feneratus
1013 1879 1070 1908 est.
1108 1895 1143 1899 —
1182 1877 1308 1910 Missas
1340 1877 1514 1910 faciamus

815 1927 852 1957 et
886 1924 991 1957 falsas
1024 1925 1352 1966 interpretationes,
1391 1925 1510 1959 velut:

816 1974 946 2006 «edixit
967 1973 1208 2013 debitoribus,
1239 1983 1324 2007 cum
1346 1975 1429 2007 Idus
1454 1984 1514 2007 es—

816 2024 914 2061 sent,
958 2023 1147 2064 pecuniam
1186 2031 1215 2055 s.
1253 2025 1388 2056 sortem
1428 2032 1513 2056 cum

815 2073 932 2105 usuris
956 2073 1124 2113 proximis
1140 2071 1303 2105 Kalendis
1318 2082 1513 2114 pernume—

815 2121 982 2159 randam3
1008 2121 1162 2153 eandem
1185 2123 1323 2161 tamen,
1349 2130 1431 2154 cum
1447 2130 1512 2154 eae

816 2171 1060 2209 advenissent,
1085 2171 1216 2202 iterum
1238 2171 1337 2212 ponit
1359 2170 1511 2210 fenori.»

816 2222 852 2252 et
874 2218 956 2251 lect.
980 2219 1113 2261 relegit,
1150 2219 1335 2252 defensam
1366 2220 1513 2260 quidem

816 2269 861 2302 ab
896 2269 1038 2301 Heinsio
1072 2269 1219 2302 Advers.
1256 2278 1292 2310 p.
1327 2269 1403 2302 235.
1441 2270 1513 2311 (qui

816 2318 958 2360 exponit
982 2317 1218 2359 «recollegit»,
1244 2318 1279 2350 id
1295 2318 1392 2359 quod
1407 2327 1515 2360 repu-

72 2360 215 2398 iermitto
235 2367 357 2398 ruinas
376 2367 591 2408 fortunarum
614 2370 762 2406 tuarum,
816 2369 898 2408 gnat
925 2367 1171 2399 consuetudini
1206 2367 1371 2409 Latinae)
1394 2370 1430 2400 et
1465 2367 1510 2400 ab

72 2423 156 2454 qaas
177 2425 287 2448 omnes
308 2417 494 2457 impendere
524 2417 581 2448 tibi
600 2417 767 2456 proximis
814 2416 1063 2457 Oudendorpio
1076 2416 1121 2448 ad
1133 2415 1234 2458 Apul.
1244 2417 1367 2450 Mete.
1381 2425 1417 2458 p.
1432 2416 1508 2450 432.
