<?xml version="1.0" encoding="UTF-8"?>
<!DOCTYPE html PUBLIC "-//W3C//DTD XHTML 1.0 Transitional//EN"
    "http://www.w3.org/TR/xhtml1/DTD/xhtml1-transitional.dtd">
<html xmlns="http://www.w3.org/1999/xhtml" xml:lang="en" lang="en">
 <head>
  <title>
</title>
<meta http-equiv="Content-Type" content="text/html;charset=utf-8" />
  <meta name='ocr-system' content='tesseract 3.04.00' />
  <meta name='ocr-capabilities' content='ocr_page ocr_carea ocr_par ocr_line ocrx_word'/>
</head>
<body>
  <div class='ocr_page' id='page_1' title='image "./qhoratiusflaccus12horauoft_0149.png"; bbox 0 0 1722 2904; ppageno 0'>
   <div class='ocr_carea' id='block_1_1' title="bbox 0 999 62 2904">
    <p class='ocr_par' dir='ltr' id='par_1_1' title="bbox 0 999 62 2904">
     <span class='ocr_line' id='line_1_1' title="bbox 0 999 62 1731; baseline 0 -217"><span class='ocrx_word' id='word_1_1' title='bbox 0 999 62 1731; x_wconf 95' lang='lat' dir='ltr'>       </span> 
     </span>
     <span class='ocr_line' id='line_1_2' title="bbox 0 1731 62 1941; baseline 0 0"><span class='ocrx_word' id='word_1_2' title='bbox 0 1731 62 1941; x_wconf 95' lang='lat' dir='ltr'>      </span> 
     </span>
     <span class='ocr_line' id='line_1_3' title="bbox 0 1955 62 2176; baseline 0 0"><span class='ocrx_word' id='word_1_3' title='bbox 0 1955 62 2176; x_wconf 95' lang='lat' dir='ltr'>       </span> 
     </span>
     <span class='ocr_line' id='line_1_4' title="bbox 0 2176 62 2904; baseline 0 -469"><span class='ocrx_word' id='word_1_4' title='bbox 0 2176 62 2904; x_wconf 95' lang='lat' dir='ltr'>    </span> 
     </span>
    </p>
   </div>
   <div class='ocr_carea' id='block_1_2' title="bbox 16 548 113 619">
    <p class='ocr_par' dir='ltr' id='par_1_2' title="bbox 16 548 113 619">
     <span class='ocr_line' id='line_1_5' title="bbox 16 548 113 619; baseline -0.082 1"><span class='ocrx_word' id='word_1_5' title='bbox 16 596 18 599; x_wconf 31' lang='lat'>*</span> <span class='ocrx_word' id='word_1_6' title='bbox 60 548 113 619; x_wconf 72' lang='lat'>‹¹1-</span> 
     </span>
    </p>
   </div>
   <div class='ocr_carea' id='block_1_3' title="bbox 227 704 770 754">
    <p class='ocr_par' dir='ltr' id='par_1_3' title="bbox 227 704 770 754">
     <span class='ocr_line' id='line_1_6' title="bbox 227 704 770 754; baseline -0.008 -3"><span class='ocrx_word' id='word_1_7' title='bbox 227 707 392 751; x_wconf 88' lang='lat' dir='ltr'>Cervici</span> <span class='ocrx_word' id='word_1_8' title='bbox 423 706 590 748; x_wconf 87' lang='lat' dir='ltr'>iuvenis</span> <span class='ocrx_word' id='word_1_9' title='bbox 620 704 770 754; x_wconf 87' lang='lat' dir='ltr'>dabat,</span> 
     </span>
    </p>
   </div>
   <div class='ocr_carea' id='block_1_4' title="bbox 27 848 115 949">
    <p class='ocr_par' dir='ltr' id='par_1_4' title="bbox 27 848 115 949">
     <span class='ocr_line' id='line_1_7' title="bbox 27 848 115 949; baseline -0.125 0"><span class='ocrx_word' id='word_1_10' title='bbox 27 848 115 949; x_wconf 61' lang='lat'>2.</span> 
     </span>
    </p>
   </div>
   <div class='ocr_carea' id='block_1_5' title="bbox 226 891 764 948">
    <p class='ocr_par' dir='ltr' id='par_1_5' title="bbox 226 891 764 948">
     <span class='ocr_line' id='line_1_8' title="bbox 226 891 764 948; baseline -0.007 -12"><span class='ocrx_word' id='word_1_11' title='bbox 226 893 375 936; x_wconf 91' lang='lat' dir='ltr'>Donec</span> <span class='ocrx_word' id='word_1_12' title='bbox 403 906 488 935; x_wconf 92' lang='lat' dir='ltr'>non</span> <span class='ocrx_word' id='word_1_13' title='bbox 518 891 600 934; x_wconf 87' lang='lat' dir='ltr'>alia</span> <span class='ocrx_word' id='word_1_14' title='bbox 629 891 764 948; x_wconf 80' lang='lat' dir='ltr'>magis</span> 
     </span>
    </p>
   </div>
   <div class='ocr_carea' id='block_1_6' title="bbox 229 1052 723 1112">
    <p class='ocr_par' dir='ltr' id='par_1_6' title="bbox 229 1052 723 1112">
     <span class='ocr_line' id='line_1_9' title="bbox 229 1052 723 1112; baseline -0.008 -14"><span class='ocrx_word' id='word_1_15' title='bbox 229 1053 344 1098; x_wconf 82' lang='lat' dir='ltr'>Multi</span> <span class='ocrx_word' id='word_1_16' title='bbox 373 1053 511 1112; x_wconf 86' lang='lat' dir='ltr'>Lydia</span> <span class='ocrx_word' id='word_1_17' title='bbox 540 1052 723 1096; x_wconf 85' lang='lat' dir='ltr'>nominis</span> 
     </span>
    </p>
   </div>
   <div class='ocr_carea' id='block_1_7' title="bbox 102 1364 414 1406">
    <p class='ocr_par' dir='ltr' id='par_1_7' title="bbox 102 1364 414 1406">
     <span class='ocr_line' id='line_1_10' title="bbox 102 1364 414 1406; baseline -0.01 -6"><span class='ocrx_word' id='word_1_18' title='bbox 102 1366 257 1400; x_wconf 84' lang='lat' dir='ltr'>Pottierii</span> <span class='ocrx_word' id='word_1_19' title='bbox 268 1391 278 1406; x_wconf 87' lang='lat'><strong>,</strong></span> <span class='ocrx_word' id='word_1_20' title='bbox 301 1364 414 1399; x_wconf 91' lang='lat' dir='ltr'>Bentl.</span> 
     </span>
    </p>
   </div>
   <div class='ocr_carea' id='block_1_8' title="bbox 38 1482 758 2651">
    <p class='ocr_par' dir='ltr' id='par_1_8' title="bbox 38 1482 758 2415">
     <span class='ocr_line' id='line_1_11' title="bbox 38 1482 756 1524; baseline -0.001 -10"><span class='ocrx_word' id='word_1_21' title='bbox 38 1512 40 1514; x_wconf 88' lang='lat'>.</span> <span class='ocrx_word' id='word_1_22' title='bbox 102 1483 157 1516; x_wconf 85' lang='lat' dir='ltr'>lX.</span> <span class='ocrx_word' id='word_1_23' title='bbox 210 1482 456 1516; x_wconf 84' lang='lat' dir='ltr'>Reconciliatio</span> <span class='ocrx_word' id='word_1_24' title='bbox 494 1483 627 1524; x_wconf 86' lang='lat' dir='ltr'>gratiae</span> <span class='ocrx_word' id='word_1_25' title='bbox 663 1483 756 1514; x_wconf 88' lang='lat' dir='ltr'>inter</span> 
     </span>
     <span class='ocr_line' id='line_1_12' title="bbox 59 1532 757 1575; baseline -0.004 -9"><span class='ocrx_word' id='word_1_26' title='bbox 59 1534 203 1575; x_wconf 73' lang='lat' dir='ltr'>poetam</span> <span class='ocrx_word' id='word_1_27' title='bbox 225 1534 262 1565; x_wconf 84' lang='lat' dir='ltr'>et</span> <span class='ocrx_word' id='word_1_28' title='bbox 283 1533 446 1565; x_wconf 79' lang='lat' dir='ltr'><strong>amicam.</strong></span> <span class='ocrx_word' id='word_1_29' title='bbox 470 1533 662 1564; x_wconf 77' lang='lat' dir='ltr'>Amantium</span> <span class='ocrx_word' id='word_1_30' title='bbox 682 1532 757 1564; x_wconf 69' lang='lat' dir='ltr'>irae</span> 
     </span>
     <span class='ocr_line' id='line_1_13' title="bbox 59 1581 752 1624; baseline -0.003 -9"><span class='ocrx_word' id='word_1_31' title='bbox 59 1583 186 1615; x_wconf 72' lang='lat' dir='ltr'>moris</span> <span class='ocrx_word' id='word_1_32' title='bbox 222 1582 420 1624; x_wconf 59' lang='lat' dir='ltr'>inimi-atio,</span> <span class='ocrx_word' id='word_1_33' title='bbox 462 1583 602 1614; x_wconf 85' lang='lat' dir='ltr'>Terent.</span> <span class='ocrx_word' id='word_1_34' title='bbox 645 1581 752 1614; x_wconf 84' lang='lat' dir='ltr'><strong>Andr.</strong></span> 
     </span>
     <span class='ocr_line' id='line_1_14' title="bbox 38 1629 755 1672; baseline -0.003 -8"><span class='ocrx_word' id='word_1_35' title='bbox 38 1651 41 1653; x_wconf 98' lang='lat'>-</span> <span class='ocrx_word' id='word_1_36' title='bbox 60 1630 102 1671; x_wconf 78' lang='lat'>3,</span> <span class='ocrx_word' id='word_1_37' title='bbox 118 1631 159 1672; x_wconf 82' lang='lat'>3,</span> <span class='ocrx_word' id='word_1_38' title='bbox 174 1631 229 1664; x_wconf 80' lang='lat'>23.</span> <span class='ocrx_word' id='word_1_39' title='bbox 275 1630 393 1664; x_wconf 88' lang='lat' dir='ltr'>Semel</span> <span class='ocrx_word' id='word_1_40' title='bbox 409 1631 477 1663; x_wconf 84' lang='lat' dir='ltr'>hac</span> <span class='ocrx_word' id='word_1_41' title='bbox 491 1629 618 1671; x_wconf 80' lang='lat' dir='ltr'>dialogi</span> <span class='ocrx_word' id='word_1_42' title='bbox 642 1630 755 1663; x_wconf 83' lang='lat' dir='ltr'>forma</span> 
     </span>
     <span class='ocr_line' id='line_1_15' title="bbox 59 1679 755 1720; baseline -0.003 -6"><span class='ocrx_word' id='word_1_43' title='bbox 59 1689 147 1714; x_wconf 80' lang='lat' dir='ltr'>usus</span> <span class='ocrx_word' id='word_1_44' title='bbox 184 1681 256 1720; x_wconf 83' lang='lat' dir='ltr'>est,</span> <span class='ocrx_word' id='word_1_45' title='bbox 305 1679 467 1713; x_wconf 86' lang='lat' dir='ltr'>bucolica</span> <span class='ocrx_word' id='word_1_46' title='bbox 504 1679 561 1712; x_wconf 89' lang='lat' dir='ltr'>illa</span> <span class='ocrx_word' id='word_1_47' title='bbox 599 1681 755 1712; x_wconf 87' lang='lat' dir='ltr'>carmina</span> 
     </span>
     <span class='ocr_line' id='line_1_16' title="bbox 60 1725 754 1773; baseline -0.001 -11"><span class='ocrx_word' id='word_1_48' title='bbox 60 1725 252 1773; x_wconf 76' lang='grc' dir='ltr'><strong><em>ἀμοιβαῖα</em></strong></span> <span class='ocrx_word' id='word_1_49' title='bbox 272 1729 404 1771; x_wconf 77' lang='lat' dir='ltr'>lyricae</span> <span class='ocrx_word' id='word_1_50' title='bbox 438 1730 538 1771; x_wconf 72' lang='lat' dir='ltr'>poesi</span> <span class='ocrx_word' id='word_1_51' title='bbox 571 1729 754 1771; x_wconf 83' lang='lat' dir='ltr'>adaptans.</span> 
     </span>
     <span class='ocr_line' id='line_1_17' title="bbox 61 1778 756 1821; baseline -0.003 -8"><span class='ocrx_word' id='word_1_52' title='bbox 61 1778 265 1814; x_wconf 78' lang='lat' dir='ltr'>Differentia</span> <span class='ocrx_word' id='word_1_53' title='bbox 292 1781 412 1812; x_wconf 82' lang='lat' dir='ltr'>tamen</span> <span class='ocrx_word' id='word_1_54' title='bbox 439 1779 530 1811; x_wconf 89' lang='lat' dir='ltr'>haec</span> <span class='ocrx_word' id='word_1_55' title='bbox 552 1780 608 1811; x_wconf 90' lang='lat' dir='ltr'>est</span> <span class='ocrx_word' id='word_1_56' title='bbox 628 1788 695 1821; x_wconf 89' lang='lat' dir='ltr'>per</span> <span class='ocrx_word' id='word_1_57' title='bbox 716 1787 756 1811; x_wconf 91' lang='lat' dir='ltr'>se</span> 
     </span>
     <span class='ocr_line' id='line_1_18' title="bbox 45 1828 758 1868; baseline -0.003 -6"><span class='ocrx_word' id='word_1_58' title='bbox 45 1829 279 1868; x_wconf 54' lang='lat' dir='ltr'>¹immissum,</span> <span class='ocrx_word' id='word_1_59' title='bbox 303 1831 344 1861; x_wconf 86' lang='lat' dir='ltr'>ut</span> <span class='ocrx_word' id='word_1_60' title='bbox 356 1829 415 1860; x_wconf 83' lang='lat' dir='ltr'>hic</span> <span class='ocrx_word' id='word_1_61' title='bbox 429 1837 536 1860; x_wconf 92' lang='lat' dir='ltr'>nemo</span> <span class='ocrx_word' id='word_1_62' title='bbox 557 1828 683 1861; x_wconf 80' lang='lat' dir='ltr'>sedeat</span> <span class='ocrx_word' id='word_1_63' title='bbox 701 1829 758 1860; x_wconf 86' lang='lat' dir='ltr'>iu-</span> 
     </span>
     <span class='ocr_line' id='line_1_19' title="bbox 61 1877 754 1920; baseline 0 -10"><span class='ocrx_word' id='word_1_64' title='bbox 61 1877 132 1910; x_wconf 83' lang='lat' dir='ltr'>dex</span> <span class='ocrx_word' id='word_1_65' title='bbox 152 1879 352 1920; x_wconf 86' lang='lat' dir='ltr'>praemium</span> <span class='ocrx_word' id='word_1_66' title='bbox 380 1878 505 1910; x_wconf 86' lang='lat' dir='ltr'>victori</span> <span class='ocrx_word' id='word_1_67' title='bbox 532 1877 754 1910; x_wconf 84' lang='lat' dir='ltr'>decreturus.</span> 
     </span>
     <span class='ocr_line' id='line_1_20' title="bbox 47 1926 758 1970; baseline 0 -10"><span class='ocrx_word' id='word_1_68' title='bbox 47 1927 190 1961; x_wconf 84' lang='lat' dir='ltr'>Similis</span> <span class='ocrx_word' id='word_1_69' title='bbox 219 1928 354 1961; x_wconf 84' lang='lat' dir='ltr'>formae</span> <span class='ocrx_word' id='word_1_70' title='bbox 381 1929 437 1960; x_wconf 88' lang='lat' dir='ltr'>est</span> <span class='ocrx_word' id='word_1_71' title='bbox 461 1926 585 1960; x_wconf 89' lang='lat' dir='ltr'>Catulli</span> <span class='ocrx_word' id='word_1_72' title='bbox 612 1928 758 1970; x_wconf 82' lang='lat' dir='ltr'>Epitha-</span> 
     </span>
     <span class='ocr_line' id='line_1_21' title="bbox 47 1976 755 2018; baseline 0.001 -9"><span class='ocrx_word' id='word_1_73' title='bbox 47 1981 48 1984; x_wconf 75' lang='grc'>’</span> <span class='ocrx_word' id='word_1_74' title='bbox 61 1976 207 2010; x_wconf 83' lang='lat' dir='ltr'>lamium</span> <span class='ocrx_word' id='word_1_75' title='bbox 216 1986 248 2009; x_wconf 89' lang='lat' dir='ltr'>c.</span> <span class='ocrx_word' id='word_1_76' title='bbox 258 1977 313 2009; x_wconf 74' lang='lat'>62.</span> <span class='ocrx_word' id='word_1_77' title='bbox 324 1995 362 2000; x_wconf 98' lang='lat'><strong>—</strong></span> <span class='ocrx_word' id='word_1_78' title='bbox 372 1977 563 2010; x_wconf 88' lang='lat' dir='ltr'>Continuas</span> <span class='ocrx_word' id='word_1_79' title='bbox 577 1978 612 2009; x_wconf 93' lang='lat' dir='ltr'>in</span> <span class='ocrx_word' id='word_1_80' title='bbox 623 1977 755 2018; x_wconf 81' lang='lat' dir='ltr'>Lydiae</span> 
     </span>
     <span class='ocr_line' id='line_1_22' title="bbox 61 2022 755 2069; baseline 0 -10"><span class='ocrx_word' id='word_1_81' title='bbox 61 2026 243 2069; x_wconf 77' lang='lat' dir='ltr'>responsis</span> <span class='ocrx_word' id='word_1_82' title='bbox 272 2022 456 2069; x_wconf 74' lang='grc' dir='ltr'><strong><em>αὐξήσεις</em></strong></span> <span class='ocrx_word' id='word_1_83' title='bbox 482 2026 582 2059; x_wconf 84' lang='lat' dir='ltr'>facile</span> <span class='ocrx_word' id='word_1_84' title='bbox 606 2028 755 2068; x_wconf 87' lang='lat' dir='ltr'>quisque</span> 
     </span>
     <span class='ocr_line' id='line_1_23' title="bbox 51 2076 757 2118; baseline 0 -9"><span class='ocrx_word' id='word_1_85' title='bbox 51 2084 129 2118; x_wconf 51' lang='lat' dir='ltr'>*per</span> <span class='ocrx_word' id='word_1_86' title='bbox 154 2084 194 2109; x_wconf 86' lang='lat' dir='ltr'>se</span> <span class='ocrx_word' id='word_1_87' title='bbox 221 2076 360 2109; x_wconf 86' lang='lat' dir='ltr'>sentiet.</span> <span class='ocrx_word' id='word_1_88' title='bbox 406 2077 502 2109; x_wconf 88' lang='lat' dir='ltr'>Haec</span> <span class='ocrx_word' id='word_1_89' title='bbox 532 2078 652 2109; x_wconf 86' lang='lat' dir='ltr'>autem</span> <span class='ocrx_word' id='word_1_90' title='bbox 675 2086 757 2109; x_wconf 87' lang='lat' dir='ltr'>car-</span> 
     </span>
     <span class='ocr_line' id='line_1_24' title="bbox 62 2125 753 2167; baseline 0.001 -9"><span class='ocrx_word' id='word_1_91' title='bbox 62 2126 166 2158; x_wconf 88' lang='lat' dir='ltr'>minis</span> <span class='ocrx_word' id='word_1_92' title='bbox 181 2125 367 2158; x_wconf 86' lang='lat' dir='ltr'>amoebaei</span> <span class='ocrx_word' id='word_1_93' title='bbox 380 2125 489 2158; x_wconf 86' lang='lat' dir='ltr'>veluti</span> <span class='ocrx_word' id='word_1_94' title='bbox 508 2125 564 2158; x_wconf 87' lang='lat' dir='ltr'>lex</span> <span class='ocrx_word' id='word_1_95' title='bbox 585 2127 679 2166; x_wconf 87' lang='lat' dir='ltr'>erat,</span> <span class='ocrx_word' id='word_1_96' title='bbox 703 2129 753 2167; x_wconf 85' lang='lat' dir='ltr'>ut,</span> 
     </span>
     <span class='ocr_line' id='line_1_25' title="bbox 63 2175 757 2217; baseline 0 -9"><span class='ocrx_word' id='word_1_97' title='bbox 63 2175 124 2217; x_wconf 78' lang='lat' dir='ltr'>qui</span> <span class='ocrx_word' id='word_1_98' title='bbox 146 2175 398 2217; x_wconf 74' lang='lat' dir='ltr'>responderet,</span> <span class='ocrx_word' id='word_1_99' title='bbox 423 2175 594 2209; x_wconf 80' lang='lat' dir='ltr'><strong>similibus</strong></span> <span class='ocrx_word' id='word_1_100' title='bbox 609 2178 757 2208; x_wconf 72' lang='lat' dir='ltr'>senten-</span> 
     </span>
     <span class='ocr_line' id='line_1_26' title="bbox 53 2223 755 2269; baseline 0.003 -13"><span class='ocrx_word' id='word_1_101' title='bbox 53 2223 120 2269; x_wconf 65' lang='lat' dir='ltr'>f-ffis</span> <span class='ocrx_word' id='word_1_102' title='bbox 142 2225 249 2265; x_wconf 85' lang='lat' dir='ltr'>atque</span> <span class='ocrx_word' id='word_1_103' title='bbox 270 2224 502 2266; x_wconf 83' lang='lat' dir='ltr'>imaginibus,</span> <span class='ocrx_word' id='word_1_104' title='bbox 534 2225 600 2257; x_wconf 90' lang='lat' dir='ltr'>sed</span> <span class='ocrx_word' id='word_1_105' title='bbox 621 2226 755 2258; x_wconf 83' lang='lat' dir='ltr'>maiore</span> 
     </span>
     <span class='ocr_line' id='line_1_27' title="bbox 63 2274 757 2316; baseline 0.001 -10"><span class='ocrx_word' id='word_1_106' title='bbox 63 2281 147 2306; x_wconf 72' lang='lat' dir='ltr'>mm</span> <span class='ocrx_word' id='word_1_107' title='bbox 173 2274 208 2305; x_wconf 83' lang='lat' dir='ltr'>vi</span> <span class='ocrx_word' id='word_1_108' title='bbox 241 2275 347 2315; x_wconf 80' lang='lat' dir='ltr'>atque</span> <span class='ocrx_word' id='word_1_109' title='bbox 370 2275 446 2306; x_wconf 84' lang='lat' dir='ltr'>arte</span> <span class='ocrx_word' id='word_1_110' title='bbox 469 2275 645 2316; x_wconf 84' lang='lat' dir='ltr'>expressis</span> <span class='ocrx_word' id='word_1_111' title='bbox 668 2274 757 2307; x_wconf 87' lang='lat' dir='ltr'>alte-</span> 
     </span>
     <span class='ocr_line' id='line_1_28' title="bbox 62 2323 756 2364; baseline 0.001 -9"><span class='ocrx_word' id='word_1_112' title='bbox 62 2328 143 2355; x_wconf 81' lang='lat' dir='ltr'>rum</span> <span class='ocrx_word' id='word_1_113' title='bbox 164 2323 308 2355; x_wconf 83' lang='lat' dir='ltr'>vincere</span> <span class='ocrx_word' id='word_1_114' title='bbox 330 2324 530 2356; x_wconf 83' lang='lat' dir='ltr'>conaretur.</span> <span class='ocrx_word' id='word_1_115' title='bbox 556 2324 643 2364; x_wconf 90' lang='lat' dir='ltr'>(Quo</span> <span class='ocrx_word' id='word_1_116' title='bbox 662 2326 756 2356; x_wconf 90' lang='lat' dir='ltr'>tem-</span> 
     </span>
     <span class='ocr_line' id='line_1_29' title="bbox 57 2373 754 2415; baseline 0.003 -11"><span class='ocrx_word' id='word_1_117' title='bbox 57 2380 152 2415; x_wconf 75' lang='lat' dir='ltr'>pore</span> <span class='ocrx_word' id='word_1_118' title='bbox 174 2373 409 2414; x_wconf 68' lang='lat' dir='ltr'>compositam</span> <span class='ocrx_word' id='word_1_119' title='bbox 431 2374 491 2412; x_wconf 89' lang='lat' dir='ltr'>sit,</span> <span class='ocrx_word' id='word_1_120' title='bbox 526 2373 754 2414; x_wconf 83' lang='lat' dir='ltr'>ignoramus.)</span> 
     </span>
    </p>

    <p class='ocr_par' dir='ltr' id='par_1_9' title="bbox 63 2421 756 2651">
     <span class='ocr_line' id='line_1_30' title="bbox 105 2421 755 2464; baseline 0.002 -10"><span class='ocrx_word' id='word_1_121' title='bbox 105 2422 140 2454; x_wconf 77' lang='lat'>2.</span> <span class='ocrx_word' id='word_1_122' title='bbox 165 2421 196 2454; x_wconf 84' lang='lat'>3.</span> <span class='ocrx_word' id='word_1_123' title='bbox 216 2421 339 2464; x_wconf 76' lang='lat' dir='ltr'>potior]</span> <span class='ocrx_word' id='word_1_124' title='bbox 365 2421 502 2454; x_wconf 77' lang='lat' dir='ltr'>«rivalis</span> <span class='ocrx_word' id='word_1_125' title='bbox 514 2431 628 2462; x_wconf 88' lang='lat' dir='ltr'>meus,</span> <span class='ocrx_word' id='word_1_126' title='bbox 646 2431 755 2463; x_wconf 89' lang='lat' dir='ltr'>quem</span> 
     </span>
     <span class='ocr_line' id='line_1_31' title="bbox 65 2469 751 2513; baseline 0 -10"><span class='ocrx_word' id='word_1_127' title='bbox 65 2470 104 2503; x_wconf 73' lang='lat' dir='ltr'>tu</span> <span class='ocrx_word' id='word_1_128' title='bbox 122 2469 234 2512; x_wconf 86' lang='lat' dir='ltr'>pluris</span> <span class='ocrx_word' id='word_1_129' title='bbox 255 2470 445 2504; x_wconf 81' lang='lat' dir='ltr'>faciebas.»</span> <span class='ocrx_word' id='word_1_130' title='bbox 490 2471 600 2513; x_wconf 85' lang='lat' dir='ltr'>Epod.</span> <span class='ocrx_word' id='word_1_131' title='bbox 618 2472 679 2510; x_wconf 77' lang='lat'>⁴5,</span> <span class='ocrx_word' id='word_1_132' title='bbox 698 2471 751 2504; x_wconf 71' lang='lat'>43:</span> 
     </span>
     <span class='ocr_line' id='line_1_32' title="bbox 65 2518 756 2562; baseline 0 -10"><span class='ocrx_word' id='word_1_133' title='bbox 65 2518 140 2552; x_wconf 75' lang='lat' dir='ltr'>Non</span> <span class='ocrx_word' id='word_1_134' title='bbox 164 2519 249 2560; x_wconf 76' lang='lat' dir='ltr'>feret</span> <span class='ocrx_word' id='word_1_135' title='bbox 270 2520 433 2562; x_wconf 84' lang='lat' dir='ltr'>(Flaccus)</span> <span class='ocrx_word' id='word_1_136' title='bbox 458 2521 611 2552; x_wconf 77' lang='lat' dir='ltr'>assiduas</span> <span class='ocrx_word' id='word_1_137' title='bbox 630 2521 756 2561; x_wconf 65' lang='lat' dir='ltr'>potiori</span> 
     </span>
     <span class='ocr_line' id='line_1_33' title="bbox 63 2569 751 2611; baseline 0.003 -11"><span class='ocrx_word' id='word_1_138' title='bbox 63 2571 99 2600; x_wconf 65' lang='grc' dir='ltr'><strong><em>κ</em></strong></span> <span class='ocrx_word' id='word_1_139' title='bbox 117 2569 200 2601; x_wconf 79' lang='lat' dir='ltr'>dare</span> <span class='ocrx_word' id='word_1_140' title='bbox 218 2573 337 2602; x_wconf 73' lang='lat' dir='ltr'>noctes.</span> <span class='ocrx_word' id='word_1_141' title='bbox 359 2569 523 2611; x_wconf 72' lang='lat' dir='ltr'>-dabatj</span> <span class='ocrx_word' id='word_1_142' title='bbox 543 2571 578 2602; x_wconf 92' lang='lat' dir='ltr'>in</span> <span class='ocrx_word' id='word_1_143' title='bbox 592 2578 646 2611; x_wconf 91' lang='lat' dir='ltr'>pr.</span> <span class='ocrx_word' id='word_1_144' title='bbox 663 2572 751 2602; x_wconf 89' lang='lat' dir='ltr'>orat.</span> 
     </span>
     <span class='ocr_line' id='line_1_34' title="bbox 64 2617 303 2651; baseline 0.009 -2"><span class='ocrx_word' id='word_1_145' title='bbox 64 2617 303 2651; x_wconf 54' lang='lat' dir='ltr'>Mandabat.</span> 
     </span>
    </p>
   </div>
   <div class='ocr_carea' id='block_1_9' title="bbox 610 102 768 136">
    <p class='ocr_par' dir='ltr' id='par_1_10' title="bbox 610 102 768 136">
     <span class='ocr_line' id='line_1_35' title="bbox 610 102 768 136; baseline -0.013 0"><span class='ocrx_word' id='word_1_146' title='bbox 610 103 688 136; x_wconf 75' lang='lat' dir='ltr'>Lm.</span> <span class='ocrx_word' id='word_1_147' title='bbox 712 102 768 135; x_wconf 85' lang='lat' dir='ltr'>m.</span> 
     </span>
    </p>
   </div>
   <div class='ocr_carea' id='block_1_10' title="bbox 222 542 1675 691">
    <p class='ocr_par' dir='ltr' id='par_1_11' title="bbox 222 542 1674 683">
     <span class='ocr_line' id='line_1_36' title="bbox 222 542 798 602; baseline -0.009 -13"><span class='ocrx_word' id='word_1_148' title='bbox 222 547 368 589; x_wconf 90' lang='lat' dir='ltr'>Donec</span> <span class='ocrx_word' id='word_1_149' title='bbox 401 552 546 602; x_wconf 83' lang='lat' dir='ltr'>gratus</span> <span class='ocrx_word' id='word_1_150' title='bbox 576 557 694 587; x_wconf 86' lang='lat' dir='ltr'>eram</span> <span class='ocrx_word' id='word_1_151' title='bbox 723 542 798 585; x_wconf 86' lang='lat' dir='ltr'>tibi</span> 
     </span>
     <span class='ocr_line' id='line_1_37' title="bbox 276 577 1675 691; baseline -0.009 -22"><span class='ocrx_word' id='word_1_152' title='bbox 276 627 364 670; x_wconf 89' lang='lat' dir='ltr'>Nec</span> <span class='ocrx_word' id='word_1_153' title='bbox 392 626 621 683; x_wconf 88' lang='lat' dir='ltr'>quisquam</span> <span class='ocrx_word' id='word_1_154' title='bbox 650 623 791 691; x_wconf 88' lang='lat' dir='ltr'>potior</span> <span class='ocrx_word' id='word_1_155' title='bbox 818 621 993 666; x_wconf 86' lang='lat' dir='ltr'>brachia</span> <span class='ocrx_word' id='word_1_156' title='bbox 1022 620 1230 665; x_wconf 87' lang='lat' dir='ltr'>candidae</span> <span class='ocrx_word' id='word_1_157' title='bbox 1243 577 1675 684; x_wconf 39' lang='grc' dir='ltr'>Μϋὲῗὰῦῐωϊ</span> 
     </span>
    </p>
   </div>
   <div class='ocr_carea' id='block_1_11' title="bbox 816 99 962 134">
    <p class='ocr_par' dir='ltr' id='par_1_12' title="bbox 816 99 962 134">
     <span class='ocr_line' id='line_1_38' title="bbox 816 99 962 134; baseline -0.007 0"><span class='ocrx_word' id='word_1_158' title='bbox 816 99 962 134; x_wconf 64' lang='lat' dir='ltr'>c.1x.›</span> 
     </span>
    </p>
   </div>
   <div class='ocr_carea' id='block_1_12' title="bbox 549 415 998 460">
    <p class='ocr_par' dir='ltr' id='par_1_13' title="bbox 549 415 998 460">
     <span class='ocr_line' id='line_1_39' title="bbox 549 415 998 460; baseline -0.009 0"><span class='ocrx_word' id='word_1_159' title='bbox 549 415 998 460; x_wconf 69' lang='lat' dir='ltr'>cmlx-</span> 
     </span>
    </p>
   </div>
   <div class='ocr_carea' id='block_1_13' title="bbox 1436 663 1465 715">
    <p class='ocr_par' dir='ltr' id='par_1_14' title="bbox 1436 663 1465 715">
     <span class='ocr_line' id='line_1_40' title="bbox 1436 663 1465 715; baseline 0 0"><span class='ocrx_word' id='word_1_160' title='bbox 1436 663 1465 715; x_wconf 48' lang='lat'>(2³</span> 
     </span>
    </p>
   </div>
   <div class='ocr_carea' id='block_1_14' title="bbox 280 785 993 843">
    <p class='ocr_par' dir='ltr' id='par_1_15' title="bbox 280 785 993 843">
     <span class='ocr_line' id='line_1_41' title="bbox 280 785 993 843; baseline -0.004 -13"><span class='ocrx_word' id='word_1_161' title='bbox 280 789 510 830; x_wconf 89' lang='lat' dir='ltr'>Persarum</span> <span class='ocrx_word' id='word_1_162' title='bbox 539 786 653 843; x_wconf 87' lang='lat' dir='ltr'>vigui</span> <span class='ocrx_word' id='word_1_163' title='bbox 683 798 786 842; x_wconf 81' lang='lat' dir='ltr'>rege</span> <span class='ocrx_word' id='word_1_164' title='bbox 816 785 993 828; x_wconf 81' lang='lat' dir='ltr'>beatior.</span> 
     </span>
    </p>
   </div>
   <div class='ocr_carea' id='block_1_15' title="bbox 1468 890 1493 930">
    <p class='ocr_par' dir='ltr' id='par_1_16' title="bbox 1468 890 1493 930">
     <span class='ocr_line' id='line_1_42' title="bbox 1468 890 1493 930; textangle 90"><span class='ocrx_word' id='word_1_165' title='bbox 1468 890 1493 930; x_wconf 63' lang='lat' dir='ltr'>Ue</span> 
     </span>
    </p>
   </div>
   <div class='ocr_carea' id='block_1_16' title="bbox 281 970 1225 1030">
    <p class='ocr_par' dir='ltr' id='par_1_17' title="bbox 281 970 1225 1030">
     <span class='ocr_line' id='line_1_43' title="bbox 281 970 1225 1030; baseline -0.006 -13"><span class='ocrx_word' id='word_1_166' title='bbox 281 973 430 1017; x_wconf 83' lang='lat' dir='ltr'>Arsisti</span> <span class='ocrx_word' id='word_1_167' title='bbox 460 986 604 1030; x_wconf 88' lang='lat' dir='ltr'>neque</span> <span class='ocrx_word' id='word_1_168' title='bbox 634 979 726 1015; x_wconf 89' lang='lat' dir='ltr'>erat</span> <span class='ocrx_word' id='word_1_169' title='bbox 754 971 890 1030; x_wconf 86' lang='lat' dir='ltr'>Lydia</span> <span class='ocrx_word' id='word_1_170' title='bbox 919 977 1015 1028; x_wconf 85' lang='lat' dir='ltr'>post</span> <span class='ocrx_word' id='word_1_171' title='bbox 1045 970 1225 1018; x_wconf 74' lang='lat' dir='ltr'>Chloen,</span> 
     </span>
    </p>
   </div>
   <div class='ocr_carea' id='block_1_17' title="bbox 282 1133 915 1192">
    <p class='ocr_par' dir='ltr' id='par_1_18' title="bbox 282 1133 915 1192">
     <span class='ocr_line' id='line_1_44' title="bbox 282 1133 915 1192; baseline -0.008 -13"><span class='ocrx_word' id='word_1_172' title='bbox 282 1137 471 1179; x_wconf 86' lang='lat' dir='ltr'>Romana</span> <span class='ocrx_word' id='word_1_173' title='bbox 497 1134 612 1192; x_wconf 82' lang='lat' dir='ltr'>vigui</span> <span class='ocrx_word' id='word_1_174' title='bbox 643 1133 797 1177; x_wconf 88' lang='lat' dir='ltr'>clarior</span> <span class='ocrx_word' id='word_1_175' title='bbox 828 1133 915 1176; x_wconf 84' lang='lat' dir='ltr'>Ilia.</span> 
     </span>
    </p>
   </div>
   <div class='ocr_carea' id='block_1_18' title="bbox 101 1263 1455 1359">
    <p class='ocr_par' dir='ltr' id='par_1_19' title="bbox 101 1263 1455 1359">
     <span class='ocr_line' id='line_1_45' title="bbox 144 1263 1455 1308; baseline -0.004 -7"><span class='ocrx_word' id='word_1_176' title='bbox 144 1269 200 1302; x_wconf 82' lang='lat' dir='ltr'>IX.</span> <span class='ocrx_word' id='word_1_177' title='bbox 238 1269 348 1301; x_wconf 89' lang='lat' dir='ltr'>Inscr.</span> <span class='ocrx_word' id='word_1_178' title='bbox 373 1266 463 1308; x_wconf 80' lang='lat' dir='ltr'>volg.</span> <span class='ocrx_word' id='word_1_179' title='bbox 512 1267 654 1299; x_wconf 74' lang='lat' dir='ltr'>cannen</span> <span class='ocrx_word' id='word_1_180' title='bbox 676 1266 891 1299; x_wconf 57' lang='lat' dir='ltr'>&amp;ambacum</span> <span class='ocrx_word' id='word_1_181' title='bbox 912 1263 968 1298; x_wconf 90' lang='lat' dir='ltr'>vel</span> <span class='ocrx_word' id='word_1_182' title='bbox 991 1266 1038 1296; x_wconf 78' lang='lat' dir='ltr'>ad</span> <span class='ocrx_word' id='word_1_183' title='bbox 1057 1264 1210 1304; x_wconf 67' lang='lat' dir='ltr'>Lydiam.</span> <span class='ocrx_word' id='word_1_184' title='bbox 1238 1280 1273 1286; x_wconf 95' lang='lat'><strong>—</strong></span> <span class='ocrx_word' id='word_1_185' title='bbox 1314 1263 1365 1296; x_wconf 74' lang='lat' dir='ltr'>Aa</span> <span class='ocrx_word' id='word_1_186' title='bbox 1385 1264 1455 1304; x_wconf 79' lang='lat' dir='ltr'>Ly-</span> 
     </span>
     <span class='ocr_line' id='line_1_46' title="bbox 101 1311 1454 1359; baseline -0.002 -9"><span class='ocrx_word' id='word_1_187' title='bbox 101 1318 193 1350; x_wconf 79' lang='lat' dir='ltr'>diam</span> <span class='ocrx_word' id='word_1_188' title='bbox 219 1317 424 1350; x_wconf 72' lang='lat' dir='ltr'>mretricem</span> <span class='ocrx_word' id='word_1_189' title='bbox 453 1317 565 1348; x_wconf 87' lang='lat' dir='ltr'>BSTc.</span> <span class='ocrx_word' id='word_1_190' title='bbox 604 1333 640 1339; x_wconf 92' lang='lat'>—</span> <span class='ocrx_word' id='word_1_191' title='bbox 681 1316 758 1348; x_wconf 91' lang='lat' dir='ltr'>Om.</span> <span class='ocrx_word' id='word_1_192' title='bbox 783 1315 819 1348; x_wconf 91' lang='lat' dir='ltr'>b.</span> <span class='ocrx_word' id='word_1_193' title='bbox 863 1333 899 1340; x_wconf 83' lang='lat'>-—</span> <span class='ocrx_word' id='word_1_194' title='bbox 938 1316 971 1347; x_wconf 84' lang='lat'>5.</span> <span class='ocrx_word' id='word_1_195' title='bbox 996 1316 1102 1347; x_wconf 78' lang='lat' dir='ltr'>aliam</span> <span class='ocrx_word' id='word_1_196' title='bbox 1129 1311 1257 1359; x_wconf 56' lang='grc' dir='ltr'><em>οὐᾳξ,</em></span> <span class='ocrx_word' id='word_1_197' title='bbox 1298 1315 1454 1356; x_wconf 83' lang='lat' dir='ltr'>quinque</span> 
     </span>
    </p>
   </div>
   <div class='ocr_carea' id='block_1_19' title="bbox 802 1480 1503 2652">
    <p class='ocr_par' dir='ltr' id='par_1_20' title="bbox 802 1480 1501 1720">
     <span class='ocr_line' id='line_1_47' title="bbox 803 1480 1496 1524; baseline 0 -10"><span class='ocrx_word' id='word_1_198' title='bbox 803 1481 1044 1524; x_wconf 87' lang='lat' dir='ltr'>proverbium.</span> <span class='ocrx_word' id='word_1_199' title='bbox 1091 1481 1244 1523; x_wconf 80' lang='lat' dir='ltr'>Hybrias</span> <span class='ocrx_word' id='word_1_200' title='bbox 1265 1482 1301 1514; x_wconf 91' lang='lat' dir='ltr'>in</span> <span class='ocrx_word' id='word_1_201' title='bbox 1323 1480 1438 1514; x_wconf 85' lang='lat' dir='ltr'>Seolio</span> <span class='ocrx_word' id='word_1_202' title='bbox 1460 1490 1496 1524; x_wconf 90' lang='lat' dir='ltr'>p.</span> 
     </span>
     <span class='ocr_line' id='line_1_48' title="bbox 803 1529 1499 1575; baseline 0.001 -12"><span class='ocrx_word' id='word_1_203' title='bbox 803 1532 879 1564; x_wconf 85' lang='lat'>877.</span> <span class='ocrx_word' id='word_1_204' title='bbox 896 1532 1010 1573; x_wconf 79' lang='lat' dir='ltr'>Bergk</span> <span class='ocrx_word' id='word_1_205' title='bbox 1024 1541 1032 1563; x_wconf 91' lang='lat'><strong>:</strong></span> <span class='ocrx_word' id='word_1_206' title='bbox 1050 1529 1199 1572; x_wconf 76' lang='grc' dir='ltr'><strong><em>Πάντες</em></strong></span> <span class='ocrx_word' id='word_1_207' title='bbox 1211 1529 1307 1575; x_wconf 73' lang='grc' dir='ltr'>γόνυ</span> <span class='ocrx_word' id='word_1_208' title='bbox 1323 1529 1499 1574; x_wconf 72' lang='grc' dir='ltr'><strong><em>πεπτηῶ-</em></strong></span> 
     </span>
     <span class='ocr_line' id='line_1_49' title="bbox 803 1577 1500 1627; baseline 0.001 -14"><span class='ocrx_word' id='word_1_209' title='bbox 803 1590 865 1622; x_wconf 80' lang='grc' dir='ltr'>τες</span> <span class='ocrx_word' id='word_1_210' title='bbox 886 1577 990 1623; x_wconf 81' lang='grc' dir='ltr'>ἀμὸν</span> <span class='ocrx_word' id='word_1_211' title='bbox 1003 1599 1025 1606; x_wconf 91' lang='grc'>-</span> <span class='ocrx_word' id='word_1_212' title='bbox 1038 1600 1060 1606; x_wconf 92' lang='grc'>-</span> <span class='ocrx_word' id='word_1_213' title='bbox 1073 1579 1349 1627; x_wconf 77' lang='grc' dir='ltr'><strong><em>προσκυνεῦντί</em></strong></span> <span class='ocrx_word' id='word_1_214' title='bbox 1369 1591 1420 1624; x_wconf 79' lang='grc' dir='ltr'>με</span> <span class='ocrx_word' id='word_1_215' title='bbox 1436 1580 1500 1614; x_wconf 79' lang='grc' dir='ltr'>δε-</span> 
     </span>
     <span class='ocr_line' id='line_1_50' title="bbox 803 1628 1501 1674; baseline 0.001 -12"><span class='ocrx_word' id='word_1_216' title='bbox 803 1628 952 1663; x_wconf 75' lang='grc' dir='ltr'><em>σπόταν</em></span> <span class='ocrx_word' id='word_1_217' title='bbox 974 1630 1050 1663; x_wconf 75' lang='grc' dir='ltr'>Καὶ</span> <span class='ocrx_word' id='word_1_218' title='bbox 1079 1632 1202 1674; x_wconf 76' lang='grc' dir='ltr'>μέγαν</span> <span class='ocrx_word' id='word_1_219' title='bbox 1230 1630 1395 1670; x_wconf 76' lang='grc' dir='ltr'><strong><em>βασιλέα</em></strong></span> <span class='ocrx_word' id='word_1_220' title='bbox 1415 1641 1501 1672; x_wconf 86' lang='grc' dir='ltr'>φω-</span> 
     </span>
     <span class='ocr_line' id='line_1_51' title="bbox 802 1681 964 1720; baseline 0 -8"><span class='ocrx_word' id='word_1_221' title='bbox 802 1681 964 1720; x_wconf 79' lang='grc' dir='ltr'><strong><em>νέοντες.</em></strong></span> 
     </span>
    </p>

    <p class='ocr_par' dir='ltr' id='par_1_21' title="bbox 803 1731 1503 2258">
     <span class='ocr_line' id='line_1_52' title="bbox 847 1731 1501 1772; baseline 0.002 -10"><span class='ocrx_word' id='word_1_222' title='bbox 847 1731 881 1762; x_wconf 83' lang='grc'>5.</span> <span class='ocrx_word' id='word_1_223' title='bbox 906 1731 939 1762; x_wconf 86' lang='grc'>6.</span> <span class='ocrx_word' id='word_1_224' title='bbox 964 1731 1035 1762; x_wconf 79' lang='lat' dir='ltr'>alia</span> <span class='ocrx_word' id='word_1_225' title='bbox 1048 1748 1068 1754; x_wconf 92' lang='lat'>-</span> <span class='ocrx_word' id='word_1_226' title='bbox 1082 1731 1209 1772; x_wconf 79' lang='lat' dir='ltr'>arsisti]</span> <span class='ocrx_word' id='word_1_227' title='bbox 1232 1731 1368 1763; x_wconf 81' lang='lat' dir='ltr'>Dicitur</span> <span class='ocrx_word' id='word_1_228' title='bbox 1381 1732 1501 1763; x_wconf 79' lang='lat' dir='ltr'>ardore</span> 
     </span>
     <span class='ocr_line' id='line_1_53' title="bbox 805 1780 1493 1822; baseline 0.003 -10"><span class='ocrx_word' id='word_1_229' title='bbox 805 1781 841 1812; x_wconf 88' lang='lat' dir='ltr'>et</span> <span class='ocrx_word' id='word_1_230' title='bbox 863 1780 977 1819; x_wconf 75' lang='lat' dir='ltr'>aliquo</span> <span class='ocrx_word' id='word_1_231' title='bbox 999 1781 1037 1812; x_wconf 90' lang='lat' dir='ltr'>et</span> <span class='ocrx_word' id='word_1_232' title='bbox 1057 1780 1213 1820; x_wconf 68' lang='lat' dir='ltr'>aliquan.</span> <span class='ocrx_word' id='word_1_233' title='bbox 1249 1781 1359 1822; x_wconf 89' lang='lat' dir='ltr'>Epod.</span> <span class='ocrx_word' id='word_1_234' title='bbox 1384 1780 1438 1821; x_wconf 69' lang='lat'>⁴4,</span> <span class='ocrx_word' id='word_1_235' title='bbox 1456 1781 1493 1814; x_wconf 79' lang='lat'>9:</span> 
     </span>
     <span class='ocr_line' id='line_1_54' title="bbox 805 1829 1500 1869; baseline 0.001 -8"><span class='ocrx_word' id='word_1_236' title='bbox 805 1829 920 1861; x_wconf 81' lang='lat' dir='ltr'>Samio</span> <span class='ocrx_word' id='word_1_237' title='bbox 950 1829 1064 1861; x_wconf 74' lang='lat' dir='ltr'>dicunt</span> <span class='ocrx_word' id='word_1_238' title='bbox 1092 1830 1211 1862; x_wconf 71' lang='lat' dir='ltr'>arsisse</span> <span class='ocrx_word' id='word_1_239' title='bbox 1230 1830 1383 1869; x_wconf 72' lang='lat' dir='ltr'>Bathyllo</span> <span class='ocrx_word' id='word_1_240' title='bbox 1403 1830 1500 1862; x_wconf 77' lang='lat' dir='ltr'>Ana-</span> 
     </span>
     <span class='ocr_line' id='line_1_55' title="bbox 805 1878 1502 1918; baseline 0.003 -8"><span class='ocrx_word' id='word_1_241' title='bbox 805 1882 952 1911; x_wconf 79' lang='lat' dir='ltr'>creonta.</span> <span class='ocrx_word' id='word_1_242' title='bbox 998 1878 1063 1910; x_wconf 87' lang='lat' dir='ltr'>Od.</span> <span class='ocrx_word' id='word_1_243' title='bbox 1090 1878 1129 1918; x_wconf 70' lang='lat'>4,</span> <span class='ocrx_word' id='word_1_244' title='bbox 1158 1879 1195 1917; x_wconf 88' lang='grc'>9,</span> <span class='ocrx_word' id='word_1_245' title='bbox 1232 1878 1291 1910; x_wconf 76' lang='lat'>⁴3:</span> <span class='ocrx_word' id='word_1_246' title='bbox 1330 1879 1502 1912; x_wconf 74' lang='lat' dir='ltr'>Nonsola</span> 
     </span>
     <span class='ocr_line' id='line_1_56' title="bbox 804 1928 1501 1968; baseline 0.003 -8"><span class='ocrx_word' id='word_1_247' title='bbox 804 1931 950 1968; x_wconf 74' lang='lat' dir='ltr'>comptos</span> <span class='ocrx_word' id='word_1_248' title='bbox 969 1928 1055 1960; x_wconf 73' lang='lat' dir='ltr'>arsit</span> <span class='ocrx_word' id='word_1_249' title='bbox 1076 1928 1220 1960; x_wconf 66' lang='lat' dir='ltr'>adulteri</span> <span class='ocrx_word' id='word_1_250' title='bbox 1241 1928 1365 1960; x_wconf 58' lang='lat' dir='ltr'>Crines.</span> <span class='ocrx_word' id='word_1_251' title='bbox 1411 1928 1501 1962; x_wconf 88' lang='lat' dir='ltr'>Illud</span> 
     </span>
     <span class='ocr_line' id='line_1_57' title="bbox 804 1977 1503 2019; baseline 0.004 -10"><span class='ocrx_word' id='word_1_252' title='bbox 804 1978 965 2010; x_wconf 80' lang='lat' dir='ltr'>usitatius</span> <span class='ocrx_word' id='word_1_253' title='bbox 986 1986 1029 2010; x_wconf 90' lang='lat' dir='ltr'>ac</span> <span class='ocrx_word' id='word_1_254' title='bbox 1050 1977 1198 2018; x_wconf 89' lang='lat' dir='ltr'>proinde</span> <span class='ocrx_word' id='word_1_255' title='bbox 1220 1977 1303 2009; x_wconf 89' lang='lat' dir='ltr'>huic</span> <span class='ocrx_word' id='word_1_256' title='bbox 1317 1977 1503 2019; x_wconf 83' lang='lat' dir='ltr'>simplicis-</span> 
     </span>
     <span class='ocr_line' id='line_1_58' title="bbox 805 2028 1499 2068; baseline 0.004 -9"><span class='ocrx_word' id='word_1_257' title='bbox 805 2028 896 2060; x_wconf 88' lang='lat' dir='ltr'>simo</span> <span class='ocrx_word' id='word_1_258' title='bbox 912 2028 1057 2060; x_wconf 88' lang='lat' dir='ltr'>carmini</span> <span class='ocrx_word' id='word_1_259' title='bbox 1072 2028 1196 2068; x_wconf 87' lang='lat' dir='ltr'>aptius.</span> <span class='ocrx_word' id='word_1_260' title='bbox 1222 2028 1378 2060; x_wconf 84' lang='lat' dir='ltr'>Firmant</span> <span class='ocrx_word' id='word_1_261' title='bbox 1391 2030 1499 2062; x_wconf 85' lang='lat' dir='ltr'>etiam</span> 
     </span>
     <span class='ocr_line' id='line_1_59' title="bbox 803 2076 1502 2119; baseline 0.003 -10"><span class='ocrx_word' id='word_1_262' title='bbox 803 2077 960 2119; x_wconf 87' lang='lat' dir='ltr'>potiores</span> <span class='ocrx_word' id='word_1_263' title='bbox 983 2077 1142 2110; x_wconf 88' lang='lat' dir='ltr'>Codices.</span> <span class='ocrx_word' id='word_1_264' title='bbox 1188 2076 1299 2108; x_wconf 78' lang='lat' dir='ltr'>Aliam</span> <span class='ocrx_word' id='word_1_265' title='bbox 1312 2079 1430 2110; x_wconf 85' lang='lat' dir='ltr'>ortum</span> <span class='ocrx_word' id='word_1_266' title='bbox 1445 2080 1502 2111; x_wconf 81' lang='lat' dir='ltr'>est</span> 
     </span>
     <span class='ocr_line' id='line_1_60' title="bbox 806 2126 1498 2168; baseline 0.001 -9"><span class='ocrx_word' id='word_1_267' title='bbox 806 2135 849 2159; x_wconf 81' lang='lat' dir='ltr'>ex</span> <span class='ocrx_word' id='word_1_268' title='bbox 860 2127 1093 2168; x_wconf 83' lang='lat' dir='ltr'>geminatione</span> <span class='ocrx_word' id='word_1_269' title='bbox 1105 2127 1288 2167; x_wconf 86' lang='lat' dir='ltr'>sequentis</span> <span class='ocrx_word' id='word_1_270' title='bbox 1299 2126 1448 2160; x_wconf 85' lang='lat' dir='ltr'>litterae.</span> <span class='ocrx_word' id='word_1_271' title='bbox 1459 2146 1498 2152; x_wconf 87' lang='lat'>-</span> 
     </span>
     <span class='ocr_line' id='line_1_61' title="bbox 804 2175 1500 2217; baseline 0.004 -10"><span class='ocrx_word' id='word_1_272' title='bbox 804 2179 881 2208; x_wconf 79' lang='lat' dir='ltr'>erat</span> <span class='ocrx_word' id='word_1_273' title='bbox 896 2193 916 2200; x_wconf 86' lang='lat'><em>-</em></span> <span class='ocrx_word' id='word_1_274' title='bbox 928 2179 1005 2216; x_wconf 75' lang='lat' dir='ltr'>post</span> <span class='ocrx_word' id='word_1_275' title='bbox 1024 2175 1160 2216; x_wconf 62' lang='lat' dir='ltr'>Chloen]</span> <span class='ocrx_word' id='word_1_276' title='bbox 1192 2176 1500 2217; x_wconf 74' lang='lat' dir='ltr'>«posthabebatm-</span> 
     </span>
     <span class='ocr_line' id='line_1_62' title="bbox 806 2225 972 2258; baseline -0.006 0"><span class='ocrx_word' id='word_1_277' title='bbox 806 2225 972 2258; x_wconf 79' lang='lat' dir='ltr'>Chloae.»</span> 
     </span>
    </p>

    <p class='ocr_par' dir='ltr' id='par_1_22' title="bbox 802 2273 1498 2652">
     <span class='ocr_line' id='line_1_63' title="bbox 848 2273 1498 2315; baseline 0.005 -9"><span class='ocrx_word' id='word_1_278' title='bbox 848 2275 879 2306; x_wconf 88' lang='lat'>7.</span> <span class='ocrx_word' id='word_1_279' title='bbox 904 2274 937 2306; x_wconf 92' lang='grc'>8.</span> <span class='ocrx_word' id='word_1_280' title='bbox 959 2273 1118 2315; x_wconf 61' lang='lat' dir='ltr'>nonanis]</span> <span class='ocrx_word' id='word_1_281' title='bbox 1141 2274 1406 2315; x_wconf 86' lang='lat' dir='ltr'>Imperitissime</span> <span class='ocrx_word' id='word_1_282' title='bbox 1428 2284 1498 2308; x_wconf 87' lang='lat' dir='ltr'>nu-</span> 
     </span>
     <span class='ocr_line' id='line_1_64' title="bbox 803 2323 1494 2366; baseline 0.003 -11"><span class='ocrx_word' id='word_1_283' title='bbox 803 2333 869 2366; x_wconf 87' lang='lat' dir='ltr'>per</span> <span class='ocrx_word' id='word_1_284' title='bbox 878 2331 1055 2356; x_wconf 87' lang='lat' dir='ltr'>nonnemo</span> <span class='ocrx_word' id='word_1_285' title='bbox 1066 2323 1226 2364; x_wconf 86' lang='lat' dir='ltr'>posthoc</span> <span class='ocrx_word' id='word_1_286' title='bbox 1235 2331 1314 2355; x_wconf 84' lang='lat' dir='ltr'>voc.</span> <span class='ocrx_word' id='word_1_287' title='bbox 1329 2323 1494 2364; x_wconf 80' lang='lat' dir='ltr'>distinxit,</span> 
     </span>
     <span class='ocr_line' id='line_1_65' title="bbox 803 2371 1495 2415; baseline 0.003 -10"><span class='ocrx_word' id='word_1_288' title='bbox 803 2375 844 2405; x_wconf 88' lang='lat' dir='ltr'>ut</span> <span class='ocrx_word' id='word_1_289' title='bbox 865 2373 974 2405; x_wconf 84' lang='lat' dir='ltr'>esset:</span> <span class='ocrx_word' id='word_1_290' title='bbox 1016 2371 1135 2404; x_wconf 73' lang='lat' dir='ltr'>«multi</span> <span class='ocrx_word' id='word_1_291' title='bbox 1158 2373 1308 2405; x_wconf 87' lang='lat' dir='ltr'>nominis</span> <span class='ocrx_word' id='word_1_292' title='bbox 1339 2373 1435 2415; x_wconf 87' lang='lat' dir='ltr'>apud</span> <span class='ocrx_word' id='word_1_293' title='bbox 1459 2376 1495 2407; x_wconf 82' lang='lat' dir='ltr'>te</span> 
     </span>
     <span class='ocr_line' id='line_1_66' title="bbox 804 2421 1494 2466; baseline 0.001 -12"><span class='ocrx_word' id='word_1_294' title='bbox 804 2430 919 2461; x_wconf 85' lang='lat' dir='ltr'>eram,</span> <span class='ocrx_word' id='word_1_295' title='bbox 946 2421 1003 2462; x_wconf 87' lang='lat' dir='ltr'>(et)</span> <span class='ocrx_word' id='word_1_296' title='bbox 1026 2422 1139 2462; x_wconf 80' lang='lat' dir='ltr'>vigui»</span> <span class='ocrx_word' id='word_1_297' title='bbox 1164 2423 1232 2454; x_wconf 88' lang='lat' dir='ltr'>cet.</span> <span class='ocrx_word' id='word_1_298' title='bbox 1263 2439 1301 2446; x_wconf 89' lang='lat'><strong>—</strong></span> <span class='ocrx_word' id='word_1_299' title='bbox 1324 2423 1494 2466; x_wconf 78' lang='lat' dir='ltr'>Romana]</span> 
     </span>
     <span class='ocr_line' id='line_1_67' title="bbox 805 2469 1495 2512; baseline 0.006 -11"><span class='ocrx_word' id='word_1_300' title='bbox 805 2472 895 2512; x_wconf 70' lang='lat' dir='ltr'>«Ego</span> <span class='ocrx_word' id='word_1_301' title='bbox 917 2469 1099 2512; x_wconf 86' lang='lat' dir='ltr'>(libertina)</span> <span class='ocrx_word' id='word_1_302' title='bbox 1122 2469 1251 2504; x_wconf 87' lang='lat' dir='ltr'>clarior</span> <span class='ocrx_word' id='word_1_303' title='bbox 1270 2471 1318 2504; x_wconf 73' lang='lat' dir='ltr'>tui</span> <span class='ocrx_word' id='word_1_304' title='bbox 1337 2471 1396 2504; x_wconf 86' lang='lat' dir='ltr'>Ilia</span> <span class='ocrx_word' id='word_1_305' title='bbox 1420 2473 1495 2505; x_wconf 84' lang='lat' dir='ltr'>sive</span> 
     </span>
     <span class='ocr_line' id='line_1_68' title="bbox 802 2519 1495 2563; baseline 0.004 -12"><span class='ocrx_word' id='word_1_306' title='bbox 802 2521 872 2552; x_wconf 83' lang='lat' dir='ltr'>Rea</span> <span class='ocrx_word' id='word_1_307' title='bbox 895 2519 1017 2559; x_wconf 83' lang='lat' dir='ltr'>Silvia,</span> <span class='ocrx_word' id='word_1_308' title='bbox 1046 2519 1183 2552; x_wconf 85' lang='lat' dir='ltr'>Romuli</span> <span class='ocrx_word' id='word_1_309' title='bbox 1208 2522 1341 2561; x_wconf 84' lang='lat' dir='ltr'>matre,</span> <span class='ocrx_word' id='word_1_310' title='bbox 1376 2522 1495 2563; x_wconf 66' lang='lat' dir='ltr'>regrina</span> 
     </span>
     <span class='ocr_line' id='line_1_69' title="bbox 802 2569 1493 2612; baseline 0.001 -10"><span class='ocrx_word' id='word_1_311' title='bbox 802 2569 859 2602; x_wconf 86' lang='lat' dir='ltr'>illa</span> <span class='ocrx_word' id='word_1_312' title='bbox 880 2570 1048 2602; x_wconf 75' lang='lat' dir='ltr'>sacerdote</span> <span class='ocrx_word' id='word_1_313' title='bbox 1082 2570 1186 2611; x_wconf 77' lang='lat' dir='ltr'>(V‘n-g.</span> <span class='ocrx_word' id='word_1_314' title='bbox 1213 2572 1300 2603; x_wconf 84' lang='lat' dir='ltr'>Aen.</span> <span class='ocrx_word' id='word_1_315' title='bbox 1330 2571 1367 2610; x_wconf 73' lang='lat'>⁴,</span> <span class='ocrx_word' id='word_1_316' title='bbox 1403 2570 1493 2612; x_wconf 76' lang='lat'>273.)</span> 
     </span>
     <span class='ocr_line' id='line_1_70' title="bbox 802 2618 1495 2652; baseline 0 0"><span class='ocrx_word' id='word_1_317' title='bbox 802 2620 1038 2652; x_wconf 81' lang='lat' dir='ltr'>Romanarum</span> <span class='ocrx_word' id='word_1_318' title='bbox 1047 2618 1300 2652; x_wconf 83' lang='lat' dir='ltr'>nobilissima.»</span> <span class='ocrx_word' id='word_1_319' title='bbox 1315 2620 1396 2652; x_wconf 88' lang='lat' dir='ltr'>Sine</span> <span class='ocrx_word' id='word_1_320' title='bbox 1407 2628 1495 2652; x_wconf 85' lang='lat' dir='ltr'>eau-</span> 
     </span>
    </p>
   </div>
   <div class='ocr_carea' id='block_1_20' title="bbox 110 2666 1495 2709">
    <p class='ocr_par' dir='ltr' id='par_1_23' title="bbox 110 2666 1495 2709">
     <span class='ocr_line' id='line_1_71' title="bbox 110 2666 1495 2709; baseline 0.001 -10"><span class='ocrx_word' id='word_1_321' title='bbox 110 2666 142 2699; x_wconf 66' lang='lat'>4.</span> <span class='ocrx_word' id='word_1_322' title='bbox 189 2669 390 2700; x_wconf 74' lang='lat' dir='ltr'>Per-samm-</span> <span class='ocrx_word' id='word_1_323' title='bbox 404 2667 496 2709; x_wconf 73' lang='lat' dir='ltr'>reqe]</span> <span class='ocrx_word' id='word_1_324' title='bbox 539 2668 600 2701; x_wconf 85' lang='lat' dir='ltr'>Est</span> <span class='ocrx_word' id='word_1_325' title='bbox 645 2667 753 2700; x_wconf 86' lang='lat' dir='ltr'>veluti</span> <span class='ocrx_word' id='word_1_326' title='bbox 802 2677 841 2701; x_wconf 90' lang='lat' dir='ltr'>sa</span> <span class='ocrx_word' id='word_1_327' title='bbox 868 2667 1023 2702; x_wconf 87' lang='lat' dir='ltr'>nonnulli</span> <span class='ocrx_word' id='word_1_328' title='bbox 1048 2668 1271 2701; x_wconf 80' lang='lat' dir='ltr'>offenderunt</span> <span class='ocrx_word' id='word_1_329' title='bbox 1296 2670 1331 2701; x_wconf 87' lang='lat' dir='ltr'>in</span> <span class='ocrx_word' id='word_1_330' title='bbox 1359 2678 1393 2701; x_wconf 87' lang='lat' dir='ltr'>v</span> <span class='ocrx_word' id='word_1_331' title='bbox 1425 2669 1495 2701; x_wconf 76' lang='lat' dir='ltr'>Ro-</span> 
     </span>
    </p>
   </div>
  </div>
 </body>
</html>
