1722 2904
199 112 283 154 342
713 113 885 144 HORATll
910 112 1134 145 CARMJNUM

709 473 1024 514 cm
1058 472 1137 512 11.
1335 385 1484 508 ε

425 590 660 646 Angustam
690 587 828 631 amice
858 586 1114 644 pauperiem
1142 586 1229 644 pati

422 669 642 714 Robustus
673 669 760 713 acri
791 667 943 711 militia
970 682 1083 725 puer

483 749 713 794 Condiscat
742 756 784 793 et
811 748 991 793 Parthos
1021 748 1189 793 feroces

288 885 330 916 11.
357 884 466 916 Inscr.
484 881 578 924 volg.
603 883 654 915 Ad
670 882 793 924 pubem
815 884 1013 915 Romanam.
1035 901 1071 906 —
1087 882 1139 915 Ad
1161 884 1286 916 amicos
1306 884 1372 916 BT.
1398 901 1435 907 -
1462 883 1513 916 Aa
1527 884 1612 916 ami-

242 942 296 965 cos
309 934 511 975 generaliter
523 934 556 965 S.
575 951 612 956 —
631 934 683 965 De
697 934 901 965 institutione
917 934 962 965 ad
977 933 1101 965 amicos
1114 933 1263 973 loquitur
1278 942 1299 966 c
1315 933 1362 975 (et
1376 932 1401 965 b
1417 933 1453 966 in
1467 934 1605 975 marg.).

247 1002 283 1006 —
311 984 343 1015 4.
369 984 469 1015 amici
493 984 533 1015 Lt
558 984 593 1015 et
617 992 661 1015 ex
684 982 826 1015 duobus
849 982 1034 1016 Pulmanni
1057 982 1169 1015 Bentl.
1196 983 1280 1023 Mei,
1307 983 1453 1025 Cruquii
1476 983 1513 1016 et
1533 984 1612 1016 Pot—

242 1034 334 1066 tierii
357 1042 484 1066 omnes
507 1034 624 1066 amice.
654 1051 690 1057 —
717 1033 748 1065 3.
773 1033 894 1074 ferocis
914 1034 952 1065 B.

242 1153 285 1184 11.
326 1152 401 1185 Hoc
436 1160 581 1193 quoque
616 1152 774 1184 carmine
807 1161 904 1194 γνω-
925 1150 930 1189 1
953 1152 1020 1184 Att.
1040 1151 1076 1192 6,
1097 1151 1132 1191 4,
1150 1151 1196 1193 3.)
1213 1151 1388 1184 clementer
1407 1152 1498 1193 ferre
1511 1151 1651 1193 aliquid

199 1199 319 1245 μικῷ,
352 1210 438 1234 vere
467 1202 643 1242 Romano,
680 1202 904 1234 iuventutem

202 1252 248 1284 ad
271 1251 461 1284 imitandas
483 1252 662 1284 maiorum
680 1252 829 1284 virtutes
847 1261 906 1284 ex-

200 1302 374 1334 hortatur.
423 1302 541 1334 Primo
565 1301 670 1342 igitur
697 1300 776 1334 loco
804 1310 905 1334 com-

201 1351 349 1384 mendat
370 1351 538 1383 virtutem
553 1350 730 1392 bellicam,
757 1361 828 1393 qua
843 1353 907 1385 ho-

202 1403 276 1435 stes
299 1401 507 1440 devincant,
532 1402 684 1443 patriam
704 1402 906 1435 custodiant

201 1453 393 1494 spretaque
417 1450 549 1492 volgari
572 1451 765 1484 ambitione
780 1462 905 1485 veram

204 1501 352 1543 gloriam
390 1500 457 1534 sibi
494 1502 640 1543 parent;
682 1501 830 1542 deinde,
866 1504 907 1535 ut

202 1551 374 1593 pietatem
390 1559 473 1592 erga
491 1550 579 1583 deos
595 1551 839 1584 immortales
830 1562 907 1585 lun-

204 1602 299 1633 ctam
334 1609 486 1653 semper
515 1609 597 1633 cum
631 1601 701 1634 fide
731 1602 906 1636 adversus

202 1650 369 1683 homines
403 1637 542 1691 colant,
588 1651 737 1692 suadet,
789 1654 906 1685 certas

204 1699 332 1733 sceleri
353 1709 489 1742 poenas
512 1701 706 1734 destinatas
729 1711 810 1735 esse
826 1712 907 1736 mo-

204 1758 306 1782 nens.
355 1750 411 1782 Sic
446 1750 534 1783 duas
567 1752 780 1793 praecipuas
813 1753 906 1784 vitae

206 1798 316 1832 civilis
331 1801 452 1841 partes
468 1799 599 1832 extollit
616 1802 722 1842 atque
740 1810 910 1834 exercen-

213 1850 278 1882 das
301 1850 545 1890 commendat,
581 1851 749 1885 virtutem
777 1853 812 1884 et
835 1853 910 1894 pie-

207 1900 329 1932 tatem.
379 1899 441 1941 (De
481 1901 579 1932 recte
621 1900 909 1935 administrandis

208 1948 418 1982 muneribus
434 1948 585 1991 publicis
601 1959 672 1982 non
687 1950 854 1992 loquitur,
872 1953 912 1984 ut

210 1998 374 2031 Liibkero
385 1999 503 2032 visum
515 2000 586 2039 est;
608 2009 693 2032 nam
702 2009 759 2032 vv.
768 2001 781 2032 4
789 2000 908 2034 7-24.

210 2058 229 2080 a
253 2057 363 2091 pravo
387 2057 495 2081 aurae
519 2048 700 2091 popularis
717 2049 832 2082 studio
850 2050 913 2083 de-

208 2098 437 2140 hortatur.)—
450 2099 655 2140 Suspicatus
666 2100 721 2131 est-
733 2108 912 2132 nonnemo

211 2148 279 2180 hoc
303 2157 448 2181 carmen
470 2149 505 2181 in
529 2147 720 2188 Liberalia,
761 2157 831 2190 quo
855 2149 912 2182 die

209 2198 311 2238 pueri
327 2199 446 2238 togam
459 2197 597 2230 virilem
609 2197 811 2238 sumebant,
830 2200 916 2231 scri-

211 2248 311 2288 ptum
335 2257 437 2288 esse,
475 2248 541 2281 sed
568 2248 674 2280 huius
702 2248 754 2280 rei
777 2247 913 2282 nullum

208 2304 356 2337 prorsus
402 2298 437 2330 in
482 2307 525 2330 eo
575 2298 668 2330 inest
711 2298 910 2339 vestigium.

212 2345 458 2387 compositum
493 2347 635 2380 videtur
658 2356 689 2380 a.
716 2356 750 2379 u.
778 2356 808 2379 c.
835 2347 910 2380 726.

255 2445 286 2476 4.
311 2445 427 2487 wmice]
451 2447 594 2487 proprie
619 2447 754 2479 «amico
771 2447 805 2479 in
833 2455 913 2479 eam

212 2494 368 2534 animon,
416 2495 451 2526 id
486 2497 555 2535 est,
605 2496 742 2528 «animo
778 2505 910 2538 aequo,

210 2544 399 2584 patienter,
426 2545 500 2577 sine
519 2554 627 2586 prava
644 2546 909 2587 repugnantia»,

211 2601 278 2624 usu
314 2593 462 2627 sortasse
497 2595 618 2634 unico,
663 2595 728 2627 sed
767 2604 912 2628 accom-

211 2642 356 2675 modato
391 2643 436 2675 ad
459 2645 675 2677 Graecorum
706 2640 911 2687 ἀγαπητῶς

209 2692 362 2737 φέρειν,
394 2694 429 2726 et
451 2693 496 2725 ad
520 2693 722 2727 Latinorum
755 2694 837 2735 (Cic.
864 2693 910 2726 ad

952 1201 1132 1235 Weberus
1169 1210 1274 1235 meus
1310 1210 1466 1244 eumque
1510 1203 1679 1236 secutus

953 1251 1095 1284 Liibker
1109 1251 1162 1284 sic
1181 1250 1378 1294 explicant:
1405 1249 1590 1293 «φιλικῶς
1609 1251 1655 1285 ad

953 1301 1103 1334 modum
1145 1301 1298 1334 heroum
1340 1300 1481 1334 illorum
1513 1301 1656 1343 frugalis

954 1351 1047 1390 aevi,
1098 1351 1159 1392 qui
1191 1352 1439 1393 paupertatem
1470 1352 1655 1393 tamquam

954 1409 1076 1433 caram
1085 1400 1214 1433 domus
1226 1401 1428 1434 consortem
1440 1401 1656 1434 habebant.»

955 1451 1030 1489 Qua
1058 1451 1179 1482 tamen
1204 1450 1341 1483 ratione
1369 1449 1548 1492 aliquanto
1577 1449 1658 1493 plus

954 1501 989 1532 in
1013 1500 1195 1532 notionem
1217 1508 1251 1532 v.
1277 1500 1385 1532 (unice
1406 1500 1528 1532 inferri
1554 1499 1658 1532 vide-

954 1551 1031 1589 tur,
1057 1558 1166 1590 quam
1200 1558 1244 1582 eo
1279 1550 1480 1592 exprimere
1514 1548 1658 1582 volebat

953 1600 1071 1641 poeta.
1118 1598 1183 1631 Alii
1206 1598 1330 1639 amici,
1355 1607 1512 1640 quocum
1535 1598 1659 1632 confe-

954 1650 1038 1682 runt
1060 1649 1124 1682 Od.
1150 1649 1183 1689 4,
1207 1649 1263 1689 27,
1287 1649 1320 1681 7.
1346 1650 1383 1681 et
1404 1649 1468 1682 Od.
1493 1649 1526 1690 4,
1544 1648 1600 1688 37,
1616 1648 1656 1682 4:

955 1699 1099 1739 sodalem
1135 1699 1223 1732 item
1238 1697 1437 1745 Epod.'⁴3,
1455 1698 1498 1732 3:
1537 1698 1660 1740 rapia—

955 1758 1048 1789 mus,
1100 1748 1217 1789 wmici,
1266 1749 1479 1781 occasionem
1515 1749 1555 1781 de
1593 1748 1657 1780 die.

956 1799 1091 1831 Verum
1113 1798 1182 1830 hoc
1205 1797 1351 1839 quidem
1366 1797 1447 1831 loco
1463 1798 1660 1831 amicorum

958 1847 1145 1890 appellatio
1177 1855 1306 1889 parum
1339 1848 1420 1889 apta
1459 1848 1534 1887 est,
1577 1855 1661 1880 cum

959 1897 1060 1930 amici
1089 1897 1232 1929 efficere
1263 1898 1463 1938 nequeant,
1498 1898 1538 1929 ut
1560 1897 1661 1929 iuve-

960 1955 1024 1980 nes
1058 1947 1206 1979 Romani
1238 1947 1487 1988 paupertatem
1527 1946 1662 1979 fortiter

960 1997 1033 2039 pati
1055 1997 1204 2029 discant.

1005 2048 1037 2079 2.
1077 2047 1151 2079 aori
1182 2045 1324 2088 militia]
1361 2045 1482 2078 «Acris
1518 2043 1660 2078 militiae

961 2105 1029 2129 usu
1063 2097 1171 2137 atque
1206 2095 1456 2128 exercitatione
1489 2095 1583 2127 hanc
1609 2093 1662 2127 la-

962 2146 1059 2179 boris
1093 2145 1338 2185 tolerantiam,
1374 2145 1410 2177 in
1441 2153 1511 2186 qua
1533 2153 1663 2187 saepe—

962 2204 1113 2228 numero
1135 2195 1228 2227 vitae
1253 2194 1450 2227 commodis
1467 2193 1661 2227 carendum

963 2247 1029 2285 est,
1054 2245 1237 2278 condiscat
1250 2253 1342 2286 puer
1357 2243 1561 2276 robustus.»
1605 2243 1662 2275 Sic

963 2296 1059 2328 enim
1082 2295 1207 2335 iungo,
1234 2303 1305 2326 non
1331 2302 1434 2326 vero:
1473 2291 1677 2340 «robustus.

963 2345 1075 2378 factus
1092 2345 1165 2376 acri
1182 2343 1335 2376 militia.»
1375 2343 1492 2384 Eurip.
1522 2342 1660 2384 Fragm.

962 2394 1059 2427 Alex.
1080 2395 1141 2426 ⁴5:
1177 2393 1296 2426 Πενία
1310 2391 1351 2425 δὲ
1365 2389 1556 2435 δύστηνον
1569 2392 1661 2435 μέν,

962 2440 1044 2477 ἀλλ’
1098 2439 1205 2486 ὅμως
1259 2443 1389 2490 τρέφει
1440 2438 1662 2482 Μοχθοῦντ’

961 2490 1106 2537 ἀμείνω
1135 2494 1250 2527 τέκνα
1272 2493 1338 2526 καὶ
1371 2490 1592 2540 δραστήρια.
1624 2510 1661 2516 -

957 2545 1054 2587 puer]
1079 2543 1181 2586 Apud
1205 2545 1382 2576 Romanos
1405 2544 1504 2576 aetas
1531 2541 1662 2575 milita-

962 2595 1009 2627 ris
1043 2594 1144 2626 XVII.
1178 2593 1302 2625 aetatis
1336 2601 1429 2625 anno
1460 2590 1660 2634 incipiebat.

962 2644 1024 2685 (Cf.
1060 2642 1143 2676 Gell.
1171 2644 1209 2675 N.
1244 2643 1283 2675 A.
1316 2643 1373 2683 40,
1406 2642 1460 2675 28.
1498 2642 1571 2674 Liv.
1599 2641 1660 2681 27,

962 2694 996 2725 44
1028 2693 1110 2733 cet.)
