1722 2904
613 74 750 107 LIBER.

798 73 928 124 canu.
947 75 994 107 ν.
1418 74 1502 118 677

281 175 451 229 Quibus
481 176 714 235 superbam
742 177 847 235 fugit
874 177 963 220 ulta
992 177 1211 235 pellicem,

339 257 477 314 Magni
511 257 706 302 Creontis
736 257 886 309 filiam,

284 338 391 382 Cum
419 337 552 395 palla,
585 337 684 382 tabo
713 352 870 382 munus
899 339 1125 389 imbutum,
1159 353 1312 383 novam

1445 343 1498 384 65

338 417 541 462 Incendio
570 425 746 477 nuptam
776 419 960 463 abstulit

282 499 407 557 Atqui
437 512 520 542 nec
547 498 683 543 herba
711 513 792 543 nec
821 499 958 543 latens
989 501 1031 542 in
1063 501 1229 590 asperis

336 560 471 624 Radix
500 579 644 623 refellit
673 594 744 623 me
773 579 893 624 locis.

283 659 490 703 Indormit
517 660 657 704 unctis
687 660 877 704 omnium
907 661 1119 706 cubilibus

341 739 567 784 Oblivione
597 739 811 798 pellicum.
841 766 898 773 —-

1445 746 1497 787 70

15 875 26 888 ,ν
141 859 196 892 63.
220 856 364 901 superba
378 859 438 900 Bc,
451 870 511 903 γκ.
531 859 583 901 (Ut
597 868 679 900 nos,
696 859 757 900 bS,
776 859 888 893 Codd.
906 860 1101 903 Blandinii.)
1120 880 1157 886 —-
1176 863 1339 903 paelicem
1355 865 1393 896 B.
1415 883 1450 887 -—

101 908 155 941 65.
179 909 376 951 insectumB
402 917 522 949 meus,
539 910 565 942 B
590 908 744 942 Ohe‘rlini
769 911 804 942 et
826 918 916 942 unus
931 911 1067 943 Bersm.
1095 929 1131 934 —
1160 912 1214 945 70.
1228 913 1397 953 paelicum
1412 915 1450 946 Β.

32 1003 216 1047 ὲ.ἰιιαιιθιιι,
255 1007 317 1048 qui
349 1005 611 1048 illo'unguento
638 1009 747 1047 usus,

31 1056 152 1099 ..quod
183 1056 259 1098 ipsa
285 1055 332 1089 ad
358 1064 466 1089 canes
491 1057 527 1089 in
550 1065 634 1090 eum
660 1057 750 1089 inci-

24 1103 181 1146 :enudas
203 1106 484 1148 temperaverat,
501 1106 750 1139 meretricibus

7 1153 247 1194 Δἧιιὶιιιιῖιιιίε
287 1154 499 1197 placiturum
538 1165 578 1188 se
615 1157 746 1197 speret.

2 1525 8 1548 ³
48 1598 50 1602 ι
94 1517 271 1591 ¹operare
309 1550 443 1591 possit,

74 1213 87 1227 ι
129 1203 185 1236 his
205 1204 429 1246 potissimum
450 1213 509 1237 vv.
534 1204 748 1238 scholiastae

2 1247 5 1249 ’
38 1259 88 1283 ὐ
106 1254 111 1280 ¹
129 1264 159 1289 ·«,
182 1264 227 1281 :··
259 1253 434 1294 videntur,
461 1254 643 1287 Canidiam
663 1263 749 1296 pro-

111 1309 171 1335 am
193 1301 301 1336 fuisse
335 1304 622 1344 unguentariam,
657 1305 748 1336 intra

42 1355 54 1375 a
89 1365 93 1376 ³
112 1351 270 1385 asticos
286 1352 441 1394 parietes
455 1361 589 1394 sagam.
614 1353 747 1385 Verum

43 1403 70 1439 *52
112 1413 115 1427 2
157 1409 217 1433 res
245 1402 300 1434 est
325 1402 410 1434 satis
432 1402 584 1434 incerta·
619 1401 747 1444 philtra

2 1469 7 1493 2
43 1439 93 1493 ἰ
104 1449 200 1486 dem
221 1459 315 1492 quae
343 1451 470 1484 miscet
490 1451 633 1492 mulier,
659 1460 748 1484 con-

164 1507 264 1532 eum
284 1501 356 1540 est,
379 1502 420 1533 ιιι
440 1501 546 1533 etiam
569 1503 744 1543 unguenta

494 1551 613 1583 utrum
654 1551 746 1584 hanc

105 1605 168 1630 ·m
208 1606 248 1630 re
286 1607 372 1631 vera
410 1601 576 1632 exerceat
611 1609 744 1640 necne,

4 1585 50 1702 i .
88 1660 103 1672 ι·
158 1647 292 1680 attinet.

82 1695 213 1730 64-64.
245 1696 314 1729 Gur
335 1697 426 1738 dira]
450 1698 544 1731 «Cur
566 1698 640 1740 ipsa
664 1707 746 1731 mea

46 1730 70 1771 >²
97 1752 207 1786 nene,
241 1754 312 1778 non
345 1747 462 1779 minus
491 1748 650 1789 profecto
679 1757 746 1790 po—

87 1805 102 1821 ·1
123 1794 150 1822 w':
190 1802 299 1836 quam
326 1804 385 1835 ea,
418 1796 548 1838 quibus
575 1806 641 1830 usa
671 1799 747 1831 Me-

109 1843 319 1877 Creusam
338 1853 368 1877 s.
393 1844 548 1878 Glaucen
576 1848 612 1878 et
635 1848 746 1879 totam

50 1846 101 1937 ³.
109 1906 135 1920 -..
154 1893 213 1926 tis
234 1894 369 1935 regiam
390 1896 553 1928 incendio
577 1905 746 1929 consum-

94 1953 97 1966 *
129 1966 139 1982 ‚
159 1941 256 1978 :nihil
279 1952 373 1976 nunc
395 1945 481 1976 mihi
509 1947 659 1986 prosunt
680 1955 746 1978 ne-

31 1990 34 1992 ’
157 1990 266 2025 ullam
296 1993 370 2025 vim
405 1994 441 2026 in
474 1995 607 2027 Varum
642 2004 747 2026 exer-

12 2036 62 2059 '³
94 2041 186 2072 w?-
224 2041 282 2074 Sic
314 2043 409 2076 enim
442 2043 535 2076 malo
569 2043 744 2085 explicare

134 2101 151 2117 ιι
191 2098 274 2122 cum
302 2090 397 2124 aliis:
437 2093 530 2125 «Cur
557 2092 632 2124 dira
663 2101 744 2124 mea

21 2127 62 2151 ³
89 2146 191 2171 --1ena
212 2139 330 2172 minus
351 2139 470 2173 valent
493 2142 641 2174 venenis
670 2142 747 2174 Me-

39 2167 64 2191 »ε

108 2188 186 2219 εἳ»
213 2188 386 2221 Theocrit.
412 2190 444 2229 2,
463 2189 515 2223 44.
531 2190 588 2222 ed.
605 2191 743 2224 Ameis:

194 2231 335 2270 Ἑκάτα
366 2236 572 2281 damma,
607 2240 672 2271 καὶ
706 2238 747 2279 ἐς

90 2288 102 2305 '
123 2299 130 2313 ⁶
194 2282 318 2330 ἄμμιν
356 2284 513 2329 ὀπάδει,
557 2287 747 2335 Φάρμακα

7 2316 102 2459 i}
111 2333 154 2366 ’ἵ
181 2331 339 2381 &edoma
371 2313 547 2384 xeo-siolfa
579 2336 679 2381 μήτε
711 2349 747 2371 τι

112 2399 117 2408 ν
157 2398 165 2410 1
205 2382 312 2427 Μήτε
325 2395 362 2418 τι
372 2385 539 2429 Μηδείας
552 2385 651 2430 μήτε
662 2385 748 2429 ξαν-

86 2429 368 2479 ἺΠεριμήδας.
393 2435 468 2467 Tib.
488 2437 519 2474 4,
537 2437 570 2476 2,
587 2437 649 2469 5⁴:
667 2437 748 2469 Sola

168 2483 278 2515 malas
288 2485 424 2517 Medeae
435 2485 556 2517 dicitur
565 2486 684 2518 herbas
690 2494 743 2527 sq.

4 2519 240 2572 Μαίη]
262 2533 301 2564 ιιι
323 2534 438 2566 omnis
464 2533 622 2574 aemula,
647 2543 748 2576 prae-

36 2572 160 2614 “tum
191 2588 234 2612 ac
262 2580 453 2615 feliciorem
487 2591 526 2615 se
557 2584 745 2639 reputans,

6 2630 7 2677 ᾗ
48 2624 105 2666 ei,
130 2628 228 2662 cuius
251 2638 390 2663 amores
416 2630 541 2671 laedit,
567 2632 685 2673 iniqua
713 2634 748 2664 et

771 1010 776 1018 ¹
800 1016 968 1049 arrogans
983 1008 1133 1042 videtur.
1169 1011 1287 1052 Longe
1303 1011 1372 1044 hoc
1388 1012 1497 1053 signi-

800 1057 960 1091 ficantius
973 1067 1082 1099 quam
1097 1058 1207 1092 altera
1221 1059 1326 1093 lectio
1339 1062 1494 1102 superba.

802 1126 839 1131 -
861 1107 964 1148 fuqit]
999 1108 1191 1148 «Athenas,
1229 1118 1337 1142 curru
1368 1110 1497 1144 draco-

798 1155 904 1188 nibus
927 1157 1046 1189 iuncto
1068 1166 1134 1199 per
1155 1161 1278 1191 aerem
1300 1161 1461 1192 avecta.-

842 1205 959 1238 65—68.
989 1206 1099 1248 palca]
1131 1207 1222 1239 Misit
1253 1207 1404 1242 Glaucae
1433 1207 1496 1241 λε-

799 1251 896 1286 πτόν
917 1264 959 1286 τε
981 1254 1125 1288 πέπλον
1146 1256 1212 1288 καὶ
1234 1255 1380 1290 πλόκον
1401 1268 1495 1304 χρυ-

798 1301 1003 1346 ablatem-
1014 1305 1132 1347 Eurip.
1157 1306 1249 1339 Med.
1275 1307 1351 1340 786.
1378 1325 1415 1331 —
1439 1311 1497 1340 ta—

797 1353 891 1394 bum,
924 1362 978 1395 pr.
1003 1355 1146 1395 sanguis
1170 1357 1378 1397 corruptus,
1408 1357 1444 1389 h.
1469 1356 1493 1389 l.

795 1412 861 1445 pro
883 1412 1044 1443 veneno,
1069 1403 1148 1444 lue,
1177 1406 1218 1437 ut
1239 1405 1333 1446 Virg.
1366 1407 1426 1438 Ge.
1452 1406 1492 1446 3,

797 1452 877 1485 48⁴:
917 1453 1030 1494 infecit
1054 1453 1185 1493 pabula
1212 1454 1309 1493 tabo;
1347 1463 1391 1486 ex
1422 1464 1493 1496 quo

796 1501 874 1534 loco
905 1501 1051 1534 fluxisse
1081 1502 1222 1534 videtur
1251 1503 1492 1544 antiquissima

797 1552 833 1583 et
866 1551 1029 1584 notabilis
1052 1551 1157 1584 lectio
1179 1553 1336 1594 infectum
1350 1578 1357 1592 ,
1397 1552 1495 1594 quod

797 1600 1022 1633 manifestum
1047 1603 1102 1633 est
1123 1600 1311 1642 glossema.
1347 1618 1383 1624 —
1422 1603 1495 1634 Na-

795 1650 944 1692 phtham
982 1651 1018 1682 et
1054 1649 1165 1682 sulfur
1204 1650 1312 1683 fuisse
1350 1651 1495 1683 tradunt

795 1708 974 1731 venenum
986 1724 994 1739 ,
1017 1708 1089 1740 quo
1105 1698 1282 1731 aemulam
1299 1699 1495 1741 perdiderit

796 1748 933 1781 Medea.
954 1748 1024 1780 Csr.
1038 1748 1149 1789 Epod.
1168 1748 1200 1789 3,
1216 1749 1268 1781 43.
1286 1765 1322 1771 -—
1346 1749 1381 1780 in
1396 1757 1494 1789 aspe-

795 1798 844 1829 ris
858 1815 878 1820 -
891 1814 911 1820 —
925 1797 1020 1839 locis]
1059 1797 1115 1829 Sic
1147 1798 1284 1830 aconita
1310 1801 1495 1830 nascuntur

796 1848 885 1880 dura
894 1846 1028 1879 vivacia
1039 1849 1147 1886 caute,
1161 1847 1259 1879 Ovid.
1272 1848 1352 1880 Met.
1368 1847 1400 1886 7,
1414 1846 1490 1879 4⁴8.

839 1895 881 1927 69
896 1914 917 1919 —
931 1895 986 1927 72.
1017 1895 1179 1927 Indormit
1205 1896 1293 1936 cet]
1318 1896 1435 1936 Pergit
1458 1896 1491 1927 in

796 1944 1003 1977 enarrandis
1026 1945 1100 1976 suis
1122 1943 1276 1984 artibus,
1301 1953 1369 1977 nec
1391 1953 1490 1984 vem,

794 1995 835 2026 ut
866 1992 990 2026 volunt
1023 1992 1096 2033 alii,
1145 2002 1184 2026 se
1220 1993 1265 2025 ab
1307 1992 1372 2025 alia
1409 2002 1492 2034 saga

796 2041 936 2075 aemula
960 2042 1091 2074 victam
1114 2042 1252 2075 fatetur.
1288 2043 1401 2075 Immo
1423 2043 1492 2075 hoc

797 2100 939 2134 quoque
973 2092 1064 2124 inter
1093 2092 1183 2124 ritus
1212 2092 1369 2132 magicos
1385 2116 1392 2130 ‚
1419 2092 1495 2133 qui-

795 2141 865 2173 bus
894 2143 975 2173 ante
1005 2149 1071 2173 usa
1101 2142 1164 2180 sit,
1211 2142 1403 2180 memorat,
1443 2141 1493 2172 in-

795 2191 937 2223 unxisse
954 2199 993 2222 se
1009 2190 1090 2222 Vari
1110 2190 1221 2232 ipsius
1236 2189 1404 2222 lectulum
1419 2198 1493 2222 ma-

796 2241 874 2281 gico
898 2248 984 2272 suco
999 2265 1006 2279 ,
1038 2240 1138 2272 cuius
1161 2249 1202 2272 ea
1224 2240 1277 2272 vis
1301 2239 1423 2279 fuerit,
1454 2241 1492 2271 ut

796 2289 851 2322 ille
875 2288 1144 2322 oblivisceretur
1167 2290 1326 2321 omnium
1342 2287 1489 2319 aliarum

796 2339 992 2371 amicarum
1014 2339 1157 2380 praeter
1172 2338 1297 2379 ipsam.
1337 2336 1407 2368 Sed
1427 2345 1491 2368 ne-

797 2396 866 2428 que
891 2387 959 2419 hoc
983 2386 1201 2419 aemularum
1222 2385 1428 2430 μίσηθρον,
1454 2386 1492 2416 ιιι

797 2437 971 2469 contraria
994 2435 1167 2482 φίλτροις
1188 2434 1382 2473 vocabant,
1408 2435 1490 2465 tunc

798 2494 879 2518 eam
903 2486 1050 2517 iuverat.
1079 2504 1115 2508 —
1141 2485 1252 2516 Minus
1276 2485 1393 2515 rectae
1410 2485 1492 2515 sunt

798 2533 885 2566 aliae
903 2534 1226 2576 interpretationes:
1254 2533 1283 2572 4)
1302 2531 1491 2563 «indormit

798 2582 974 2615 cubilibus
1001 2583 1158 2615 omnium
1183 2589 1342 2613 mearum
1366 2588 1491 2612 acmu-

798 2631 913 2664 larum
935 2632 1050 2664 unctis
1074 2630 1247 2663 oblivione
1273 2629 1392 2666 meh»
1420 2627 1488 2666 vel,
