<?xml version="1.0" encoding="UTF-8"?>
<!DOCTYPE html PUBLIC "-//W3C//DTD XHTML 1.0 Transitional//EN"
    "http://www.w3.org/TR/xhtml1/DTD/xhtml1-transitional.dtd">
<html xmlns="http://www.w3.org/1999/xhtml" xml:lang="en" lang="en">
 <head>
  <title>
</title>
<meta http-equiv="Content-Type" content="text/html;charset=utf-8" />
  <meta name='ocr-system' content='tesseract 3.04.00' />
  <meta name='ocr-capabilities' content='ocr_page ocr_carea ocr_par ocr_line ocrx_word'/>
</head>
<body>
  <div class='ocr_page' id='page_1' title='image "./qhoratiusflaccus12horauoft_0046.png"; bbox 0 0 1722 2904; ppageno 0'>
   <div class='ocr_carea' id='block_1_1' title="bbox 190 108 273 150">
    <p class='ocr_par' dir='ltr' id='par_1_1' title="bbox 190 108 273 150">
     <span class='ocr_line' id='line_1_1' title="bbox 190 108 273 150; baseline 0.012 -1"><span class='ocrx_word' id='word_1_1' title='bbox 190 108 273 150; x_wconf 76' lang='lat'>352</span> 
     </span>
    </p>
   </div>
   <div class='ocr_carea' id='block_1_2' title="bbox 705 99 1126 141">
    <p class='ocr_par' dir='ltr' id='par_1_2' title="bbox 705 99 1126 141">
     <span class='ocr_line' id='line_1_2' title="bbox 705 99 1126 141; baseline -0.002 -1"><span class='ocrx_word' id='word_1_2' title='bbox 705 108 876 140; x_wconf 77' lang='lat' dir='ltr'>HonATn</span> <span class='ocrx_word' id='word_1_3' title='bbox 902 99 1126 141; x_wconf 83' lang='lat' dir='ltr'>CARMINUM</span> 
     </span>
    </p>
   </div>
   <div class='ocr_carea' id='block_1_3' title="bbox 529 198 1255 257">
    <p class='ocr_par' dir='ltr' id='par_1_3' title="bbox 529 198 1255 257">
     <span class='ocr_line' id='line_1_3' title="bbox 529 198 1255 257; baseline -0.003 -15"><span class='ocrx_word' id='word_1_4' title='bbox 529 199 673 243; x_wconf 87' lang='lat' dir='ltr'>Martis</span> <span class='ocrx_word' id='word_1_5' title='bbox 703 198 827 257; x_wconf 88' lang='lat' dir='ltr'>equis</span> <span class='ocrx_word' id='word_1_6' title='bbox 858 199 1100 242; x_wconf 85' lang='lat' dir='ltr'><strong>Acheronta</strong></span> <span class='ocrx_word' id='word_1_7' title='bbox 1129 198 1255 255; x_wconf 80' lang='lat' dir='ltr'>fugit.</span> 
     </span>
    </p>
   </div>
   <div class='ocr_carea' id='block_1_4' title="bbox 419 304 1151 351">
    <p class='ocr_par' dir='ltr' id='par_1_4' title="bbox 419 304 1151 351">
     <span class='ocr_line' id='line_1_4' title="bbox 419 304 1151 351; baseline -0.007 0"><span class='ocrx_word' id='word_1_8' title='bbox 419 308 596 351; x_wconf 84' lang='lat' dir='ltr'>Gratum</span> <span class='ocrx_word' id='word_1_9' title='bbox 626 305 798 350; x_wconf 87' lang='lat' dir='ltr'>elocuta</span> <span class='ocrx_word' id='word_1_10' title='bbox 827 304 1151 349; x_wconf 85' lang='lat' dir='ltr'>consiliantibus</span> 
     </span>
    </p>
   </div>
   <div class='ocr_carea' id='block_1_5' title="bbox 430 387 752 431">
    <p class='ocr_par' dir='ltr' id='par_1_5' title="bbox 430 387 752 431">
     <span class='ocr_line' id='line_1_5' title="bbox 430 387 752 431; baseline -0.006 0"><span class='ocrx_word' id='word_1_11' title='bbox 430 390 591 431; x_wconf 92' lang='lat' dir='ltr'>lunone</span> <span class='ocrx_word' id='word_1_12' title='bbox 622 387 752 430; x_wconf 88' lang='lat' dir='ltr'>divis:</span> 
     </span>
    </p>
   </div>
   <div class='ocr_carea' id='block_1_6' title="bbox 785 385 1048 436">
    <p class='ocr_par' dir='ltr' id='par_1_6' title="bbox 785 385 1048 436">
     <span class='ocr_line' id='line_1_6' title="bbox 785 385 1048 436; baseline -0.008 -7"><span class='ocrx_word' id='word_1_13' title='bbox 785 386 910 436; x_wconf 92' lang='lat' dir='ltr'>Ilion,</span> <span class='ocrx_word' id='word_1_14' title='bbox 942 385 1048 429; x_wconf 89' lang='lat' dir='ltr'>Ilion</span> 
     </span>
    </p>
   </div>
   <div class='ocr_carea' id='block_1_7' title="bbox 479 466 1104 525">
    <p class='ocr_par' dir='ltr' id='par_1_7' title="bbox 479 466 1104 525">
     <span class='ocr_line' id='line_1_7' title="bbox 479 466 1104 525; baseline -0.003 -14"><span class='ocrx_word' id='word_1_15' title='bbox 479 468 634 512; x_wconf 87' lang='lat' dir='ltr'>Fatalis</span> <span class='ocrx_word' id='word_1_16' title='bbox 665 467 943 525; x_wconf 84' lang='lat' dir='ltr'>incestusque</span> <span class='ocrx_word' id='word_1_17' title='bbox 975 466 1104 510; x_wconf 84' lang='lat' dir='ltr'>iudex</span> 
     </span>
    </p>
   </div>
   <div class='ocr_carea' id='block_1_8' title="bbox 531 548 1184 606">
    <p class='ocr_par' dir='ltr' id='par_1_8' title="bbox 531 548 1184 606">
     <span class='ocr_line' id='line_1_8' title="bbox 531 548 1184 606; baseline -0.003 -14"><span class='ocrx_word' id='word_1_18' title='bbox 531 550 582 593; x_wconf 89' lang='lat' dir='ltr'>Et</span> <span class='ocrx_word' id='word_1_19' title='bbox 614 548 768 592; x_wconf 89' lang='lat' dir='ltr'>mulier</span> <span class='ocrx_word' id='word_1_20' title='bbox 801 548 1029 606; x_wconf 82' lang='lat' dir='ltr'>peregrina</span> <span class='ocrx_word' id='word_1_21' title='bbox 1058 548 1184 591; x_wconf 86' lang='lat' dir='ltr'>vertit</span> 
     </span>
    </p>
   </div>
   <div class='ocr_carea' id='block_1_9' title="bbox 1592 547 1648 590">
    <p class='ocr_par' dir='ltr' id='par_1_9' title="bbox 1592 547 1648 590">
     <span class='ocr_line' id='line_1_9' title="bbox 1592 547 1648 590; baseline -0.036 0"><span class='ocrx_word' id='word_1_22' title='bbox 1592 547 1648 590; x_wconf 75' lang='lat'>20</span> 
     </span>
    </p>
   </div>
   <div class='ocr_carea' id='block_1_10' title="bbox 420 652 1306 713">
    <p class='ocr_par' dir='ltr' id='par_1_10' title="bbox 420 652 1306 713">
     <span class='ocr_line' id='line_1_10' title="bbox 420 652 1306 713; baseline -0.003 -15"><span class='ocrx_word' id='word_1_23' title='bbox 420 658 467 698; x_wconf 93' lang='lat' dir='ltr'>In</span> <span class='ocrx_word' id='word_1_24' title='bbox 495 655 742 713; x_wconf 88' lang='lat' dir='ltr'>pulverem,</span> <span class='ocrx_word' id='word_1_25' title='bbox 775 668 829 698; x_wconf 87' lang='lat' dir='ltr'>ex</span> <span class='ocrx_word' id='word_1_26' title='bbox 859 667 946 712; x_wconf 85' lang='lat' dir='ltr'>quo</span> <span class='ocrx_word' id='word_1_27' title='bbox 977 653 1170 697; x_wconf 87' lang='lat' dir='ltr'>destituit</span> <span class='ocrx_word' id='word_1_28' title='bbox 1199 652 1306 696; x_wconf 89' lang='lat' dir='ltr'>deos</span> 
     </span>
    </p>
   </div>
   <div class='ocr_carea' id='block_1_11' title="bbox 238 777 1607 875">
    <p class='ocr_par' dir='ltr' id='par_1_11' title="bbox 238 777 1607 875">
     <span class='ocr_line' id='line_1_11' title="bbox 284 777 1607 822; baseline -0.002 -7"><span class='ocrx_word' id='word_1_29' title='bbox 284 783 337 815; x_wconf 90' lang='grc'>46.</span> <span class='ocrx_word' id='word_1_30' title='bbox 363 783 474 816; x_wconf 76' lang='lat' dir='ltr'>Patris</span> <span class='ocrx_word' id='word_1_31' title='bbox 496 781 588 822; x_wconf 71' lang='lat' dir='ltr'>equis</span> <span class='ocrx_word' id='word_1_32' title='bbox 611 780 699 814; x_wconf 93' lang='lat' dir='ltr'>Cod.</span> <span class='ocrx_word' id='word_1_33' title='bbox 727 779 773 822; x_wconf 71' lang='grc'>(9)</span> <span class='ocrx_word' id='word_1_34' title='bbox 813 779 961 818; x_wconf 68' lang='lat' dir='ltr'>Bai-thu,</span> <span class='ocrx_word' id='word_1_35' title='bbox 998 778 1101 820; x_wconf 87' lang='lat' dir='ltr'>prob.</span> <span class='ocrx_word' id='word_1_36' title='bbox 1127 777 1298 811; x_wconf 86' lang='lat' dir='ltr'>Bentleio.</span> <span class='ocrx_word' id='word_1_37' title='bbox 1330 795 1365 802; x_wconf 92' lang='grc'>--</span> <span class='ocrx_word' id='word_1_38' title='bbox 1407 779 1459 812; x_wconf 88' lang='grc'>47.</span> <span class='ocrx_word' id='word_1_39' title='bbox 1485 780 1607 812; x_wconf 80' lang='lat' dir='ltr'>Ratwm</span> 
     </span>
     <span class='ocr_line' id='line_1_12' title="bbox 238 827 1374 875; baseline -0.005 -8"><span class='ocrx_word' id='word_1_40' title='bbox 238 835 358 875; x_wconf 88' lang='lat' dir='ltr'>Progr.</span> <span class='ocrx_word' id='word_1_41' title='bbox 385 831 533 866; x_wconf 89' lang='lat' dir='ltr'>Scholae</span> <span class='ocrx_word' id='word_1_42' title='bbox 557 830 820 865; x_wconf 88' lang='lat' dir='ltr'>Tremoniensis</span> <span class='ocrx_word' id='word_1_43' title='bbox 844 839 875 862; x_wconf 91' lang='lat' dir='ltr'>a.</span> <span class='ocrx_word' id='word_1_44' title='bbox 904 828 1000 862; x_wconf 82' lang='grc'><strong>4840.</strong></span> <span class='ocrx_word' id='word_1_45' title='bbox 1031 847 1066 854; x_wconf 83' lang='lat'><strong>—</strong></span> <span class='ocrx_word' id='word_1_46' title='bbox 1092 829 1146 861; x_wconf 87' lang='grc'>24.</span> <span class='ocrx_word' id='word_1_47' title='bbox 1173 827 1315 866; x_wconf 69' lang='grc' dir='ltr'>ἀίειὶευόι</span> <span class='ocrx_word' id='word_1_48' title='bbox 1338 829 1374 861; x_wconf 90' lang='grc' dir='ltr'>Τ.</span> 
     </span>
    </p>
   </div>
   <div class='ocr_carea' id='block_1_12' title="bbox 195 932 899 1229">
    <p class='ocr_par' dir='ltr' id='par_1_12' title="bbox 195 932 899 1229">
     <span class='ocr_line' id='line_1_13' title="bbox 195 932 898 993; baseline -0.006 -21"><span class='ocrx_word' id='word_1_49' title='bbox 195 934 257 972; x_wconf 86' lang='grc' dir='ltr'>ὅτι</span> <span class='ocrx_word' id='word_1_50' title='bbox 292 935 554 985; x_wconf 77' lang='grc' dir='ltr'><em>σωφροσύνην</em></span> <span class='ocrx_word' id='word_1_51' title='bbox 593 938 673 980; x_wconf 81' lang='grc' dir='ltr'>μετ’</span> <span class='ocrx_word' id='word_1_52' title='bbox 721 932 898 993; x_wconf 80' lang='grc' dir='ltr'><em>ἀνδρείας</em></span> 
     </span>
     <span class='ocr_line' id='line_1_14' title="bbox 195 982 899 1033; baseline -0.006 -11"><span class='ocrx_word' id='word_1_53' title='bbox 195 985 407 1029; x_wconf 79' lang='grc' dir='ltr'><em>ἀσκοῦντες</em></span> <span class='ocrx_word' id='word_1_54' title='bbox 436 987 499 1021; x_wconf 78' lang='grc' dir='ltr'>ἐπὶ</span> <span class='ocrx_word' id='word_1_55' title='bbox 533 987 713 1021; x_wconf 80' lang='grc' dir='ltr'><em>πλεῖστον</em></span> <span class='ocrx_word' id='word_1_56' title='bbox 746 982 899 1033; x_wconf 76' lang='grc' dir='ltr'><em>ἀνθρω-</em></span> 
     </span>
     <span class='ocr_line' id='line_1_15' title="bbox 195 1034 895 1082; baseline -0.006 -10"><span class='ocrx_word' id='word_1_57' title='bbox 195 1040 306 1082; x_wconf 81' lang='grc' dir='ltr'><em>πίνης</em></span> <span class='ocrx_word' id='word_1_58' title='bbox 329 1034 536 1081; x_wconf 77' lang='grc' dir='ltr'><em>ἀφίξονται</em></span> <span class='ocrx_word' id='word_1_59' title='bbox 557 1035 770 1081; x_wconf 83' lang='grc' dir='ltr'><em>δυνάμεως.</em></span> <span class='ocrx_word' id='word_1_60' title='bbox 807 1035 895 1069; x_wconf 88' lang='lat' dir='ltr'>Plut.</span> 
     </span>
     <span class='ocr_line' id='line_1_16' title="bbox 195 1086 898 1129; baseline -0.004 -7"><span class='ocrx_word' id='word_1_61' title='bbox 195 1091 296 1122; x_wconf 88' lang='lat' dir='ltr'>Rom.</span> <span class='ocrx_word' id='word_1_62' title='bbox 321 1089 375 1121; x_wconf 90' lang='lat'>28.</span> <span class='ocrx_word' id='word_1_63' title='bbox 424 1088 569 1129; x_wconf 81' lang='lat' dir='ltr'>(Quirini</span> <span class='ocrx_word' id='word_1_64' title='bbox 604 1087 739 1129; x_wconf 83' lang='lat' dir='ltr'>effigies</span> <span class='ocrx_word' id='word_1_65' title='bbox 775 1087 829 1120; x_wconf 86' lang='lat' dir='ltr'>est</span> <span class='ocrx_word' id='word_1_66' title='bbox 862 1086 898 1118; x_wconf 90' lang='lat' dir='ltr'>in</span> 
     </span>
     <span class='ocr_line' id='line_1_17' title="bbox 196 1136 898 1171; baseline -0.004 0"><span class='ocrx_word' id='word_1_67' title='bbox 196 1147 343 1171; x_wconf 90' lang='lat' dir='ltr'>nummo</span> <span class='ocrx_word' id='word_1_68' title='bbox 374 1138 409 1170; x_wconf 89' lang='lat' dir='ltr'>C.</span> <span class='ocrx_word' id='word_1_69' title='bbox 442 1138 608 1171; x_wconf 85' lang='grc' dir='ltr'><strong>ΜΕΜΜΙ.</strong></span> <span class='ocrx_word' id='word_1_70' title='bbox 644 1137 678 1170; x_wconf 85' lang='lat' dir='ltr'>C.</span> <span class='ocrx_word' id='word_1_71' title='bbox 704 1137 741 1169; x_wconf 89' lang='lat' dir='ltr'>F.</span> <span class='ocrx_word' id='word_1_72' title='bbox 781 1136 898 1169; x_wconf 87' lang='lat' dir='ltr'>Riccio</span> 
     </span>
     <span class='ocr_line' id='line_1_18' title="bbox 195 1185 899 1229; baseline -0.004 -8"><span class='ocrx_word' id='word_1_73' title='bbox 195 1189 242 1221; x_wconf 86' lang='grc' dir='ltr'>Μ.</span> <span class='ocrx_word' id='word_1_74' title='bbox 269 1188 308 1220; x_wconf 88' lang='lat' dir='ltr'>F.</span> <span class='ocrx_word' id='word_1_75' title='bbox 334 1189 373 1220; x_wconf 87' lang='lat' dir='ltr'>R.</span> <span class='ocrx_word' id='word_1_76' title='bbox 399 1196 434 1229; x_wconf 88' lang='lat' dir='ltr'>p.</span> <span class='ocrx_word' id='word_1_77' title='bbox 461 1186 550 1228; x_wconf 72' lang='lat'><strong>⁴44.)</strong></span> <span class='ocrx_word' id='word_1_78' title='bbox 578 1205 614 1210; x_wconf 92' lang='lat'>—</span> <span class='ocrx_word' id='word_1_79' title='bbox 649 1187 773 1220; x_wconf 80' lang='lat' dir='ltr'>Martis</span> <span class='ocrx_word' id='word_1_80' title='bbox 796 1185 899 1227; x_wconf 79' lang='lat' dir='ltr'>equis]</span> 
     </span>
    </p>
   </div>
   <div class='ocr_carea' id='block_1_13' title="bbox 195 1236 918 1278">
    <p class='ocr_par' dir='ltr' id='par_1_13' title="bbox 195 1236 918 1278">
     <span class='ocr_line' id='line_1_19' title="bbox 195 1236 918 1278; baseline 0 -8"><span class='ocrx_word' id='word_1_81' title='bbox 195 1236 296 1270; x_wconf 91' lang='lat' dir='ltr'>Ovid.</span> <span class='ocrx_word' id='word_1_82' title='bbox 334 1238 417 1271; x_wconf 87' lang='lat' dir='ltr'>Met.</span> <span class='ocrx_word' id='word_1_83' title='bbox 455 1236 516 1277; x_wconf 70' lang='lat'>⁴4,</span> <span class='ocrx_word' id='word_1_84' title='bbox 553 1236 617 1269; x_wconf 84' lang='lat'>805</span> <span class='ocrx_word' id='word_1_85' title='bbox 650 1245 753 1278; x_wconf 89' lang='lat' dir='ltr'>seqq.</span> <span class='ocrx_word' id='word_1_86' title='bbox 803 1236 918 1270; x_wconf 83' lang='lat' dir='ltr'>Fast..</span> 
     </span>
    </p>
   </div>
   <div class='ocr_carea' id='block_1_14' title="bbox 195 1286 908 2717">
    <p class='ocr_par' dir='ltr' id='par_1_14' title="bbox 195 1286 905 1974">
     <span class='ocr_line' id='line_1_20' title="bbox 195 1286 902 1327; baseline -0.004 -7"><span class='ocrx_word' id='word_1_87' title='bbox 195 1289 236 1327; x_wconf 84' lang='lat'>2,</span> <span class='ocrx_word' id='word_1_88' title='bbox 273 1286 361 1320; x_wconf 77' lang='lat'><strong>493:</strong></span> <span class='ocrx_word' id='word_1_89' title='bbox 409 1286 495 1319; x_wconf 80' lang='lat' dir='ltr'>Hinc</span> <span class='ocrx_word' id='word_1_90' title='bbox 528 1289 645 1326; x_wconf 79' lang='lat' dir='ltr'>tonat,</span> <span class='ocrx_word' id='word_1_91' title='bbox 685 1286 761 1318; x_wconf 77' lang='lat' dir='ltr'>hinc</span> <span class='ocrx_word' id='word_1_92' title='bbox 793 1286 902 1318; x_wconf 77' lang='lat' dir='ltr'>missis</span> 
     </span>
     <span class='ocr_line' id='line_1_21' title="bbox 195 1335 900 1378; baseline -0.003 -9"><span class='ocrx_word' id='word_1_93' title='bbox 195 1336 411 1377; x_wconf 58' lang='lat' dir='ltr'>abrumpitur</span> <span class='ocrx_word' id='word_1_94' title='bbox 424 1335 556 1378; x_wconf 73' lang='lat' dir='ltr'>iynibus</span> <span class='ocrx_word' id='word_1_95' title='bbox 570 1336 683 1368; x_wconf 79' lang='lat' dir='ltr'>aether</span> <span class='ocrx_word' id='word_1_96' title='bbox 695 1345 707 1367; x_wconf 95' lang='grc'>.·</span> <span class='ocrx_word' id='word_1_97' title='bbox 730 1336 784 1367; x_wconf 77' lang='lat' dir='ltr'>Fit</span> <span class='ocrx_word' id='word_1_98' title='bbox 796 1335 900 1376; x_wconf 80' lang='lat' dir='ltr'>fu9a;</span> 
     </span>
     <span class='ocr_line' id='line_1_22' title="bbox 195 1385 897 1427; baseline -0.004 -8"><span class='ocrx_word' id='word_1_99' title='bbox 195 1396 260 1419; x_wconf 74' lang='lat' dir='ltr'>rex</span> <span class='ocrx_word' id='word_1_100' title='bbox 300 1386 428 1427; x_wconf 78' lang='lat' dir='ltr'>patriis</span> <span class='ocrx_word' id='word_1_101' title='bbox 473 1388 570 1417; x_wconf 86' lang='lat' dir='ltr'>astra</span> <span class='ocrx_word' id='word_1_102' title='bbox 610 1385 744 1425; x_wconf 80' lang='lat' dir='ltr'>petebat</span> <span class='ocrx_word' id='word_1_103' title='bbox 795 1385 897 1424; x_wconf 74' lang='lat' dir='ltr'>equis.</span> 
     </span>
     <span class='ocr_line' id='line_1_23' title="bbox 196 1433 901 1476; baseline -0.003 -8"><span class='ocrx_word' id='word_1_104' title='bbox 196 1437 313 1469; x_wconf 86' lang='lat' dir='ltr'>Etiam</span> <span class='ocrx_word' id='word_1_105' title='bbox 334 1436 483 1475; x_wconf 87' lang='lat' dir='ltr'>Dionys.</span> <span class='ocrx_word' id='word_1_106' title='bbox 510 1434 619 1467; x_wconf 87' lang='lat' dir='ltr'>Halic.</span> <span class='ocrx_word' id='word_1_107' title='bbox 646 1435 687 1476; x_wconf 86' lang='lat'>2,</span> <span class='ocrx_word' id='word_1_108' title='bbox 712 1435 767 1466; x_wconf 84' lang='lat'>57.</span> <span class='ocrx_word' id='word_1_109' title='bbox 794 1433 901 1466; x_wconf 88' lang='lat' dir='ltr'>tradit</span> 
     </span>
     <span class='ocr_line' id='line_1_24' title="bbox 197 1479 900 1530; baseline -0.004 -12"><span class='ocrx_word' id='word_1_110' title='bbox 197 1494 282 1519; x_wconf 90' lang='lat' dir='ltr'>eum</span> <span class='ocrx_word' id='word_1_111' title='bbox 297 1481 376 1517; x_wconf 87' lang='grc' dir='ltr'>ἀπὸ</span> <span class='ocrx_word' id='word_1_112' title='bbox 391 1482 461 1517; x_wconf 82' lang='grc' dir='ltr'>τοῦ</span> <span class='ocrx_word' id='word_1_113' title='bbox 478 1479 765 1530; x_wconf 75' lang='grc' dir='ltr'><em>πατρὸςἌρεως</em></span> <span class='ocrx_word' id='word_1_114' title='bbox 781 1479 900 1529; x_wconf 84' lang='grc' dir='ltr'><em>ἀνηρ-</em></span> 
     </span>
     <span class='ocr_line' id='line_1_25' title="bbox 197 1532 898 1575; baseline -0.003 -8"><span class='ocrx_word' id='word_1_115' title='bbox 197 1532 359 1568; x_wconf 80' lang='grc' dir='ltr'><em>πάσθαι.</em></span> <span class='ocrx_word' id='word_1_116' title='bbox 388 1553 425 1558; x_wconf 87' lang='grc'>-</span> <span class='ocrx_word' id='word_1_117' title='bbox 448 1533 651 1575; x_wconf 78' lang='lat' dir='ltr'>Acheronta]</span> <span class='ocrx_word' id='word_1_118' title='bbox 676 1533 817 1566; x_wconf 88' lang='lat' dir='ltr'>Pindar.</span> <span class='ocrx_word' id='word_1_119' title='bbox 843 1534 898 1565; x_wconf 89' lang='lat' dir='ltr'>Fr</span> 
     </span>
     <span class='ocr_line' id='line_1_26' title="bbox 199 1580 902 1629; baseline -0.006 -11"><span class='ocrx_word' id='word_1_120' title='bbox 199 1586 260 1625; x_wconf 87' lang='grc'>44,</span> <span class='ocrx_word' id='word_1_121' title='bbox 287 1584 319 1618; x_wconf 97' lang='lat'>4.</span> <span class='ocrx_word' id='word_1_122' title='bbox 360 1585 451 1617; x_wconf 90' lang='lat' dir='ltr'>Diss.</span> <span class='ocrx_word' id='word_1_123' title='bbox 478 1584 523 1617; x_wconf 90' lang='lat' dir='ltr'>de</span> <span class='ocrx_word' id='word_1_124' title='bbox 549 1584 625 1617; x_wconf 92' lang='lat' dir='ltr'>dis.</span> <span class='ocrx_word' id='word_1_125' title='bbox 665 1584 796 1617; x_wconf 84' lang='grc' dir='ltr'><em>Κεῐνοι</em></span> <span class='ocrx_word' id='word_1_126' title='bbox 828 1580 902 1629; x_wconf 83' lang='grc' dir='ltr'>γάρ</span> 
     </span>
     <span class='ocr_line' id='line_1_27' title="bbox 198 1628 902 1680; baseline -0.006 -12"><span class='ocrx_word' id='word_1_127' title='bbox 198 1637 228 1668; x_wconf 77' lang='grc' dir='ltr'>τ’</span> <span class='ocrx_word' id='word_1_128' title='bbox 264 1630 407 1667; x_wconf 77' lang='grc' dir='ltr'><em>ἄνοσοι</em></span> <span class='ocrx_word' id='word_1_129' title='bbox 451 1634 517 1666; x_wconf 79' lang='grc' dir='ltr'>καὶ</span> <span class='ocrx_word' id='word_1_130' title='bbox 550 1628 719 1680; x_wconf 79' lang='grc' dir='ltr'><em>ἀγήραοι</em></span> <span class='ocrx_word' id='word_1_131' title='bbox 762 1632 902 1666; x_wconf 89' lang='grc' dir='ltr'><em>Πόνων</em></span> 
     </span>
     <span class='ocr_line' id='line_1_28' title="bbox 198 1679 902 1740; baseline -0.003 -23"><span class='ocrx_word' id='word_1_132' title='bbox 198 1686 229 1717; x_wconf 86' lang='grc' dir='ltr'><em>τ</em></span> <span class='ocrx_word' id='word_1_133' title='bbox 261 1679 437 1740; x_wconf 80' lang='grc' dir='ltr'><em>ἄπειροι,</em></span> <span class='ocrx_word' id='word_1_134' title='bbox 475 1681 680 1729; x_wconf 84' lang='grc' dir='ltr'><em>βαρυβόαν</em></span> <span class='ocrx_word' id='word_1_135' title='bbox 712 1680 902 1730; x_wconf 82' lang='grc' dir='ltr'><em>Πορθμὸν</em></span> 
     </span>
     <span class='ocr_line' id='line_1_29' title="bbox 199 1728 901 1790; baseline -0.001 -23"><span class='ocrx_word' id='word_1_136' title='bbox 199 1731 433 1778; x_wconf 81' lang='grc' dir='ltr'><em>πεφευγότες</em></span> <span class='ocrx_word' id='word_1_137' title='bbox 458 1728 690 1790; x_wconf 82' lang='grc' dir='ltr'><em>Αχέροντος.</em></span> <span class='ocrx_word' id='word_1_138' title='bbox 753 1734 901 1766; x_wconf 87' lang='lat' dir='ltr'>Theocr.</span> 
     </span>
     <span class='ocr_line' id='line_1_30' title="bbox 200 1779 903 1830; baseline -0.004 -12"><span class='ocrx_word' id='word_1_139' title='bbox 200 1786 262 1825; x_wconf 90' lang='grc'>47,</span> <span class='ocrx_word' id='word_1_140' title='bbox 287 1783 351 1817; x_wconf 84' lang='lat'>46:</span> <span class='ocrx_word' id='word_1_141' title='bbox 391 1783 577 1830; x_wconf 82' lang='grc' dir='ltr'><em>Βερενίκα</em></span> <span class='ocrx_word' id='word_1_142' title='bbox 609 1779 773 1826; x_wconf 82' lang='grc' dir='ltr'><em>Εὗειδὴς</em></span> <span class='ocrx_word' id='word_1_143' title='bbox 799 1779 903 1822; x_wconf 81' lang='grc' dir='ltr'><em>Ἀχέ-</em></span> 
     </span>
     <span class='ocr_line' id='line_1_31' title="bbox 198 1830 900 1881; baseline -0.001 -14"><span class='ocrx_word' id='word_1_144' title='bbox 198 1843 316 1881; x_wconf 82' lang='grc' dir='ltr'><em>ροντα</em></span> <span class='ocrx_word' id='word_1_145' title='bbox 339 1831 581 1867; x_wconf 80' lang='grc' dir='ltr'><em>πολύπονον</em></span> <span class='ocrx_word' id='word_1_146' title='bbox 605 1830 679 1867; x_wconf 76' lang='grc' dir='ltr'>οὐκ</span> <span class='ocrx_word' id='word_1_147' title='bbox 703 1833 900 1880; x_wconf 81' lang='grc' dir='ltr'><em>ἐπέρασεν.</em></span> 
     </span>
     <span class='ocr_line' id='line_1_32' title="bbox 203 1883 905 1926; baseline 0 -10"><span class='ocrx_word' id='word_1_148' title='bbox 203 1903 239 1908; x_wconf 89' lang='grc'>-</span> <span class='ocrx_word' id='word_1_149' title='bbox 263 1884 365 1926; x_wconf 65' lang='lat' dir='ltr'>fugit]</span> <span class='ocrx_word' id='word_1_150' title='bbox 389 1885 430 1916; x_wconf 87' lang='lat' dir='ltr'>ut</span> <span class='ocrx_word' id='word_1_151' title='bbox 452 1883 516 1916; x_wconf 93' lang='lat' dir='ltr'>Od.</span> <span class='ocrx_word' id='word_1_152' title='bbox 543 1883 582 1924; x_wconf 87' lang='lat'>3,</span> <span class='ocrx_word' id='word_1_153' title='bbox 608 1885 646 1924; x_wconf 89' lang='lat'>2,</span> <span class='ocrx_word' id='word_1_154' title='bbox 672 1883 734 1917; x_wconf 89' lang='lat'>24:</span> <span class='ocrx_word' id='word_1_155' title='bbox 759 1884 905 1926; x_wconf 71' lang='lat' dir='ltr'>fuqiente</span> 
     </span>
     <span class='ocr_line' id='line_1_33' title="bbox 197 1943 323 1974; baseline 0 -8"><span class='ocrx_word' id='word_1_156' title='bbox 197 1943 323 1974; x_wconf 81' lang='lat' dir='ltr'>penna.</span> 
     </span>
    </p>

    <p class='ocr_par' dir='ltr' id='par_1_15' title="bbox 201 1982 908 2717">
     <span class='ocr_line' id='line_1_34' title="bbox 245 1982 903 2025; baseline -0.002 -10"><span class='ocrx_word' id='word_1_157' title='bbox 245 1983 298 2015; x_wconf 90' lang='grc'>47.</span> <span class='ocrx_word' id='word_1_158' title='bbox 340 1982 394 2016; x_wconf 90' lang='grc'>48.</span> <span class='ocrx_word' id='word_1_159' title='bbox 435 1982 595 2025; x_wconf 82' lang='lat' dir='ltr'>Gratwm]</span> <span class='ocrx_word' id='word_1_160' title='bbox 636 1983 768 2015; x_wconf 85' lang='lat' dir='ltr'>Omnes</span> <span class='ocrx_word' id='word_1_161' title='bbox 808 1982 903 2015; x_wconf 90' lang='lat' dir='ltr'>enim</span> 
     </span>
     <span class='ocr_line' id='line_1_35' title="bbox 201 2031 903 2074; baseline -0.001 -9"><span class='ocrx_word' id='word_1_162' title='bbox 201 2031 349 2066; x_wconf 86' lang='lat' dir='ltr'>Romulo</span> <span class='ocrx_word' id='word_1_163' title='bbox 373 2032 550 2065; x_wconf 79' lang='lat' dir='ltr'>favebant.</span> <span class='ocrx_word' id='word_1_164' title='bbox 582 2049 619 2056; x_wconf 91' lang='lat'><em>-</em></span> <span class='ocrx_word' id='word_1_165' title='bbox 645 2032 903 2074; x_wconf 73' lang='lat' dir='ltr'>consiliantibus]</span> 
     </span>
     <span class='ocr_line' id='line_1_36' title="bbox 203 2080 904 2122; baseline -0.003 -7"><span class='ocrx_word' id='word_1_166' title='bbox 203 2081 520 2122; x_wconf 82' lang='lat' dir='ltr'>«deliberantibus,</span> <span class='ocrx_word' id='word_1_167' title='bbox 561 2083 682 2115; x_wconf 85' lang='lat' dir='ltr'>utrum</span> <span class='ocrx_word' id='word_1_168' title='bbox 705 2082 739 2114; x_wconf 90' lang='lat' dir='ltr'>in</span> <span class='ocrx_word' id='word_1_169' title='bbox 764 2080 904 2114; x_wconf 87' lang='lat' dir='ltr'>caelum</span> 
     </span>
     <span class='ocr_line' id='line_1_37' title="bbox 201 2131 903 2173; baseline -0.001 -9"><span class='ocrx_word' id='word_1_170' title='bbox 201 2131 427 2173; x_wconf 87' lang='lat' dir='ltr'>recipiendus</span> <span class='ocrx_word' id='word_1_171' title='bbox 452 2133 548 2164; x_wconf 89' lang='lat' dir='ltr'>esset</span> <span class='ocrx_word' id='word_1_172' title='bbox 570 2140 720 2164; x_wconf 76' lang='lat' dir='ltr'>necne.»</span> <span class='ocrx_word' id='word_1_173' title='bbox 750 2132 802 2164; x_wconf 90' lang='lat' dir='ltr'>De</span> <span class='ocrx_word' id='word_1_174' title='bbox 825 2131 903 2172; x_wconf 89' lang='lat' dir='ltr'>ipso</span> 
     </span>
     <span class='ocr_line' id='line_1_38' title="bbox 201 2180 904 2222; baseline -0.001 -9"><span class='ocrx_word' id='word_1_175' title='bbox 201 2191 235 2213; x_wconf 80' lang='lat' dir='ltr'>V.</span> <span class='ocrx_word' id='word_1_176' title='bbox 253 2181 427 2213; x_wconf 77' lang='lat' dir='ltr'>consiliari</span> <span class='ocrx_word' id='word_1_177' title='bbox 442 2182 477 2213; x_wconf 91' lang='lat' dir='ltr'>in</span> <span class='ocrx_word' id='word_1_178' title='bbox 494 2180 671 2214; x_wconf 89' lang='lat' dir='ltr'>nonnullis</span> <span class='ocrx_word' id='word_1_179' title='bbox 687 2181 904 2222; x_wconf 87' lang='lat' dir='ltr'>scriptorum</span> 
     </span>
     <span class='ocr_line' id='line_1_39' title="bbox 202 2229 902 2272; baseline -0.001 -10"><span class='ocrx_word' id='word_1_180' title='bbox 202 2230 288 2263; x_wconf 89' lang='lat' dir='ltr'>locis</span> <span class='ocrx_word' id='word_1_181' title='bbox 322 2232 512 2272; x_wconf 88' lang='lat' dir='ltr'>suspecto,</span> <span class='ocrx_word' id='word_1_182' title='bbox 551 2230 609 2263; x_wconf 88' lang='lat' dir='ltr'>hic</span> <span class='ocrx_word' id='word_1_183' title='bbox 638 2231 675 2262; x_wconf 85' lang='lat' dir='ltr'>et</span> <span class='ocrx_word' id='word_1_184' title='bbox 696 2231 736 2262; x_wconf 89' lang='lat' dir='ltr'>A.</span> <span class='ocrx_word' id='word_1_185' title='bbox 762 2231 799 2262; x_wconf 90' lang='lat' dir='ltr'>P.</span> <span class='ocrx_word' id='word_1_186' title='bbox 826 2229 902 2262; x_wconf 87' lang='grc'><strong>496.</strong></span> 
     </span>
     <span class='ocr_line' id='line_1_40' title="bbox 203 2279 903 2319; baseline 0 -8"><span class='ocrx_word' id='word_1_187' title='bbox 203 2281 321 2319; x_wconf 83' lang='lat' dir='ltr'>certo,</span> <span class='ocrx_word' id='word_1_188' title='bbox 358 2279 421 2312; x_wconf 83' lang='lat' dir='ltr'><strong>cfr.</strong></span> <span class='ocrx_word' id='word_1_189' title='bbox 454 2280 537 2312; x_wconf 91' lang='lat' dir='ltr'>Ern.</span> <span class='ocrx_word' id='word_1_190' title='bbox 573 2280 620 2312; x_wconf 91' lang='lat' dir='ltr'>ad</span> <span class='ocrx_word' id='word_1_191' title='bbox 643 2281 724 2312; x_wconf 88' lang='lat' dir='ltr'>Tac.</span> <span class='ocrx_word' id='word_1_192' title='bbox 750 2280 836 2312; x_wconf 82' lang='lat' dir='ltr'>Hist.</span> <span class='ocrx_word' id='word_1_193' title='bbox 861 2280 903 2318; x_wconf 86' lang='lat'>2,</span> 
     </span>
     <span class='ocr_line' id='line_1_41' title="bbox 203 2328 906 2369; baseline 0 -9"><span class='ocrx_word' id='word_1_194' title='bbox 203 2328 264 2360; x_wconf 85' lang='lat'>53:</span> <span class='ocrx_word' id='word_1_195' title='bbox 301 2338 420 2361; x_wconf 77' lang='lat' dir='ltr'>rursus</span> <span class='ocrx_word' id='word_1_196' title='bbox 440 2330 672 2369; x_wconf 59' lang='lat' dir='ltr'>consiliatur-53</span> <span class='ocrx_word' id='word_1_197' title='bbox 711 2330 796 2361; x_wconf 87' lang='lat' dir='ltr'>item</span> <span class='ocrx_word' id='word_1_198' title='bbox 819 2329 906 2361; x_wconf 89' lang='lat' dir='ltr'>For-</span> 
     </span>
     <span class='ocr_line' id='line_1_42' title="bbox 204 2376 908 2422; baseline 0.001 -13"><span class='ocrx_word' id='word_1_199' title='bbox 204 2376 382 2410; x_wconf 89' lang='lat' dir='ltr'>cellinum.</span> <span class='ocrx_word' id='word_1_200' title='bbox 404 2396 441 2402; x_wconf 89' lang='lat'>--</span> <span class='ocrx_word' id='word_1_201' title='bbox 457 2380 592 2422; x_wconf 61' lang='lat' dir='ltr'>limone]</span> <span class='ocrx_word' id='word_1_202' title='bbox 617 2378 735 2412; x_wconf 86' lang='lat' dir='ltr'>Simile</span> <span class='ocrx_word' id='word_1_203' title='bbox 752 2379 807 2412; x_wconf 86' lang='lat' dir='ltr'>est</span> <span class='ocrx_word' id='word_1_204' title='bbox 822 2378 908 2410; x_wconf 91' lang='lat' dir='ltr'>deo-</span> 
     </span>
     <span class='ocr_line' id='line_1_43' title="bbox 204 2426 903 2470; baseline 0 -11"><span class='ocrx_word' id='word_1_205' title='bbox 204 2435 285 2460; x_wconf 87' lang='lat' dir='ltr'>rum</span> <span class='ocrx_word' id='word_1_206' title='bbox 320 2427 506 2460; x_wconf 83' lang='lat' dir='ltr'>consilium</span> <span class='ocrx_word' id='word_1_207' title='bbox 539 2429 635 2470; x_wconf 90' lang='lat' dir='ltr'>apud</span> <span class='ocrx_word' id='word_1_208' title='bbox 669 2429 789 2470; x_wconf 90' lang='lat' dir='ltr'>Eurip.</span> <span class='ocrx_word' id='word_1_209' title='bbox 826 2426 903 2460; x_wconf 86' lang='lat' dir='ltr'>Hel.</span> 
     </span>
     <span class='ocr_line' id='line_1_44' title="bbox 204 2473 904 2537; baseline 0.004 -29"><span class='ocrx_word' id='word_1_210' title='bbox 204 2476 280 2508; x_wconf 90' lang='grc'><strong>878.</strong></span> <span class='ocrx_word' id='word_1_211' title='bbox 307 2476 434 2508; x_wconf 87' lang='lat' dir='ltr'>Dind.:</span> <span class='ocrx_word' id='word_1_212' title='bbox 465 2473 571 2523; x_wconf 84' lang='grc' dir='ltr'><em>Ἐρις</em></span> <span class='ocrx_word' id='word_1_213' title='bbox 603 2476 690 2537; x_wconf 82' lang='grc' dir='ltr'>γὰρ</span> <span class='ocrx_word' id='word_1_214' title='bbox 710 2478 751 2511; x_wconf 84' lang='grc' dir='ltr'>ἐν</span> <span class='ocrx_word' id='word_1_215' title='bbox 772 2477 904 2518; x_wconf 75' lang='grc' dir='ltr'><em>θεοῖς,</em></span> 
     </span>
     <span class='ocr_line' id='line_1_45' title="bbox 205 2521 906 2583; baseline 0.004 -26"><span class='ocrx_word' id='word_1_216' title='bbox 205 2521 395 2568; x_wconf 81' lang='grc' dir='ltr'><em>σύλλογός</em></span> <span class='ocrx_word' id='word_1_217' title='bbox 417 2535 458 2558; x_wconf 83' lang='grc' dir='ltr'>τε</span> <span class='ocrx_word' id='word_1_218' title='bbox 479 2524 548 2559; x_wconf 80' lang='grc' dir='ltr'>τοῦ</span> <span class='ocrx_word' id='word_1_219' title='bbox 573 2528 675 2583; x_wconf 88' lang='grc' dir='ltr'><em>περι</em></span> <span class='ocrx_word' id='word_1_220' title='bbox 670 2523 809 2560; x_wconf 64' lang='grc' dir='ltr'><em>’Ἔσται</em></span> <span class='ocrx_word' id='word_1_221' title='bbox 830 2524 906 2559; x_wconf 82' lang='grc' dir='ltr'>πά-</span> 
     </span>
     <span class='ocr_line' id='line_1_46' title="bbox 205 2572 906 2624; baseline 0.006 -18"><span class='ocrx_word' id='word_1_222' title='bbox 205 2572 338 2620; x_wconf 86' lang='grc' dir='ltr'><em>ρεδρος</em></span> <span class='ocrx_word' id='word_1_223' title='bbox 359 2575 452 2618; x_wconf 83' lang='grc' dir='ltr'><em>Ζηνὶ</em></span> <span class='ocrx_word' id='word_1_224' title='bbox 474 2573 558 2619; x_wconf 79' lang='grc' dir='ltr'>τῷδ’</span> <span class='ocrx_word' id='word_1_225' title='bbox 585 2576 626 2608; x_wconf 82' lang='grc' dir='ltr'>ἐν</span> <span class='ocrx_word' id='word_1_226' title='bbox 649 2572 780 2619; x_wconf 76' lang='grc' dir='ltr'>ἤματι.</span> <span class='ocrx_word' id='word_1_227' title='bbox 810 2572 906 2624; x_wconf 66' lang='grc' dir='ltr'>’Ἡρα</span> 
     </span>
     <span class='ocr_line' id='line_1_47' title="bbox 204 2619 906 2673; baseline 0.006 -17"><span class='ocrx_word' id='word_1_228' title='bbox 204 2625 296 2666; x_wconf 84' lang='grc' dir='ltr'>μέν,</span> <span class='ocrx_word' id='word_1_229' title='bbox 336 2619 361 2667; x_wconf 78' lang='grc' dir='ltr'><em>ἢ</em></span> <span class='ocrx_word' id='word_1_230' title='bbox 395 2634 461 2657; x_wconf 88' lang='grc' dir='ltr'>σοι</span> <span class='ocrx_word' id='word_1_231' title='bbox 493 2623 685 2669; x_wconf 82' lang='grc' dir='ltr'><em>δυσμενὴς</em></span> <span class='ocrx_word' id='word_1_232' title='bbox 719 2627 906 2673; x_wconf 80' lang='grc' dir='ltr'><em>πάροιθεν</em></span> 
     </span>
     <span class='ocr_line' id='line_1_48' title="bbox 206 2667 905 2717; baseline 0.007 -12"><span class='ocrx_word' id='word_1_233' title='bbox 206 2667 276 2715; x_wconf 81' lang='grc' dir='ltr'>ἤν,</span> <span class='ocrx_word' id='word_1_234' title='bbox 302 2672 382 2707; x_wconf 88' lang='grc' dir='ltr'>Νῦν</span> <span class='ocrx_word' id='word_1_235' title='bbox 405 2673 508 2707; x_wconf 81' lang='grc' dir='ltr'><em>ἐστιν</em></span> <span class='ocrx_word' id='word_1_236' title='bbox 531 2670 679 2717; x_wconf 86' lang='grc' dir='ltr'><em>ευνους.</em></span> <span class='ocrx_word' id='word_1_237' title='bbox 727 2677 782 2710; x_wconf 91' lang='lat' dir='ltr'>Sic</span> <span class='ocrx_word' id='word_1_238' title='bbox 799 2677 905 2710; x_wconf 85' lang='lat' dir='ltr'>etiam</span> 
     </span>
    </p>
   </div>
   <div class='ocr_carea' id='block_1_15' title="bbox 947 934 1657 2721">
    <p class='ocr_par' dir='ltr' id='par_1_16' title="bbox 947 934 1654 1476">
     <span class='ocr_line' id='line_1_49' title="bbox 948 934 1646 978; baseline 0.003 -11"><span class='ocrx_word' id='word_1_239' title='bbox 948 936 983 967; x_wconf 94' lang='lat' dir='ltr'>in</span> <span class='ocrx_word' id='word_1_240' title='bbox 999 934 1150 968; x_wconf 85' lang='lat' dir='ltr'>Hercule</span> <span class='ocrx_word' id='word_1_241' title='bbox 1167 936 1259 969; x_wconf 88' lang='lat' dir='ltr'>inter</span> <span class='ocrx_word' id='word_1_242' title='bbox 1274 936 1363 969; x_wconf 89' lang='lat' dir='ltr'>deos</span> <span class='ocrx_word' id='word_1_243' title='bbox 1378 936 1595 978; x_wconf 87' lang='lat' dir='ltr'>recipiendo.</span> <span class='ocrx_word' id='word_1_244' title='bbox 1611 954 1646 961; x_wconf 98' lang='lat'>—</span> 
     </span>
     <span class='ocr_line' id='line_1_50' title="bbox 949 985 1652 1028; baseline 0.003 -11"><span class='ocrx_word' id='word_1_245' title='bbox 949 985 1026 1024; x_wconf 88' lang='lat' dir='ltr'>Quo</span> <span class='ocrx_word' id='word_1_246' title='bbox 1061 986 1182 1018; x_wconf 78' lang='lat' dir='ltr'>autem</span> <span class='ocrx_word' id='word_1_247' title='bbox 1214 986 1320 1019; x_wconf 89' lang='lat' dir='ltr'>huius</span> <span class='ocrx_word' id='word_1_248' title='bbox 1344 986 1513 1019; x_wconf 82' lang='lat' dir='ltr'>orationis</span> <span class='ocrx_word' id='word_1_249' title='bbox 1535 986 1652 1028; x_wconf 84' lang='lat' dir='ltr'>digni-</span> 
     </span>
     <span class='ocr_line' id='line_1_51' title="bbox 949 1035 1651 1078; baseline 0.004 -12"><span class='ocrx_word' id='word_1_250' title='bbox 949 1035 1059 1067; x_wconf 85' lang='lat' dir='ltr'>tatem</span> <span class='ocrx_word' id='word_1_251' title='bbox 1093 1035 1235 1077; x_wconf 85' lang='lat' dir='ltr'>penitus</span> <span class='ocrx_word' id='word_1_252' title='bbox 1267 1036 1526 1078; x_wconf 57' lang='lat' dir='ltr'>persentiscens,</span> <span class='ocrx_word' id='word_1_253' title='bbox 1563 1045 1651 1069; x_wconf 89' lang='lat' dir='ltr'>con-</span> 
     </span>
     <span class='ocr_line' id='line_1_52' title="bbox 948 1083 1652 1126; baseline 0.004 -10"><span class='ocrx_word' id='word_1_254' title='bbox 948 1083 1153 1126; x_wconf 86' lang='lat' dir='ltr'>templanda</span> <span class='ocrx_word' id='word_1_255' title='bbox 1175 1084 1239 1118; x_wconf 91' lang='lat' dir='ltr'>tibi</span> <span class='ocrx_word' id='word_1_256' title='bbox 1262 1087 1346 1119; x_wconf 88' lang='lat' dir='ltr'>sunt</span> <span class='ocrx_word' id='word_1_257' title='bbox 1366 1086 1510 1119; x_wconf 88' lang='lat' dir='ltr'>Iunonis</span> <span class='ocrx_word' id='word_1_258' title='bbox 1538 1086 1652 1119; x_wconf 87' lang='lat' dir='ltr'>simu-</span> 
     </span>
     <span class='ocr_line' id='line_1_53' title="bbox 948 1133 1652 1178; baseline 0.003 -12"><span class='ocrx_word' id='word_1_259' title='bbox 948 1133 1045 1166; x_wconf 87' lang='lat' dir='ltr'>lacra</span> <span class='ocrx_word' id='word_1_260' title='bbox 1067 1135 1229 1176; x_wconf 85' lang='lat' dir='ltr'>antiqua,</span> <span class='ocrx_word' id='word_1_261' title='bbox 1265 1136 1440 1178; x_wconf 87' lang='lat' dir='ltr'>imprimis</span> <span class='ocrx_word' id='word_1_262' title='bbox 1470 1137 1558 1169; x_wconf 88' lang='lat' dir='ltr'>Iuno</span> <span class='ocrx_word' id='word_1_263' title='bbox 1581 1136 1652 1168; x_wconf 89' lang='lat' dir='ltr'>Lu-</span> 
     </span>
     <span class='ocr_line' id='line_1_54' title="bbox 949 1184 1654 1227; baseline 0.003 -11"><span class='ocrx_word' id='word_1_264' title='bbox 949 1184 1134 1225; x_wconf 85' lang='lat' dir='ltr'>dovigiana</span> <span class='ocrx_word' id='word_1_265' title='bbox 1157 1186 1194 1217; x_wconf 85' lang='lat' dir='ltr'>et</span> <span class='ocrx_word' id='word_1_266' title='bbox 1208 1186 1434 1218; x_wconf 86' lang='lat' dir='ltr'>Praenestina</span> <span class='ocrx_word' id='word_1_267' title='bbox 1457 1185 1553 1227; x_wconf 80' lang='lat' dir='ltr'>apud</span> <span class='ocrx_word' id='word_1_268' title='bbox 1567 1184 1654 1218; x_wconf 80' lang='lat' dir='ltr'>Miil-</span> 
     </span>
     <span class='ocr_line' id='line_1_55' title="bbox 948 1228 1650 1280; baseline 0.001 -14"><span class='ocrx_word' id='word_1_269' title='bbox 948 1233 1003 1266; x_wconf 77' lang='lat' dir='ltr'>ier</span> <span class='ocrx_word' id='word_1_270' title='bbox 1034 1234 1175 1267; x_wconf 71' lang='lat' dir='ltr'><strong>Denkm.</strong></span> <span class='ocrx_word' id='word_1_271' title='bbox 1210 1235 1251 1267; x_wconf 92' lang='lat'><strong>11.</strong></span> <span class='ocrx_word' id='word_1_272' title='bbox 1289 1235 1325 1275; x_wconf 78' lang='grc'>4,</span> <span class='ocrx_word' id='word_1_273' title='bbox 1361 1234 1427 1280; x_wconf 61' lang='grc'>34.</span> <span class='ocrx_word' id='word_1_274' title='bbox 1453 1236 1490 1268; x_wconf 78' lang='lat' dir='ltr'>et</span> <span class='ocrx_word' id='word_1_275' title='bbox 1523 1234 1577 1267; x_wconf 79' lang='lat'>35.</span> <span class='ocrx_word' id='word_1_276' title='bbox 1614 1228 1650 1258; x_wconf 74' lang='grc'>’-</span> 
     </span>
     <span class='ocr_line' id='line_1_56' title="bbox 947 1284 1650 1326; baseline 0 -10"><span class='ocrx_word' id='word_1_277' title='bbox 947 1284 1034 1316; x_wconf 77' lang='lat' dir='ltr'>Ilion</span> <span class='ocrx_word' id='word_1_278' title='bbox 1047 1309 1055 1324; x_wconf 89' lang='lat'>‚</span> <span class='ocrx_word' id='word_1_279' title='bbox 1080 1284 1179 1326; x_wconf 73' lang='lat' dir='ltr'>Ilion]</span> <span class='ocrx_word' id='word_1_280' title='bbox 1205 1285 1353 1326; x_wconf 87' lang='lat' dir='ltr'>Dionys.</span> <span class='ocrx_word' id='word_1_281' title='bbox 1378 1286 1486 1326; x_wconf 84' lang='lat' dir='ltr'>Long.</span> <span class='ocrx_word' id='word_1_282' title='bbox 1511 1285 1650 1326; x_wconf 83' lang='lat' dir='ltr'>Fragm.</span> 
     </span>
     <span class='ocr_line' id='line_1_57' title="bbox 949 1331 1654 1376; baseline 0.003 -11"><span class='ocrx_word' id='word_1_283' title='bbox 949 1333 982 1366; x_wconf 92' lang='lat'>8.</span> <span class='ocrx_word' id='word_1_284' title='bbox 1007 1342 1043 1375; x_wconf 88' lang='lat' dir='ltr'>p.</span> <span class='ocrx_word' id='word_1_285' title='bbox 1071 1333 1147 1366; x_wconf 87' lang='grc'><strong>423.</strong></span> <span class='ocrx_word' id='word_1_286' title='bbox 1173 1335 1309 1376; x_wconf 84' lang='lat' dir='ltr'>Eggcr:</span> <span class='ocrx_word' id='word_1_287' title='bbox 1334 1331 1472 1375; x_wconf 78' lang='grc' dir='ltr'><em>Πάθος</em></span> <span class='ocrx_word' id='word_1_288' title='bbox 1493 1332 1654 1368; x_wconf 83' lang='grc' dir='ltr'><em>ποιοῦσι</em></span> 
     </span>
     <span class='ocr_line' id='line_1_58' title="bbox 950 1379 1654 1428; baseline 0.006 -14"><span class='ocrx_word' id='word_1_289' title='bbox 950 1383 1016 1415; x_wconf 83' lang='grc' dir='ltr'>καὶ</span> <span class='ocrx_word' id='word_1_290' title='bbox 1039 1383 1081 1415; x_wconf 79' lang='grc' dir='ltr'>οἱ</span> <span class='ocrx_word' id='word_1_291' title='bbox 1107 1379 1481 1427; x_wconf 76' lang='grc' dir='ltr'><em>ἀναδιπλασιασμοί·</em></span> <span class='ocrx_word' id='word_1_292' title='bbox 1521 1382 1654 1428; x_wconf 83' lang='grc' dir='ltr'><em>Θῆβαι</em></span> 
     </span>
     <span class='ocr_line' id='line_1_59' title="bbox 950 1431 1651 1476; baseline 0.001 -10"><span class='ocrx_word' id='word_1_293' title='bbox 950 1431 1006 1473; x_wconf 83' lang='grc' dir='ltr'>δέ,</span> <span class='ocrx_word' id='word_1_294' title='bbox 1023 1431 1153 1476; x_wconf 81' lang='grc' dir='ltr'><em>Θῆβαι</em></span> <span class='ocrx_word' id='word_1_295' title='bbox 1166 1434 1342 1475; x_wconf 86' lang='lat' dir='ltr'>(Aeschin.</span> <span class='ocrx_word' id='word_1_296' title='bbox 1355 1435 1389 1466; x_wconf 89' lang='lat' dir='ltr'>in</span> <span class='ocrx_word' id='word_1_297' title='bbox 1402 1435 1495 1468; x_wconf 85' lang='lat' dir='ltr'>Ctes.</span> <span class='ocrx_word' id='word_1_298' title='bbox 1506 1434 1538 1476; x_wconf 75' lang='grc' dir='ltr'>ἓ.</span> <span class='ocrx_word' id='word_1_299' title='bbox 1549 1434 1651 1476; x_wconf 89' lang='grc'><strong>433.).</strong></span> 
     </span>
    </p>

    <p class='ocr_par' dir='ltr' id='par_1_17' title="bbox 951 1483 1657 2721">
     <span class='ocr_line' id='line_1_60' title="bbox 996 1483 1653 1526; baseline 0.003 -11"><span class='ocrx_word' id='word_1_300' title='bbox 996 1483 1050 1516; x_wconf 88' lang='grc'>49.</span> <span class='ocrx_word' id='word_1_301' title='bbox 1085 1484 1226 1526; x_wconf 80' lang='lat' dir='ltr'>Fatalis]</span> <span class='ocrx_word' id='word_1_302' title='bbox 1268 1494 1310 1517; x_wconf 76' lang='lat' dir='ltr'>«a</span> <span class='ocrx_word' id='word_1_303' title='bbox 1343 1484 1422 1517; x_wconf 82' lang='lat' dir='ltr'>fatis</span> <span class='ocrx_word' id='word_1_304' title='bbox 1457 1484 1503 1517; x_wconf 83' lang='lat' dir='ltr'>ad</span> <span class='ocrx_word' id='word_1_305' title='bbox 1530 1485 1653 1517; x_wconf 83' lang='lat' dir='ltr'>Troiae</span> 
     </span>
     <span class='ocr_line' id='line_1_61' title="bbox 953 1532 1652 1581; baseline 0.001 -16"><span class='ocrx_word' id='word_1_306' title='bbox 953 1534 1130 1567; x_wconf 83' lang='lat' dir='ltr'>excidium</span> <span class='ocrx_word' id='word_1_307' title='bbox 1173 1534 1370 1568; x_wconf 84' lang='lat' dir='ltr'>destinatus</span> <span class='ocrx_word' id='word_1_308' title='bbox 1418 1532 1629 1581; x_wconf 81' lang='grc' dir='ltr'><em>(Δύσπαρις</em></span> <span class='ocrx_word' id='word_1_309' title='bbox 1642 1558 1652 1574; x_wconf 88' lang='grc'><strong>,</strong></span> 
     </span>
     <span class='ocr_line' id='line_1_62' title="bbox 951 1582 1654 1630; baseline 0 -14"><span class='ocrx_word' id='word_1_310' title='bbox 951 1582 1173 1630; x_wconf 85' lang='grc' dir='ltr'><em>Αἰνόπαρις)</em></span> <span class='ocrx_word' id='word_1_311' title='bbox 1207 1585 1314 1626; x_wconf 72' lang='lat' dir='ltr'>atque</span> <span class='ocrx_word' id='word_1_312' title='bbox 1343 1585 1491 1626; x_wconf 82' lang='lat' dir='ltr'>propter</span> <span class='ocrx_word' id='word_1_313' title='bbox 1511 1585 1654 1627; x_wconf 80' lang='lat' dir='ltr'>raptum</span> 
     </span>
     <span class='ocr_line' id='line_1_63' title="bbox 953 1633 1654 1677; baseline 0 -10"><span class='ocrx_word' id='word_1_314' title='bbox 953 1633 1108 1667; x_wconf 82' lang='lat' dir='ltr'>Helenae</span> <span class='ocrx_word' id='word_1_315' title='bbox 1138 1635 1259 1677; x_wconf 84' lang='lat' dir='ltr'>(quam</span> <span class='ocrx_word' id='word_1_316' title='bbox 1281 1634 1350 1667; x_wconf 88' lang='lat' dir='ltr'>dea</span> <span class='ocrx_word' id='word_1_317' title='bbox 1373 1635 1558 1667; x_wconf 75' lang='lat' dir='ltr'>nominare</span> <span class='ocrx_word' id='word_1_318' title='bbox 1582 1642 1654 1667; x_wconf 90' lang='lat' dir='ltr'>non</span> 
     </span>
     <span class='ocr_line' id='line_1_64' title="bbox 953 1682 1654 1726; baseline 0 -10"><span class='ocrx_word' id='word_1_319' title='bbox 953 1684 1126 1725; x_wconf 86' lang='lat' dir='ltr'>dignatur)</span> <span class='ocrx_word' id='word_1_320' title='bbox 1150 1684 1312 1726; x_wconf 87' lang='lat' dir='ltr'>impurus</span> <span class='ocrx_word' id='word_1_321' title='bbox 1335 1682 1494 1724; x_wconf 81' lang='lat' dir='ltr'>adulter,</span> <span class='ocrx_word' id='word_1_322' title='bbox 1519 1683 1566 1716; x_wconf 88' lang='lat' dir='ltr'>ob</span> <span class='ocrx_word' id='word_1_323' title='bbox 1584 1684 1654 1716; x_wconf 86' lang='lat' dir='ltr'>hoc</span> 
     </span>
     <span class='ocr_line' id='line_1_65' title="bbox 953 1733 1654 1776; baseline -0.001 -9"><span class='ocrx_word' id='word_1_324' title='bbox 953 1734 1071 1768; x_wconf 85' lang='lat' dir='ltr'>scelus</span> <span class='ocrx_word' id='word_1_325' title='bbox 1100 1734 1218 1776; x_wconf 90' lang='lat' dir='ltr'>ipsum</span> <span class='ocrx_word' id='word_1_326' title='bbox 1246 1743 1267 1766; x_wconf 92' lang='lat' dir='ltr'>a</span> <span class='ocrx_word' id='word_1_327' title='bbox 1295 1733 1374 1767; x_wconf 84' lang='lat' dir='ltr'>fatis</span> <span class='ocrx_word' id='word_1_328' title='bbox 1398 1733 1556 1775; x_wconf 88' lang='lat' dir='ltr'>electus,</span> <span class='ocrx_word' id='word_1_329' title='bbox 1593 1734 1654 1775; x_wconf 89' lang='lat' dir='ltr'>qui</span> 
     </span>
     <span class='ocr_line' id='line_1_66' title="bbox 953 1783 1656 1827; baseline 0 -11"><span class='ocrx_word' id='word_1_330' title='bbox 953 1785 1105 1827; x_wconf 87' lang='lat' dir='ltr'>patriam</span> <span class='ocrx_word' id='word_1_331' title='bbox 1129 1785 1342 1817; x_wconf 81' lang='lat' dir='ltr'>everteret.»</span> <span class='ocrx_word' id='word_1_332' title='bbox 1370 1802 1408 1807; x_wconf 89' lang='lat'>—</span> <span class='ocrx_word' id='word_1_333' title='bbox 1438 1784 1552 1826; x_wconf 67' lang='lat' dir='ltr'>iude-22]</span> <span class='ocrx_word' id='word_1_334' title='bbox 1576 1783 1656 1816; x_wconf 85' lang='lat' dir='ltr'>Eri-</span> 
     </span>
     <span class='ocr_line' id='line_1_67' title="bbox 954 1833 1656 1876; baseline 0 -10"><span class='ocrx_word' id='word_1_335' title='bbox 954 1834 1008 1867; x_wconf 90' lang='lat' dir='ltr'>dis</span> <span class='ocrx_word' id='word_1_336' title='bbox 1031 1842 1115 1869; x_wconf 83' lang='lat' dir='ltr'>cum</span> <span class='ocrx_word' id='word_1_337' title='bbox 1138 1833 1272 1867; x_wconf 91' lang='lat' dir='ltr'>malum</span> <span class='ocrx_word' id='word_1_338' title='bbox 1294 1842 1464 1874; x_wconf 79' lang='lat' dir='ltr'>aureum¹</span> <span class='ocrx_word' id='word_1_339' title='bbox 1496 1833 1656 1876; x_wconf 84' lang='lat' dir='ltr'>pulchri-</span> 
     </span>
     <span class='ocr_line' id='line_1_68' title="bbox 954 1883 1656 1925; baseline 0 -9"><span class='ocrx_word' id='word_1_340' title='bbox 954 1884 1084 1916; x_wconf 83' lang='lat' dir='ltr'>tudinis</span> <span class='ocrx_word' id='word_1_341' title='bbox 1107 1884 1310 1925; x_wconf 84' lang='lat' dir='ltr'>praemium</span> <span class='ocrx_word' id='word_1_342' title='bbox 1324 1909 1332 1924; x_wconf 89' lang='lat'>‚</span> <span class='ocrx_word' id='word_1_343' title='bbox 1367 1883 1570 1925; x_wconf 82' lang='lat' dir='ltr'>posthabita</span> <span class='ocrx_word' id='word_1_344' title='bbox 1595 1885 1656 1916; x_wconf 91' lang='lat' dir='ltr'>Iu-</span> 
     </span>
     <span class='ocr_line' id='line_1_69' title="bbox 954 1933 1656 1973; baseline 0 -7"><span class='ocrx_word' id='word_1_345' title='bbox 954 1943 1047 1966; x_wconf 87' lang='lat' dir='ltr'>none</span> <span class='ocrx_word' id='word_1_346' title='bbox 1072 1935 1108 1966; x_wconf 87' lang='lat' dir='ltr'>et</span> <span class='ocrx_word' id='word_1_347' title='bbox 1140 1934 1315 1973; x_wconf 82' lang='lat' dir='ltr'>Minerva,</span> <span class='ocrx_word' id='word_1_348' title='bbox 1352 1933 1483 1966; x_wconf 87' lang='lat' dir='ltr'>Veneri</span> <span class='ocrx_word' id='word_1_349' title='bbox 1515 1933 1656 1966; x_wconf 82' lang='lat' dir='ltr'>adiudi-</span> 
     </span>
     <span class='ocr_line' id='line_1_70' title="bbox 955 1983 1656 2024; baseline 0 -8"><span class='ocrx_word' id='word_1_350' title='bbox 955 1984 1058 2016; x_wconf 86' lang='lat' dir='ltr'>cavit.</span> <span class='ocrx_word' id='word_1_351' title='bbox 1082 1983 1177 2024; x_wconf 74' lang='lat' dir='ltr'>Vir-g.</span> <span class='ocrx_word' id='word_1_352' title='bbox 1196 1984 1283 2015; x_wconf 86' lang='lat' dir='ltr'>Aen.</span> <span class='ocrx_word' id='word_1_353' title='bbox 1309 1983 1340 2022; x_wconf 89' lang='grc'>4,</span> <span class='ocrx_word' id='word_1_354' title='bbox 1359 1983 1424 2015; x_wconf 84' lang='lat'>26:</span> <span class='ocrx_word' id='word_1_355' title='bbox 1449 1986 1563 2016; x_wconf 70' lang='lat' dir='ltr'>manet</span> <span class='ocrx_word' id='word_1_356' title='bbox 1584 1983 1656 2016; x_wconf 80' lang='lat' dir='ltr'>alta</span> 
     </span>
     <span class='ocr_line' id='line_1_71' title="bbox 953 2029 1656 2073; baseline -0.001 -7"><span class='ocrx_word' id='word_1_357' title='bbox 953 2036 1061 2066; x_wconf 78' lang='lat' dir='ltr'>mente</span> <span class='ocrx_word' id='word_1_358' title='bbox 1106 2035 1275 2073; x_wconf 76' lang='lat' dir='ltr'>repostum</span> <span class='ocrx_word' id='word_1_359' title='bbox 1319 2032 1484 2065; x_wconf 68' lang='lat' dir='ltr'>Iudicium</span> <span class='ocrx_word' id='word_1_360' title='bbox 1523 2029 1656 2066; x_wconf 55' lang='lat' dir='ltr'>Par-ia&amp;</span> 
     </span>
     <span class='ocr_line' id='line_1_72' title="bbox 953 2081 1655 2124; baseline 0 -9"><span class='ocrx_word' id='word_1_361' title='bbox 953 2085 1148 2124; x_wconf 67' lang='lat' dir='ltr'>spretaeque</span> <span class='ocrx_word' id='word_1_362' title='bbox 1176 2081 1305 2114; x_wconf 73' lang='lat' dir='ltr'>inim-ia</span> <span class='ocrx_word' id='word_1_363' title='bbox 1324 2081 1465 2123; x_wconf 65' lang='lat' dir='ltr'>formae.</span> <span class='ocrx_word' id='word_1_364' title='bbox 1512 2081 1655 2124; x_wconf 81' lang='lat' dir='ltr'>Fundus</span> 
     </span>
     <span class='ocr_line' id='line_1_73' title="bbox 954 2131 1655 2174; baseline 0 -8"><span class='ocrx_word' id='word_1_365' title='bbox 954 2132 1094 2166; x_wconf 82' lang='lat' dir='ltr'>fabulae</span> <span class='ocrx_word' id='word_1_366' title='bbox 1118 2133 1174 2164; x_wconf 92' lang='lat' dir='ltr'>est</span> <span class='ocrx_word' id='word_1_367' title='bbox 1195 2131 1293 2164; x_wconf 89' lang='lat' dir='ltr'>lliad.</span> <span class='ocrx_word' id='word_1_368' title='bbox 1317 2142 1366 2171; x_wconf 91' lang='grc' dir='ltr'>ω,</span> <span class='ocrx_word' id='word_1_369' title='bbox 1391 2132 1533 2165; x_wconf 87' lang='lat'><strong>28—30.</strong></span> <span class='ocrx_word' id='word_1_370' title='bbox 1548 2158 1556 2173; x_wconf 91' lang='grc'><strong>,</strong></span> <span class='ocrx_word' id='word_1_371' title='bbox 1595 2134 1655 2174; x_wconf 88' lang='lat' dir='ltr'>qui</span> 
     </span>
     <span class='ocr_line' id='line_1_74' title="bbox 953 2180 1657 2222; baseline -0.001 -7"><span class='ocrx_word' id='word_1_372' title='bbox 953 2184 1075 2216; x_wconf 88' lang='lat' dir='ltr'>tamen</span> <span class='ocrx_word' id='word_1_373' title='bbox 1096 2180 1196 2214; x_wconf 88' lang='lat' dir='ltr'>locus</span> <span class='ocrx_word' id='word_1_374' title='bbox 1219 2180 1338 2213; x_wconf 84' lang='lat' dir='ltr'>multis</span> <span class='ocrx_word' id='word_1_375' title='bbox 1363 2182 1413 2222; x_wconf 86' lang='lat' dir='ltr'>(ut</span> <span class='ocrx_word' id='word_1_376' title='bbox 1425 2181 1554 2214; x_wconf 85' lang='lat' dir='ltr'>Wolfio</span> <span class='ocrx_word' id='word_1_377' title='bbox 1569 2183 1657 2215; x_wconf 85' lang='lat' dir='ltr'>Pro—</span> 
     </span>
     <span class='ocr_line' id='line_1_75' title="bbox 954 2230 1656 2273; baseline -0.001 -9"><span class='ocrx_word' id='word_1_378' title='bbox 954 2231 1044 2273; x_wconf 82' lang='lat' dir='ltr'>legg.</span> <span class='ocrx_word' id='word_1_379' title='bbox 1075 2240 1111 2273; x_wconf 90' lang='lat' dir='ltr'>p.</span> <span class='ocrx_word' id='word_1_380' title='bbox 1136 2230 1226 2271; x_wconf 84' lang='lat'><strong>273.)</strong></span> <span class='ocrx_word' id='word_1_381' title='bbox 1260 2230 1357 2263; x_wconf 88' lang='lat' dir='ltr'>haud</span> <span class='ocrx_word' id='word_1_382' title='bbox 1380 2231 1558 2263; x_wconf 78' lang='lat' dir='ltr'>immerito</span> <span class='ocrx_word' id='word_1_383' title='bbox 1591 2240 1656 2264; x_wconf 85' lang='lat' dir='ltr'>su-</span> 
     </span>
     <span class='ocr_line' id='line_1_76' title="bbox 955 2279 1656 2324; baseline -0.003 -9"><span class='ocrx_word' id='word_1_384' title='bbox 955 2282 1100 2324; x_wconf 88' lang='lat' dir='ltr'>spectus</span> <span class='ocrx_word' id='word_1_385' title='bbox 1123 2280 1205 2320; x_wconf 77' lang='lat' dir='ltr'>fuit3</span> <span class='ocrx_word' id='word_1_386' title='bbox 1239 2279 1368 2313; x_wconf 88' lang='lat' dir='ltr'>clarius</span> <span class='ocrx_word' id='word_1_387' title='bbox 1391 2280 1520 2313; x_wconf 86' lang='lat' dir='ltr'>deinde</span> <span class='ocrx_word' id='word_1_388' title='bbox 1544 2289 1656 2323; x_wconf 83' lang='lat' dir='ltr'>expo—</span> 
     </span>
     <span class='ocr_line' id='line_1_77' title="bbox 955 2329 1654 2372; baseline -0.001 -8"><span class='ocrx_word' id='word_1_389' title='bbox 955 2332 1021 2365; x_wconf 88' lang='lat' dir='ltr'>sita</span> <span class='ocrx_word' id='word_1_390' title='bbox 1037 2330 1143 2363; x_wconf 89' lang='lat' dir='ltr'>estin</span> <span class='ocrx_word' id='word_1_391' title='bbox 1159 2330 1298 2372; x_wconf 85' lang='lat' dir='ltr'>Cypriis</span> <span class='ocrx_word' id='word_1_392' title='bbox 1309 2355 1317 2370; x_wconf 90' lang='lat'>‚</span> <span class='ocrx_word' id='word_1_393' title='bbox 1342 2329 1529 2371; x_wconf 80' lang='lat' dir='ltr'>aliquoties</span> <span class='ocrx_word' id='word_1_394' title='bbox 1545 2331 1654 2372; x_wconf 85' lang='lat' dir='ltr'>signi-</span> 
     </span>
     <span class='ocr_line' id='line_1_78' title="bbox 955 2379 1653 2422; baseline 0 -9"><span class='ocrx_word' id='word_1_395' title='bbox 955 2380 1058 2413; x_wconf 82' lang='lat' dir='ltr'>ficata</span> <span class='ocrx_word' id='word_1_396' title='bbox 1082 2379 1128 2412; x_wconf 90' lang='lat' dir='ltr'>ab</span> <span class='ocrx_word' id='word_1_397' title='bbox 1147 2379 1314 2421; x_wconf 88' lang='lat' dir='ltr'>Euripide</span> <span class='ocrx_word' id='word_1_398' title='bbox 1332 2379 1429 2421; x_wconf 86' lang='lat' dir='ltr'>(Hec.</span> <span class='ocrx_word' id='word_1_399' title='bbox 1447 2379 1524 2420; x_wconf 83' lang='lat'><strong>629,</strong></span> <span class='ocrx_word' id='word_1_400' title='bbox 1549 2388 1653 2422; x_wconf 84' lang='lat' dir='ltr'>seqq.</span> 
     </span>
     <span class='ocr_line' id='line_1_79' title="bbox 954 2428 1651 2472; baseline 0 -10"><span class='ocrx_word' id='word_1_401' title='bbox 954 2430 1031 2472; x_wconf 91' lang='lat' dir='ltr'><strong>Iph.</strong></span> <span class='ocrx_word' id='word_1_402' title='bbox 1059 2428 1137 2462; x_wconf 90' lang='lat' dir='ltr'><strong>Aul.</strong></span> <span class='ocrx_word' id='word_1_403' title='bbox 1171 2429 1267 2461; x_wconf 89' lang='grc'><strong>4300.</strong></span> <span class='ocrx_word' id='word_1_404' title='bbox 1307 2429 1434 2462; x_wconf 84' lang='lat' dir='ltr'>Troad.</span> <span class='ocrx_word' id='word_1_405' title='bbox 1463 2429 1540 2462; x_wconf 80' lang='grc'><strong>925.</strong></span> <span class='ocrx_word' id='word_1_406' title='bbox 1575 2429 1651 2462; x_wconf 87' lang='lat' dir='ltr'>Hel.</span> 
     </span>
     <span class='ocr_line' id='line_1_80' title="bbox 955 2478 1654 2521; baseline -0.001 -9"><span class='ocrx_word' id='word_1_407' title='bbox 955 2479 1009 2512; x_wconf 84' lang='lat'>23.</span> <span class='ocrx_word' id='word_1_408' title='bbox 1035 2478 1143 2511; x_wconf 86' lang='lat' dir='ltr'>Andr.</span> <span class='ocrx_word' id='word_1_409' title='bbox 1169 2478 1282 2520; x_wconf 55' lang='lat'><strong>284),</strong></span> <span class='ocrx_word' id='word_1_410' title='bbox 1323 2487 1432 2521; x_wconf 89' lang='lat' dir='ltr'>saepe</span> <span class='ocrx_word' id='word_1_411' title='bbox 1466 2479 1574 2512; x_wconf 83' lang='lat' dir='ltr'>etiam</span> <span class='ocrx_word' id='word_1_412' title='bbox 1607 2478 1654 2511; x_wconf 82' lang='lat' dir='ltr'>ab</span> 
     </span>
     <span class='ocr_line' id='line_1_81' title="bbox 955 2527 1656 2570; baseline 0 -9"><span class='ocrx_word' id='word_1_413' title='bbox 955 2529 1108 2570; x_wconf 82' lang='lat' dir='ltr'>antiquis</span> <span class='ocrx_word' id='word_1_414' title='bbox 1149 2527 1344 2561; x_wconf 86' lang='lat' dir='ltr'>artificibus</span> <span class='ocrx_word' id='word_1_415' title='bbox 1386 2535 1574 2570; x_wconf 76' lang='lat' dir='ltr'>expressa,</span> <span class='ocrx_word' id='word_1_416' title='bbox 1615 2531 1656 2561; x_wconf 88' lang='lat' dir='ltr'>nt</span> 
     </span>
     <span class='ocr_line' id='line_1_82' title="bbox 956 2577 1655 2613; baseline -0.001 -2"><span class='ocrx_word' id='word_1_417' title='bbox 956 2579 1011 2611; x_wconf 86' lang='lat' dir='ltr'>est</span> <span class='ocrx_word' id='word_1_418' title='bbox 1041 2578 1237 2613; x_wconf 85' lang='lat' dir='ltr'>Mercurius</span> <span class='ocrx_word' id='word_1_419' title='bbox 1268 2579 1342 2610; x_wconf 87' lang='lat' dir='ltr'>tres</span> <span class='ocrx_word' id='word_1_420' title='bbox 1373 2578 1461 2610; x_wconf 88' lang='lat' dir='ltr'>deas</span> <span class='ocrx_word' id='word_1_421' title='bbox 1483 2577 1530 2610; x_wconf 90' lang='lat' dir='ltr'>ad</span> <span class='ocrx_word' id='word_1_422' title='bbox 1561 2577 1655 2613; x_wconf 81' lang='lat' dir='ltr'>iudi-</span> 
     </span>
     <span class='ocr_line' id='line_1_83' title="bbox 957 2626 1654 2662; baseline -0.001 -1"><span class='ocrx_word' id='word_1_423' title='bbox 957 2629 1054 2662; x_wconf 86' lang='lat' dir='ltr'>cium</span> <span class='ocrx_word' id='word_1_424' title='bbox 1087 2627 1225 2661; x_wconf 86' lang='lat' dir='ltr'>ducens</span> <span class='ocrx_word' id='word_1_425' title='bbox 1265 2628 1301 2660; x_wconf 92' lang='lat' dir='ltr'>in</span> <span class='ocrx_word' id='word_1_426' title='bbox 1335 2626 1495 2660; x_wconf 84' lang='lat' dir='ltr'>Gerhard</span> <span class='ocrx_word' id='word_1_427' title='bbox 1530 2627 1654 2660; x_wconf 71' lang='lat' dir='ltr'>Vam—</span> 
     </span>
     <span class='ocr_line' id='line_1_84' title="bbox 956 2677 1650 2721; baseline -0.001 -12"><span class='ocrx_word' id='word_1_428' title='bbox 956 2686 1041 2718; x_wconf 74' lang='lat' dir='ltr'>yem.</span> <span class='ocrx_word' id='word_1_429' title='bbox 1079 2677 1115 2709; x_wconf 89' lang='lat' dir='ltr'><strong>T.</strong></span> <span class='ocrx_word' id='word_1_430' title='bbox 1153 2678 1205 2709; x_wconf 87' lang='lat'>72.</span> <span class='ocrx_word' id='word_1_431' title='bbox 1258 2678 1365 2718; x_wconf 84' lang='lat' dir='ltr'>atque</span> <span class='ocrx_word' id='word_1_432' title='bbox 1387 2677 1576 2721; x_wconf 39' lang='lat' dir='ltr'>„imprimis</span> <span class='ocrx_word' id='word_1_433' title='bbox 1613 2677 1650 2709; x_wconf 83' lang='lat' dir='ltr'>T.</span> 
     </span>
    </p>
   </div>
  </div>
 </body>
</html>
