1722 2904
229 107 310 149 420

743 107 913 140 HORATII
938 107 1129 142 CARMINU
1132 108 1164 142 M

286 210 418 255 Simul
450 217 601 273 unctos
631 210 840 254 Tiberinis
869 210 1073 255 humeros
1102 210 1203 254 lavit
1233 211 1274 254 in
1303 212 1450 263 undis,

285 294 429 350 Eques
459 292 553 350 ipso
583 291 735 336 melior
765 280 1111 350 Bellerophonte,
1145 306 1287 350 neque
1318 307 1462 351 pugno

509 375 660 431 Neque
691 373 812 431 segni
842 373 956 431 pede
985 373 1146 425 victus3

283 480 412 523 Catus
443 480 558 523 idem
586 493 665 537 per
695 486 892 537 apertum
922 479 1133 537 fugientes
1163 480 1320 541 agit-ato

1624 480 1677 522 ⁴0

282 545 422 619 Grege
453 574 605 605 cervos
636 560 815 612 iaculari
846 567 889 604 et
920 559 1038 604 celer
1067 559 1151 604 alto
1180 560 1414 605 latitantem

292 744 345 776 40.
364 744 442 776 item
455 743 493 776 C.
508 762 544 766 —
557 743 714 784 fuyientis
723 743 813 775 BST.
831 761 867 765 -
883 743 936 775 44.
951 746 982 775 et
993 751 1053 775 om
1065 744 1103 775 B.
1117 761 1153 766 —
1168 743 1236 776 alto
1246 742 1338 783 BbT‚
1352 744 1441 776 Pott.
1453 744 1631 786 quattuor,

269 794 325 826 Ct:
353 796 428 826 arto
441 794 497 833 Sc,
514 792 635 825 Bland.
651 793 774 834 antiq.,
789 794 885 826 LFM.
903 793 989 834 (arto
1002 801 1179 835 superscr.
1199 791 1276 826 «vel
1287 793 1376 826 alto»
1390 793 1424 826 d.
1442 794 1484 827 Ut
1498 802 1575 834 nos,
1587 794 1631 835 J.)

267 880 360 912 7-9.
383 880 508 921 unetos]
533 880 623 912 Ante
647 879 865 911 natationem
889 880 924 911 et

222 929 350 962 balnea
387 928 465 961 oleo
501 928 762 970 unguebantur.
822 928 920 961 Ovid.

221 980 322 1012 Trist.
349 979 387 1019 3,
407 980 466 1018 42,
485 979 522 1011 24
540 988 547 1010 :
573 979 686 1018 Nunc,
710 977 767 1010 ubi
782 978 925 1019 perfusa

221 1032 268 1061 est
293 1029 363 1061 oleo
400 1028 526 1060 labente
561 1029 734 1068 iuventus,
772 1028 924 1070 Defessos

222 1082 318 1110 artus
343 1079 477 1119 Viryine
499 1078 621 1119 tinquit
642 1086 746 1117 aqua.
771 1095 809 1101 —
829 1078 922 1110 Tibe—

220 1128 319 1169 rinis]
360 1128 432 1160 Cic.
467 1136 532 1169 pro
567 1126 685 1160 Caelio
719 1128 780 1160 45:
816 1127 924 1160 Habes

222 1177 364 1219 (Clodia)
388 1178 500 1209 hortos
534 1178 579 1209 ad
603 1177 745 1210 Tiberim
772 1186 813 1209 ac
843 1178 922 1209 dili—

220 1230 335 1268 genter
368 1236 405 1259 eo
439 1227 509 1259 loeo
528 1227 684 1267 parasti,
724 1236 788 1267 quo
817 1228 923 1259 omnis

218 1278 371 1309 iuventus
384 1277 526 1309 natandi
541 1286 646 1309 causa
659 1277 759 1309 venit.
773 1295 810 1300 -
826 1276 921 1309 «Alio

220 1328 381 1368 tempore
422 1327 556 1368 equitat
602 1325 728 1359 melius
774 1327 922 1359 Bellero-

214 1377 355 1417 phonte,
390 1377 445 1408 cui
472 1376 601 1408 caelum
629 1385 767 1416 campus
787 1377 919 1418 fuerat,

219 1430 394 1466 terraeque
435 1426 624 1467 fretumque
661 1425 728 1458 Sub
759 1426 896 1466 pedibus
908 1435 919 1465 ;

218 1486 285 1508 mm
306 1476 378 1507 ulla
400 1476 475 1507 tulit
495 1476 635 1517 vestigia
649 1484 776 1507 cursus.
802 1475 917 1509 Manil.

219 1527 257 1565 5,
284 1525 360 1557 99.»
408 1524 532 1558 Ultima
556 1524 693 1565 syllaba
724 1525 759 1557 in
781 1535 816 1558 v.
843 1525 921 1557 Bel—

219 1575 406 1615 lerophonte
429 1574 638 1615 producitur
661 1583 681 1606 a
705 1574 817 1607 forma
833 1574 922 1607 Βελ-

218 1621 456 1671 λεροφόντης
471 1650 478 1664 ,
518 1626 558 1656 ut
585 1623 680 1665 apud
702 1625 823 1657 Iuven.
854 1625 894 1657 43
910 1651 917 1665 ,

220 1675 280 1708 98;
305 1675 334 1706 si
355 1683 422 1705 non
445 1676 516 1715 eget
536 1673 701 1713 Anticyra
721 1683 780 1706 nee
801 1675 921 1706 Archi-

217 1733 316 1766 gene,
334 1724 414 1764 quid
429 1724 517 1755 enim
533 1725 601 1755 cet.
630 1722 827 1765 (Pulchram
839 1724 921 1757 Bel-

218 1773 436 1815 lerophontis
459 1773 650 1814 imaginem
674 1772 755 1805 vide
779 1774 815 1805 in
839 1775 922 1806 Ger-

218 1823 309 1855 hard
347 1823 444 1855 Vases
477 1823 628 1871 apuliens
666 1823 703 1854 T.
739 1823 840 1863 VIII.)
883 1841 916 1848 -

218 1882 323 1914 neque
350 1872 483 1914 puy-no]
525 1872 693 1914 Pugilatio
728 1874 764 1905 et
797 1882 921 1906 cursus

220 1923 490 1955 exercitationes
514 1923 620 1955 fuisse
637 1922 804 1955 videntur
826 1924 924 1956 iuve-

220 1981 307 2005 num
343 1974 559 2005 Graecorum
592 1973 627 2005 in
661 1973 752 2006 Urbe
788 1973 924 2014 degen-

220 2023 327 2062 tium,
354 2022 468 2064 qualis
492 2022 635 2064 fingitur
658 2031 737 2055 esse
763 2022 920 2063 Hebrus,

221 2073 328 2113 atque
347 2072 607 2114 oppidanorum
632 2071 786 2113 (Sueton.
802 2073 921 2104 Octav.

219 2121 288 2161 45.)
334 2123 446 2163 magis
491 2131 600 2163 quam
644 2121 924 2155 adolescentium

222 2172 463 2204 Romanorum
499 2171 683 2204 nobilium.
727 2189 761 2197 -
808 2182 924 2214 pugno

224 2222 338 2261 Neque
353 2223 538 2264 sequipede
550 2223 667 2264 victus]
683 2221 924 2269 βραχυλογία

221 2279 304 2311 pro:
332 2281 536 2313 «nunquam
559 2272 603 2304 ab
628 2271 694 2304 alio
711 2273 824 2305 victus
839 2281 925 2315 pro-

222 2321 302 2361 pter
335 2329 473 2362 pugnos
506 2323 624 2355 minus
657 2321 825 2355 robustos
858 2331 925 2364 pe-

223 2369 334 2402 desve
359 2371 571 2404 tardiores.»

267 2469 309 2500 40
324 2487 343 2492 -
359 2470 412 2502 42.
440 2470 556 2512 Catus]
583 2484 599 2500 «
612 2470 744 2504 callens
756 2497 763 2511 ,
789 2472 924 2514 peritus

222 2519 410 2550 venandi.»
422 2537 459 2543 -—
471 2520 579 2552 celer·
588 2539 604 2544 -
614 2521 777 2563 excipere]
792 2523 925 2553 Graeca

224 2569 507 2610 constructione,
542 2572 582 2602 ut
605 2571 667 2603 Od.
695 2572 733 2612 4,
770 2571 830 2611 45,
857 2571 921 2603 48;

223 2616 360 2650 celerem
386 2619 477 2658 sequi
502 2619 647 2653 Aiacem.
676 2639 712 2644 —
752 2620 923 2662 apertum]

977 879 1093 911 neutr.
1125 878 1347 912 substantive
1376 888 1443 921 pro
1486 881 1677 922 «apertum

976 937 1180 970 campum.»
1207 946 1242 953 —
1277 929 1424 971 agitato]
1460 930 1632 962 «excitato
1655 938 1676 962 a

975 978 1165 1011 canibus.»
1193 997 1230 1001 —
1254 978 1340 1021 alto]
1365 979 1463 1011 Hanc
1484 977 1676 1012 lectionem

972 1027 1122 1071 praetuli
1138 1028 1292 1061 maxime
1309 1037 1393 1062 cum
1406 1030 1556 1071 propter
1571 1028 1676 1061 Codi-

974 1087 1057 1110 cum
1069 1086 1233 1110 meorum
1241 1078 1569 1120 antiquissimorum
1581 1077 1673 1119 BbT‚

973 1126 1128 1160 Oberlini
1149 1128 1176 1160 B
1201 1129 1237 1160 et
1262 1128 1417 1161 Pottierii
1439 1129 1453 1161 4
1471 1153 1479 1169 ,
1497 1129 1535 1167 7,
1558 1128 1593 1168 8,
1612 1127 1672 1161 44.

972 1185 1151 1210 summam
1185 1178 1453 1218 auctoritatem,
1488 1178 1566 1210 tum
1588 1186 1675 1220 pro-

970 1229 1051 1268 pter
1074 1226 1273 1268 analogiam
1295 1222 1457 1268 Iliad.'e‚
1486 1227 1573 1261 455:
1597 1226 1672 1267 βα-

970 1276 1079 1319 θείης
1090 1295 1105 1300 -
1118 1271 1223 1319 ὕλης,
1240 1276 1336 1309 Iliad.
1353 1275 1387 1317 λ,
1410 1276 1492 1310 445;
1508 1275 1673 1320 βαθείης

969 1344 985 1350 -
993 1323 1189 1368 ξυλόχοιο,
1204 1328 1344 1360 Lucret.
1355 1328 1387 1367 5,
1402 1326 1439 1360 44
1456 1337 1463 1359 :
1479 1327 1582 1360 silvae
1590 1336 1674 1368 pro-

969 1377 1115 1418 fundae,
1139 1377 1233 1418 Virg.
1252 1378 1313 1409 Ge.
1333 1377 1354 1409 2
1366 1402 1374 1417 ‚
1393 1376 1452 1409 394
1468 1386 1476 1408 :
1507 1377 1675 1418 saltusque

966 1427 1150 1468 profundi,
1174 1428 1262 1459 Aen.
1281 1426 1320 1466 6,
1338 1426 1421 1459 479ε
1446 1426 1581 1459 stabula
1595 1427 1670 1460 alta

969 1477 1133 1517 ferarum,
1158 1476 1198 1516 7,
1225 1476 1285 1508 95:
1311 1476 1550 1508 attentum.
1591 1477 1675 1509 Arto

970 1525 1116 1566 quidem
1150 1527 1247 1558 esset
1270 1525 1424 1567 «spisso,
1450 1525 1604 1566 denso»,
1633 1527 1673 1558 ut

971 1575 1098 1616 Odyss.
1123 1584 1167 1614 τ,
1192 1574 1276 1608 439;
1316 1574 1357 1607 ἐν
1379 1571 1509 1621 λόχμῃ
1532 1573 1672 1622 πυκινῇ

970 1627 1168 1657 κατέκειτο
1189 1625 1312 1668 μέγας
1334 1622 1417 1666 σῦς.
1465 1626 1589 1658 Senec.
1608 1626 1675 1658 Oe-

971 1674 1042 1716 dip.
1069 1675 1150 1707 277:
1187 1675 1272 1707 artis
1293 1674 1433 1707 obsitum
1455 1675 1564 1707 amnis
1595 1675 1671 1708 iter.

970 1725 1045 1756 Hoc
1068 1725 1189 1757 autem
1211 1723 1291 1756 loco
1314 1723 1360 1756 ab
1384 1724 1426 1756 iis
1440 1724 1601 1766 profecta
1618 1726 1674 1758 est

971 1773 1213 1816 interpolatio,
1239 1774 1300 1816 qui
1323 1775 1412 1806 altus
1426 1774 1675 1816 profunditatis

972 1825 1095 1864 etiam,
1121 1833 1193 1856 non
1216 1823 1332 1857 solum
1355 1823 1581 1866 excelsitatis,
1606 1833 1674 1857 no-

971 1875 1105 1906 tionem
1142 1873 1324 1906 includere
1356 1874 1570 1915 ignorarent.
1616 1874 1672 1907 Ad

971 1925 1111 1955 tertiam
1124 1923 1205 1956 lect.
1218 1924 1318 1963 hirto,
1333 1932 1426 1965 quae
1441 1925 1560 1957 tamen
1576 1926 1675 1957 caret

973 1973 1181 2005 auctoritate
1205 1973 1424 2013 sufficiente,
1463 1973 1504 2006 Η.
1535 1972 1671 2006 Peerlk.

973 2021 1086 2054 attulit
1120 2021 1335 2055 Columellae
1371 2023 1432 2063 40,
1464 2023 1530 2055 27:
1583 2023 1675 2055 hirta

972 2081 1095 2112 saepes.
1123 2089 1160 2095 —
1186 2070 1356 2113 eoecipere]
1378 2070 1539 2104 Verbum
1559 2081 1675 2104 vena-

973 2123 1103 2154 torium
1115 2147 1123 2162 ‚
1148 2122 1187 2154 ut
1201 2119 1401 2161 δέχεσθαι,
1419 2121 1481 2154 ubi
1495 2120 1674 2154 venabulo

973 2172 1108 2204 sistitur
1123 2170 1197 2203 sera
1213 2180 1232 2203 e
1249 2170 1360 2203 lustro
1371 2179 1550 2213 proruens
1566 2171 1674 2214 atque

974 2221 1170 2254 conficitur.
1219 2222 1354 2253 Seneca
1385 2221 1431 2254 de
1460 2221 1516 2253 Ira
1539 2220 1579 2261 4,
1606 2221 1671 2253 u:
1719 2225 1722 2229 ·

973 2271 1024 2303 An
1047 2273 1084 2302 tu
1101 2273 1205 2310 putas
1225 2273 1419 2303 venatorem
1440 2269 1546 2302 irasci
1571 2269 1672 2311 feris,

972 2321 1024 2353 vel
1055 2329 1131 2352 cum
1163 2324 1194 2353 et
1219 2321 1382 2362 fugientes
1398 2319 1612 2360 persequitur
1643 2321 1676 2351 et

972 2370 1138 2403 venientes
1173 2369 1327 2411 eoecipit?
1367 2378 1476 2412 quam
1512 2368 1559 2401 ad
1594 2376 1674 2401 rem

974 2421 1140 2453 celeritate
1162 2421 1198 2452 in
1221 2420 1343 2462 primis
1368 2427 1458 2461 opus
1483 2420 1548 2452 est.
1572 2418 1673 2451 Idem

975 2470 1020 2503 de
1039 2469 1178 2503 Provid.
1197 2471 1234 2502 5:
1259 2469 1362 2502 Nobis
1385 2469 1434 2512 (ut
1448 2468 1507 2502 hic
1521 2466 1672 2511 puellae)

975 2521 1142 2552 interdum
1161 2519 1326 2560 voluptati
1348 2521 1414 2559 est,
1437 2518 1466 2550 si
1487 2517 1675 2551 adolescens

974 2570 1156 2602 constantis
1210 2569 1316 2602 animi
1358 2569 1468 2611 ferm
1510 2565 1672 2600 venabulo

974 2620 1114 2661 excepit.
