1722 2904
538 44 616 77 Lm.
642 45 699 77 111.
745 44 785 77 C.
809 43 941 77 XXVII.

451 147 604 190 Peccet
633 147 778 205 Iapyx.

1420 44 1502 86 493

281 250 475 294 Hostium
503 264 662 294 uxores
692 251 903 308 puerique
933 264 1089 295 caecos

284 331 476 375 Sentiant
501 337 642 374 motus
672 330 848 375 orientis
876 331 1018 375 Austri
1048 339 1091 375 et

281 412 493 470 Aequoris
522 412 631 469 nigri
661 411 875 455 fremitum
903 418 947 455 et
975 419 1207 457 trementes

451 491 639 536 Verbere
670 492 799 550 ripas.

280 597 351 641 Sic
380 604 422 641 et
451 597 622 654 Europe
651 598 823 640 niveum
852 596 1004 641 doloso

140 748 194 780 22.
218 747 365 780 sentient
384 747 423 779 B.
452 765 488 770 -
513 747 599 779 astri
620 747 647 779 T
670 747 751 788 (non
778 747 905 788 BbSe),

1444 601 1498 643 25

935 748 1042 780 Haedi
1071 750 1216 781 auctore
1247 750 1384 782 Mureto
1414 751 1450 783 L.

101 816 137 820 —
155 800 187 830 et
207 798 289 839 post
301 805 337 829 v.
357 797 470 829 Austri
485 805 556 829 om.
574 797 609 836 S,
632 796 736 839 prob.
754 797 925 839 Cuningh.
952 798 1104 840 (Habent
1118 798 1245 840 BbTe.)
1265 818 1301 822 —
1318 799 1372 832 23.
1390 803 1456 833 tre-

95 847 213 880 mentis
232 847 326 886 BTc;
350 850 511 889 gementes
533 845 690 879 malebat
710 845 821 880 Bentl.
848 846 1028 889 (tranentis
1047 848 1188 881 verbera
1207 849 1304 889 ripae
1324 847 1376 890 λ.)

52 975 139 1009 Mire
161 976 251 1008 HR:
288 976 387 1009 «Ater
406 977 498 1009 sinus
525 978 672 1018 propter
693 977 749 1009 in-

52 1025 264 1058 concinnum
279 1034 322 1058 ac
335 1026 513 1069 turgidum
528 1025 668 1058 dicendi
683 1034 748 1067 ge-

52 1082 119 1107 nus
149 1074 225 1107 sine
251 1074 360 1107 dubio
384 1073 487 1107 valde
514 1073 748 1116 displicuisset

51 1123 196 1164 Augusti
217 1122 425 1165 aequalibus
454 1127 626 1156 enumetae
653 1124 749 1156 naris

50 1171 252 1205 hominibus
262 1185 293 1204 ι.
334 1191 371 1196 -
401 1173 497 1215 novi]
538 1173 641 1215 «ipse
682 1172 747 1205 ali-

50 1220 193 1262 quando
215 1222 383 1263 expertus
406 1230 531 1261 sum»,
563 1231 607 1254 ex
628 1231 746 1264 pugna

50 1268 263 1311 Philippensi
277 1270 401 1310 redux,
425 1271 465 1302 ut
480 1271 615 1312 opinor.
637 1289 674 1294 -
691 1272 746 1303 al-

50 1317 120 1360 bus]
136 1317 200 1350 Od.
215 1319 247 1358 4,
266 1319 298 1358 7,
318 1319 376 1352 45;
391 1319 659 1352 much-Notus
678 1320 742 1352 0d.

49 1366 88 1406 3,
105 1367 141 1406 7,
159 1367 175 1399 4
191 1377 199 1398 :
225 1368 566 1408 eandidi--Favonii3
586 1368 745 1402 «caelum

49 1414 218 1448 fallaciter
231 1416 376 1458 quidem
392 1426 580 1458 serenans,
602 1427 686 1451 eum
700 1419 747 1451 si-

49 1463 123 1496 mul
145 1473 292 1507 asperos
314 1465 442 1499 fluctus
464 1468 500 1499 in
518 1468 607 1499 mari
625 1468 745 1500 conci-

49 1514 111 1545 tet.
116 1525 134 1542 ι
160 1532 198 1537 -
220 1514 341 1556 Peccet]
371 1523 454 1547 cum
483 1516 745 1557 naufragiorum

91 1611 146 1643 24.
164 1611 219 1643 22.
236 1611 397 1654 Hostium]
414 1612 517 1645 Solita
534 1616 741 1647 exsecratio.

48 1660 141 1700 Virg.
160 1661 222 1692 Ge.
239 1660 271 1700 3,
296 1661 378 1693 5⁴3:
403 1662 746 1704 Dimeliorapt‘iser-

46 1717 222 1749 roremque
241 1709 510 1743 hostibusiuum!
533 1713 691 1753 Propert.
708 1713 740 1752 3,

47 1757 84 1797 8,
108 1758 171 1790 20.
203 1759 356 1791 Hostibus
375 1760 503 1792 eveniat
524 1761 614 1793 lenta
630 1763 744 1802 puella

45 1806 146 1838 meis!
160 1806 258 1840 ovid.
272 1809 312 1840 A.
323 1809 363 1840 A.
377 1808 409 1848 3,
423 1808 498 1842 247.
514 1810 745 1843 Hostibuseve-

46 1855 121 1887 aiat
136 1858 207 1887 tam
222 1856 310 1897 foedi
328 1865 433 1889 causa
444 1859 657 1898 pudoris!—
670 1868 745 1892 cae-

46 1903 112 1945 cos]
140 1904 320 1939 «fortuitos
347 1908 522 1948 surgentis
541 1909 658 1940 Austri
674 1909 743 1941 im-

45 1954 184 1994 petus.»
215 1955 423 1996 Doeringius
445 1956 596 1998 explicat
613 1958 740 1997 «atros,

46 2001 241 2035 turbidos.»
263 2004 327 2036 Vix
342 2006 458 2042 recte;
483 2014 566 2038 nam
589 2006 647 2038 hic
662 2015 745 2039 sen—

46 2058 107 2083 sus
129 2050 197 2083 alio
219 2051 337 2093 aliquo
354 2053 529 2086 vocabulo
545 2055 744 2095 significan-

46 2098 113 2132 dus
135 2099 269 2140 fuisset,
293 2103 333 2133 ut
354 2103 457 2134 Lucr.
475 2104 514 2142 2,
539 2103 599 2135 53;
625 2113 742 2136 caecae

45 2148 210 2189 tenebrae,
234 2150 327 2190 Virg.
352 2152 439 2183 Aen.
464 2151 503 2191 3,
528 2152 611 2184 203:
635 2153 743 2185 incer-

45 2200 95 2229 tos
115 2206 216 2230 caeca
236 2199 379 2240 califfine
398 2199 497 2239 soles;
530 2201 596 2232 sed
626 2203 682 2234 est
703 2203 742 2233 ut

45 2245 129 2278 ibid.
146 2246 230 2279 20οῑ
253 2247 455 2281 Εωωιὸηιυν
476 2258 578 2281 cursu
591 2253 622 2282 et
636 2251 743 2282 caecis

44 2303 198 2327 mannas
217 2296 254 2328 in
273 2297 387 2337 undis,
423 2298 486 2330 ubi
508 2300 629 2331 tamen
655 2300 741 2331 For-

44 2343 146 2385 biger
178 2344 223 2377 de
257 2345 414 2379 tenebris
448 2346 614 2389 explieat;
654 2348 738 2380 mihi

44 2401 130 2424 vero
152 2393 349 2434 significare
372 2394 529 2427 videtur:
562 2397 738 2437 «incertis,

46 2449 153 2473 caeco
176 2442 311 2483 impetu
334 2451 398 2475 nos
427 2442 672 2477 iactantibus.»
700 2463 736 2468 —

45 2490 213 2532 Saum]
245 2492 285 2522 ut
313 2491 376 2523 Od.
403 2492 439 2531 2,
466 2493 503 2531 7,
529 2492 567 2524 9:
603 2493 740 2526 celerem

44 2538 161 2579 fugam
182 2539 291 2579 Semi,
318 2547 421 2572 «cum
435 2540 529 2573 malo
548 2550 613 2574 suo
630 2551 740 2584 expe-

46 2588 219 2620 rianturho
239 2607 275 2612 -
294 2589 438 2632 onmes]
456 2591 578 2625 Rarius
593 2591 638 2625 de
654 2601 739 2626 ven-

797 977 842 1010 tis
856 985 922 1019 pro
939 978 1147 1019 «surgentis,
1171 979 1378 1011 venientis.»
1400 979 1492 1021 virg.

797 1025 868 1058 Ecl.
894 1027 933 1066 5,
961 1026 1022 1060 82:
1045 1028 1369 1060 venientis—mm.
1405 1029 1493 1061 Aen.

795 1075 833 1115 3,
851 1074 910 1108 484
925 1084 932 1106 :
957 1080 1302 1117 sumentes-austros.
1320 1077 1425 1110 Certe
1437 1086 1496 1110 su·

794 1132 1016 1165 pervacanea
1032 1127 1109 1158 erat
1122 1126 1248 1159 Mureti
1263 1127 1354 1158 coni.
1374 1127 1492 1159 Haedi.

837 1172 892 1206 23.
918 1173 972 1207 24.
998 1175 1181 1217 trementes]
1207 1183 1320 1216 «quae
1337 1176 1493 1208 tremere

793 1221 958 1255 videntur
979 1223 1156 1256 undarum
1180 1223 1286 1266 pulsu
1315 1233 1496 1266 conquas-

793 1272 925 1303 satae.»
949 1272 1086 1305 Seneca
1108 1272 1245 1315 Hippol.
1265 1273 1368 1307 ⁴0⁴4:
1394 1273 1495 1306 Saxa

792 1329 869 1352 ciam
880 1322 985 1362 fluctu
999 1325 1155 1354 tranunt.
1189 1323 1328 1354 Luci-et.
1347 1323 1386 1360 5,
1404 1322 1490 1356 954:

797 1369 939 1402 Verbera
948 1374 1133 1403 ventorum.
1156 1372 1292 1403 Seneca
1308 1371 1353 1403 de
1370 1371 1491 1404 Const.

793 1420 874 1460 Sap.
907 1419 946 1451 3:
982 1420 1117 1460 Scopuli
1145 1420 1322 1452 verberati.
1370 1420 1489 1462 Longe

793 1468 910 1500 minus
932 1468 1091 1501 vividum
1114 1471 1169 1502 est
1190 1468 1338 1501 Bentleii
1360 1477 1492 1510 yomen—

793 1520 851 1548 tes.
899 1516 1021 1550 «Tales
1054 1520 1176 1550 autem
1207 1519 1325 1559 ripas,
1364 1518 1400 1550 id
1423 1520 1490 1559 est,

793 1565 922 1598 fractos
944 1566 991 1598 ad
1014 1575 1075 1599 eas
1099 1567 1227 1599 fluctus
1250 1575 1391 1600 summo
1409 1576 1492 1600 cum

792 1615 886 1646 vitae
915 1614 1120 1648 discrimine
1148 1617 1314 1656 sentium,
1351 1617 1413 1657 qui
1445 1616 1493 1649 ad

794 1672 855 1695 eas
888 1663 1067 1696 undarum
1100 1665 1236 1706 impetu
1266 1663 1489 1705 alliduntur»,

791 1711 850 1744 vel
885 1713 993 1745 etiam
1026 1713 1242 1755 simplicius:
1294 1716 1492 1755 «quatenus

792 1760 873 1793 litus
896 1761 1060 1793 radunt.»

835 1810 891 1842 25.
915 1811 1062 1850 Europe]
1077 1810 1220 1844 Fundus
1236 1810 1375 1843 fabulae
1390 1810 1488 1844 Iliad.

792 1856 837 1900 ξ,
861 1859 938 1891 324.
973 1859 1043 1892 Cfr.
1061 1860 1195 1892 Moschi
1211 1859 1311 1900 Idyll.
1330 1860 1362 1892 2.
1388 1860 1488 1893 Ovid.

792 1909 873 1941 Met.
891 1908 912 1940 2
925 1932 933 1945 ,
950 1907 1027 1940 836.
1064 1909 1155 1940 Fast.
1172 1910 1193 1940 5
1205 1934 1213 1948 ,
1231 1909 1307 1940 605.
1344 1909 1487 1942 Lucian.

791 1955 879 1988 Dial.
897 1957 1004 1988 Deor.
1022 1965 1111 1988 mar.
1130 1958 1183 1989 45.
1207 1956 1360 1989 Achilles
1371 1958 1490 1991 Tatius

790 2013 870 2047 pag.
885 2004 918 2038 4.
935 2005 1073 2038 Iacobs.
1091 2006 1217 2046 Lyrice
1230 2014 1311 2038 eam
1322 2007 1491 2040 tractarat

790 2053 1041 2094 Bacchylides,
1085 2063 1194 2095 quem
1228 2055 1376 2089 sortasse
1406 2058 1488 2089 ante

792 2102 912 2135 oculos
925 2102 1050 2134 habuit
1062 2103 1237 2137 Horatius.
1262 2104 1378 2137 Schol.
1396 2106 1427 2136 V
1428 2114 1485 2138 en.

791 2151 837 2183 ad
865 2150 961 2183 Iliad
986 2162 1039 2193 μ,
1064 2151 1150 2184 307:
1190 2149 1380 2210 Εὐρώπην
1416 2151 1488 2196 τὴν

790 2201 968 2240 Φοίνικος
990 2197 1084 2241 Ζεὺς
1097 2197 1377 2244 θεασάμενος
1357 2212 1400 2234 εν
1413 2212 1488 2236 τινι

791 2247 948 2292 λειμῶνι
967 2247 1066 2292 μετὰ
1081 2250 1258 2293 Νυμφῶν
1278 2247 1383 2295 ἄνθη
1398 2248 1489 2284 ἀνα-

789 2298 1001 2342 λέγουσαν,
1025 2295 1182 2345 ἠράσθη
1204 2301 1271 2334 καὶ
1291 2299 1488 2334 κατελθὼν

790 2344 960 2405 ἤλλαξεν
986 2346 1125 2381 ἑαυτὸν
1158 2350 1213 2390 εἰς
1245 2350 1388 2407 ταῦρον
1420 2351 1487 2383 καὶ

789 2393 870 2429 ἀπὸ
893 2395 960 2429 τοῦ
984 2395 1181 2440 πόματος
1201 2397 1345 2456 κρόκον
1367 2395 1484 2432 ἔπνει·

790 2455 891 2479 ουτω
913 2455 954 2478 τε
975 2443 1047 2489 τὴν
1066 2444 1257 2494 Εὐρώπην
1279 2445 1486 2491 ἀπατήσας

789 2493 1006 2535 ἐβάστασε,
1057 2497 1124 2529 καὶ
1171 2495 1485 2542 διαπορθμεύσας

789 2544 844 2585 εῖς
888 2541 1043 2602 Κρήτην
1087 2545 1201 2601 ἐμίγη
1244 2543 1355 2592 αὐτῇ.
1401 2543 1485 2578 Εἶθ’

790 2602 891 2627 ουτω
914 2591 1125 2638 συνῴκισεν
1141 2590 1262 2637 αὐτὴν
1276 2581 1484 2641 Ἀστερίωνι
