<?xml version="1.0" encoding="UTF-8"?>
<!DOCTYPE html PUBLIC "-//W3C//DTD XHTML 1.0 Transitional//EN"
    "http://www.w3.org/TR/xhtml1/DTD/xhtml1-transitional.dtd">
<html xmlns="http://www.w3.org/1999/xhtml" xml:lang="en" lang="en">
 <head>
  <title>
</title>
<meta http-equiv="Content-Type" content="text/html;charset=utf-8" />
  <meta name='ocr-system' content='tesseract 3.04.00' />
  <meta name='ocr-capabilities' content='ocr_page ocr_carea ocr_par ocr_line ocrx_word'/>
</head>
<body>
  <div class='ocr_page' id='page_1' title='image "./qhoratiusflaccus12horauoft_0354.png"; bbox 0 0 1722 2904; ppageno 0'>
   <div class='ocr_carea' id='block_1_1' title="bbox 681 91 1103 125">
    <p class='ocr_par' dir='ltr' id='par_1_1' title="bbox 681 91 1103 125">
     <span class='ocr_line' id='line_1_1' title="bbox 681 91 1103 125; baseline 0 -1"><span class='ocrx_word' id='word_1_1' title='bbox 681 91 852 125; x_wconf 81' lang='lat' dir='ltr'>HORATII</span> <span class='ocrx_word' id='word_1_2' title='bbox 878 91 1103 125; x_wconf 80' lang='lat' dir='ltr'>CARMINUM</span> 
     </span>
    </p>
   </div>
   <div class='ocr_carea' id='block_1_2' title="bbox 337 194 1079 252">
    <p class='ocr_par' dir='ltr' id='par_1_2' title="bbox 337 194 1079 252">
     <span class='ocr_line' id='line_1_2' title="bbox 337 194 1079 252; baseline -0.004 -13"><span class='ocrx_word' id='word_1_3' title='bbox 337 195 620 239; x_wconf 89' lang='lat' dir='ltr'>Fastidiosam</span> <span class='ocrx_word' id='word_1_4' title='bbox 651 195 806 238; x_wconf 85' lang='lat' dir='ltr'>desere</span> <span class='ocrx_word' id='word_1_5' title='bbox 837 194 1006 252; x_wconf 91' lang='lat' dir='ltr'>copiam</span> <span class='ocrx_word' id='word_1_6' title='bbox 1036 200 1079 237; x_wconf 91' lang='lat' dir='ltr'>et</span> 
     </span>
    </p>
   </div>
   <div class='ocr_carea' id='block_1_3' title="bbox 336 273 1226 402">
    <p class='ocr_par' dir='ltr' id='par_1_3' title="bbox 336 273 1226 402">
     <span class='ocr_line' id='line_1_3' title="bbox 336 273 1226 334; baseline -0.006 -14"><span class='ocrx_word' id='word_1_7' title='bbox 336 277 490 320; x_wconf 88' lang='lat' dir='ltr'>Molem</span> <span class='ocrx_word' id='word_1_8' title='bbox 518 277 804 334; x_wconf 84' lang='lat' dir='ltr'>propinquam</span> <span class='ocrx_word' id='word_1_9' title='bbox 834 274 1021 318; x_wconf 91' lang='lat' dir='ltr'>nubibus</span> <span class='ocrx_word' id='word_1_10' title='bbox 1054 273 1226 325; x_wconf 86' lang='lat' dir='ltr'>arduis;</span> 
     </span>
     <span class='ocr_line' id='line_1_4' title="bbox 393 356 912 402; baseline -0.006 -1"><span class='ocrx_word' id='word_1_11' title='bbox 393 357 551 402; x_wconf 88' lang='lat' dir='ltr'>Omitte</span> <span class='ocrx_word' id='word_1_12' title='bbox 583 356 728 399; x_wconf 89' lang='lat' dir='ltr'>mirari</span> <span class='ocrx_word' id='word_1_13' title='bbox 758 356 912 399; x_wconf 87' lang='lat' dir='ltr'>beatae</span> 
     </span>
    </p>
   </div>
   <div class='ocr_carea' id='block_1_4' title="bbox 1562 274 1615 316">
    <p class='ocr_par' dir='ltr' id='par_1_4' title="bbox 1562 274 1615 316">
     <span class='ocr_line' id='line_1_5' title="bbox 1562 274 1615 316; baseline -0.019 0"><span class='ocrx_word' id='word_1_14' title='bbox 1562 274 1615 316; x_wconf 69' lang='lat'>40</span> 
     </span>
    </p>
   </div>
   <div class='ocr_carea' id='block_1_5' title="bbox 447 435 1389 494">
    <p class='ocr_par' dir='ltr' id='par_1_5' title="bbox 447 435 1389 494">
     <span class='ocr_line' id='line_1_6' title="bbox 447 435 1389 494; baseline -0.003 -13"><span class='ocrx_word' id='word_1_15' title='bbox 447 440 629 481; x_wconf 91' lang='lat' dir='ltr'>Fumum</span> <span class='ocrx_word' id='word_1_16' title='bbox 659 443 702 481; x_wconf 87' lang='lat' dir='ltr'>et</span> <span class='ocrx_word' id='word_1_17' title='bbox 730 450 838 494; x_wconf 91' lang='lat' dir='ltr'>opes</span> <span class='ocrx_word' id='word_1_18' title='bbox 869 435 1182 493; x_wconf 87' lang='lat' dir='ltr'>strepitumque</span> <span class='ocrx_word' id='word_1_19' title='bbox 1216 436 1389 479; x_wconf 89' lang='lat' dir='ltr'>Romae.</span> 
     </span>
    </p>
   </div>
   <div class='ocr_carea' id='block_1_6' title="bbox 334 540 1156 600">
    <p class='ocr_par' dir='ltr' id='par_1_6' title="bbox 334 540 1156 600">
     <span class='ocr_line' id='line_1_7' title="bbox 334 540 1156 600; baseline -0.002 -14"><span class='ocrx_word' id='word_1_20' title='bbox 334 543 594 600; x_wconf 88' lang='lat' dir='ltr'>Plerumque</span> <span class='ocrx_word' id='word_1_21' title='bbox 625 547 771 600; x_wconf 79' lang='lat' dir='ltr'>gratae</span> <span class='ocrx_word' id='word_1_22' title='bbox 802 541 1007 584; x_wconf 86' lang='lat' dir='ltr'>divitibus</span> <span class='ocrx_word' id='word_1_23' title='bbox 1037 540 1156 584; x_wconf 83' lang='lat' dir='ltr'>vices</span> 
     </span>
    </p>
   </div>
   <div class='ocr_carea' id='block_1_7' title="bbox 333 622 888 749">
    <p class='ocr_par' dir='ltr' id='par_1_7' title="bbox 333 622 888 749">
     <span class='ocr_line' id='line_1_8' title="bbox 333 622 888 681; baseline -0.005 -14"><span class='ocrx_word' id='word_1_24' title='bbox 333 624 605 681; x_wconf 90' lang='lat' dir='ltr'>Mundaeque</span> <span class='ocrx_word' id='word_1_25' title='bbox 642 635 776 680; x_wconf 90' lang='lat' dir='ltr'>parvo</span> <span class='ocrx_word' id='word_1_26' title='bbox 807 622 888 665; x_wconf 89' lang='lat' dir='ltr'>sub</span> 
     </span>
     <span class='ocr_line' id='line_1_9' title="bbox 391 702 883 749; baseline -0.008 0"><span class='ocrx_word' id='word_1_27' title='bbox 391 706 563 749; x_wconf 91' lang='lat' dir='ltr'>Coenae</span> <span class='ocrx_word' id='word_1_28' title='bbox 594 705 686 746; x_wconf 89' lang='lat' dir='ltr'>sine</span> <span class='ocrx_word' id='word_1_29' title='bbox 718 702 883 746; x_wconf 89' lang='lat' dir='ltr'>aulaeis</span> 
     </span>
    </p>
   </div>
   <div class='ocr_carea' id='block_1_8' title="bbox 918 621 1278 679">
    <p class='ocr_par' dir='ltr' id='par_1_8' title="bbox 918 621 1278 679">
     <span class='ocr_line' id='line_1_10' title="bbox 918 621 1278 679; baseline 0.003 -16"><span class='ocrx_word' id='word_1_30' title='bbox 918 621 1007 664; x_wconf 89' lang='lat' dir='ltr'>lare</span> <span class='ocrx_word' id='word_1_31' title='bbox 1038 634 1278 679; x_wconf 89' lang='lat' dir='ltr'>pauperum</span> 
     </span>
    </p>
   </div>
   <div class='ocr_carea' id='block_1_9' title="bbox 914 700 1615 762">
    <p class='ocr_par' dir='ltr' id='par_1_9' title="bbox 914 700 1615 762">
     <span class='ocr_line' id='line_1_11' title="bbox 914 700 1615 762; baseline -0.001 -18"><span class='ocrx_word' id='word_1_32' title='bbox 914 708 957 745; x_wconf 88' lang='lat' dir='ltr'>et</span> <span class='ocrx_word' id='word_1_33' title='bbox 986 708 1105 762; x_wconf 72' lang='lat' dir='ltr'>ostro</span> <span class='ocrx_word' id='word_1_34' title='bbox 1561 700 1615 743; x_wconf 71' lang='lat'>⁴5</span> 
     </span>
    </p>
   </div>
   <div class='ocr_carea' id='block_1_10' title="bbox 447 770 1245 840">
    <p class='ocr_par' dir='ltr' id='par_1_10' title="bbox 447 770 1245 840">
     <span class='ocr_line' id='line_1_12' title="bbox 447 770 1245 840; baseline -0.005 -12"><span class='ocrx_word' id='word_1_35' title='bbox 447 784 678 828; x_wconf 83' lang='lat' dir='ltr'>Sollicitam</span> <span class='ocrx_word' id='word_1_36' title='bbox 708 783 955 840; x_wconf 84' lang='lat' dir='ltr'>explicuere</span> <span class='ocrx_word' id='word_1_37' title='bbox 985 782 1178 826; x_wconf 89' lang='lat' dir='ltr'>frontem.</span> <span class='ocrx_word' id='word_1_38' title='bbox 1242 770 1245 771; x_wconf 31' lang='lat'><em>⁷</em></span> 
     </span>
    </p>
   </div>
   <div class='ocr_carea' id='block_1_11' title="bbox 153 927 882 2698">
    <p class='ocr_par' dir='ltr' id='par_1_11' title="bbox 164 927 863 1022">
     <span class='ocr_line' id='line_1_13' title="bbox 164 927 863 971; baseline -0.006 -8"><span class='ocrx_word' id='word_1_39' title='bbox 164 933 244 971; x_wconf 78' lang='lat' dir='ltr'>thia,</span> <span class='ocrx_word' id='word_1_40' title='bbox 266 934 385 971; x_wconf 77' lang='lat' dir='ltr'>sortes,</span> <span class='ocrx_word' id='word_1_41' title='bbox 413 931 499 971; x_wconf 78' lang='lat' dir='ltr'>Quid</span> <span class='ocrx_word' id='word_1_42' title='bbox 516 930 604 971; x_wconf 77' lang='lat' dir='ltr'>petis</span> <span class='ocrx_word' id='word_1_43' title='bbox 617 929 716 962; x_wconf 79' lang='lat' dir='ltr'>Aeaei</span> <span class='ocrx_word' id='word_1_44' title='bbox 731 927 863 960; x_wconf 78' lang='lat' dir='ltr'>moenia</span> 
     </span>
     <span class='ocr_line' id='line_1_14' title="bbox 167 980 346 1022; baseline -0.006 -9"><span class='ocrx_word' id='word_1_45' title='bbox 167 980 314 1022; x_wconf 63' lang='lat' dir='ltr'>Telegoni</span> <span class='ocrx_word' id='word_1_46' title='bbox 328 980 346 1012; x_wconf 75' lang='lat' dir='ltr'><em>P</em></span> 
     </span>
    </p>

    <p class='ocr_par' dir='ltr' id='par_1_12' title="bbox 156 1028 863 1860">
     <span class='ocr_line' id='line_1_15' title="bbox 208 1028 863 1070; baseline -0.006 -9"><span class='ocrx_word' id='word_1_47' title='bbox 208 1030 240 1061; x_wconf 83' lang='lat'>9.</span> <span class='ocrx_word' id='word_1_48' title='bbox 268 1030 319 1061; x_wconf 71' lang='lat'>40.</span> <span class='ocrx_word' id='word_1_49' title='bbox 355 1028 587 1070; x_wconf 77' lang='lat' dir='ltr'>Fastidiosam]</span> <span class='ocrx_word' id='word_1_50' title='bbox 625 1036 737 1069; x_wconf 75' lang='lat' dir='ltr'>aquae</span> <span class='ocrx_word' id='word_1_51' title='bbox 772 1034 863 1058; x_wconf 90' lang='lat' dir='ltr'>nau-</span> 
     </span>
     <span class='ocr_line' id='line_1_16' title="bbox 163 1075 861 1119; baseline -0.006 -8"><span class='ocrx_word' id='word_1_52' title='bbox 163 1088 262 1112; x_wconf 89' lang='lat' dir='ltr'>seam</span> <span class='ocrx_word' id='word_1_53' title='bbox 286 1088 328 1111; x_wconf 88' lang='lat' dir='ltr'>ac</span> <span class='ocrx_word' id='word_1_54' title='bbox 351 1078 508 1111; x_wconf 88' lang='lat' dir='ltr'>taedium</span> <span class='ocrx_word' id='word_1_55' title='bbox 530 1078 654 1119; x_wconf 88' lang='lat' dir='ltr'>parit.»</span> <span class='ocrx_word' id='word_1_56' title='bbox 675 1094 710 1099; x_wconf 93' lang='lat'>—</span> <span class='ocrx_word' id='word_1_57' title='bbox 728 1075 861 1117; x_wconf 81' lang='lat' dir='ltr'>Molem]</span> 
     </span>
     <span class='ocr_line' id='line_1_17' title="bbox 162 1125 862 1170; baseline -0.004 -11"><span class='ocrx_word' id='word_1_58' title='bbox 162 1129 286 1160; x_wconf 86' lang='lat' dir='ltr'>turrim</span> <span class='ocrx_word' id='word_1_59' title='bbox 319 1127 468 1170; x_wconf 84' lang='lat' dir='ltr'>(Palast)</span> <span class='ocrx_word' id='word_1_60' title='bbox 491 1126 792 1160; x_wconf 88' lang='lat' dir='ltr'>Maecenatianam</span> <span class='ocrx_word' id='word_1_61' title='bbox 827 1125 862 1156; x_wconf 93' lang='lat' dir='ltr'>in</span> 
     </span>
     <span class='ocr_line' id='line_1_18' title="bbox 162 1175 863 1219; baseline -0.003 -10"><span class='ocrx_word' id='word_1_62' title='bbox 162 1177 250 1210; x_wconf 92' lang='lat' dir='ltr'>colle</span> <span class='ocrx_word' id='word_1_63' title='bbox 281 1177 479 1219; x_wconf 84' lang='lat' dir='ltr'>Esquilino,</span> <span class='ocrx_word' id='word_1_64' title='bbox 520 1186 540 1209; x_wconf 91' lang='lat' dir='ltr'>e</span> <span class='ocrx_word' id='word_1_65' title='bbox 564 1185 635 1218; x_wconf 89' lang='lat' dir='ltr'>qua</span> <span class='ocrx_word' id='word_1_66' title='bbox 668 1177 762 1208; x_wconf 90' lang='lat' dir='ltr'>Nero</span> <span class='ocrx_word' id='word_1_67' title='bbox 792 1175 863 1207; x_wconf 92' lang='lat' dir='ltr'>Ro-</span> 
     </span>
     <span class='ocr_line' id='line_1_19' title="bbox 162 1226 858 1268; baseline -0.004 -9"><span class='ocrx_word' id='word_1_68' title='bbox 162 1235 241 1259; x_wconf 90' lang='lat' dir='ltr'>mae</span> <span class='ocrx_word' id='word_1_69' title='bbox 258 1227 462 1259; x_wconf 83' lang='lat' dir='ltr'>incendium</span> <span class='ocrx_word' id='word_1_70' title='bbox 478 1226 641 1268; x_wconf 87' lang='lat' dir='ltr'>inspexit.</span> <span class='ocrx_word' id='word_1_71' title='bbox 659 1226 764 1266; x_wconf 91' lang='lat' dir='ltr'>(Suet.</span> <span class='ocrx_word' id='word_1_72' title='bbox 777 1226 858 1256; x_wconf 86' lang='lat' dir='ltr'>Ner.</span> 
     </span>
     <span class='ocr_line' id='line_1_20' title="bbox 161 1274 861 1317; baseline -0.004 -9"><span class='ocrx_word' id='word_1_73' title='bbox 161 1276 227 1316; x_wconf 89' lang='lat'>38.)</span> <span class='ocrx_word' id='word_1_74' title='bbox 266 1277 305 1308; x_wconf 92' lang='lat' dir='ltr'>In</span> <span class='ocrx_word' id='word_1_75' title='bbox 333 1277 409 1309; x_wconf 90' lang='lat' dir='ltr'>eius</span> <span class='ocrx_word' id='word_1_76' title='bbox 436 1276 565 1308; x_wconf 88' lang='lat' dir='ltr'>vicinia</span> <span class='ocrx_word' id='word_1_77' title='bbox 592 1276 668 1317; x_wconf 90' lang='lat' dir='ltr'>ipse</span> <span class='ocrx_word' id='word_1_78' title='bbox 698 1274 861 1307; x_wconf 85' lang='lat' dir='ltr'>Horatius</span> 
     </span>
     <span class='ocr_line' id='line_1_21' title="bbox 162 1324 862 1368; baseline -0.003 -10"><span class='ocrx_word' id='word_1_79' title='bbox 162 1327 328 1359; x_wconf 85' lang='lat' dir='ltr'>humatus</span> <span class='ocrx_word' id='word_1_80' title='bbox 352 1327 416 1359; x_wconf 89' lang='lat' dir='ltr'>est.</span> <span class='ocrx_word' id='word_1_81' title='bbox 465 1325 594 1368; x_wconf 74' lang='lat' dir='ltr'>(Soloke</span> <span class='ocrx_word' id='word_1_82' title='bbox 619 1326 737 1357; x_wconf 90' lang='lat' dir='ltr'>turres</span> <span class='ocrx_word' id='word_1_83' title='bbox 765 1324 862 1366; x_wconf 80' lang='lat' dir='ltr'>liefen</span> 
     </span>
     <span class='ocr_line' id='line_1_22' title="bbox 156 1374 862 1417; baseline -0.003 -10"><span class='ocrx_word' id='word_1_84' title='bbox 156 1375 423 1415; x_wconf 69' lang='lat' dir='ltr'>pyraanidalisch</span> <span class='ocrx_word' id='word_1_85' title='bbox 436 1377 506 1407; x_wconf 82' lang='lat' dir='ltr'>und</span> <span class='ocrx_word' id='word_1_86' title='bbox 519 1374 809 1417; x_wconf 73' lang='lat' dir='ltr'>terrassenfe&#39;rmiy</span> <span class='ocrx_word' id='word_1_87' title='bbox 826 1374 862 1406; x_wconf 77' lang='lat' dir='ltr'>in</span> 
     </span>
     <span class='ocr_line' id='line_1_23' title="bbox 161 1423 863 1465; baseline -0.003 -8"><span class='ocrx_word' id='word_1_88' title='bbox 161 1425 212 1457; x_wconf 73' lang='lat' dir='ltr'>die</span> <span class='ocrx_word' id='word_1_89' title='bbox 233 1425 333 1457; x_wconf 70' lang='lat' dir='ltr'>Hehe.</span> <span class='ocrx_word' id='word_1_90' title='bbox 366 1425 567 1457; x_wconf 68' lang='lat' dir='ltr'>Romnum.</span> <span class='ocrx_word' id='word_1_91' title='bbox 594 1425 650 1456; x_wconf 91' lang='lat' dir='ltr'>Sic</span> <span class='ocrx_word' id='word_1_92' title='bbox 669 1424 794 1465; x_wconf 89' lang='lat' dir='ltr'>postea</span> <span class='ocrx_word' id='word_1_93' title='bbox 811 1423 863 1455; x_wconf 89' lang='lat' dir='ltr'>di-</span> 
     </span>
     <span class='ocr_line' id='line_1_24' title="bbox 161 1474 861 1515; baseline -0.001 -8"><span class='ocrx_word' id='word_1_94' title='bbox 161 1476 217 1507; x_wconf 89' lang='lat' dir='ltr'>cta</span> <span class='ocrx_word' id='word_1_95' title='bbox 248 1477 303 1507; x_wconf 89' lang='lat' dir='ltr'>est</span> <span class='ocrx_word' id='word_1_96' title='bbox 331 1475 455 1507; x_wconf 84' lang='lat' dir='ltr'>moles</span> <span class='ocrx_word' id='word_1_97' title='bbox 483 1474 690 1515; x_wconf 75' lang='lat' dir='ltr'>Hadriana.)</span> <span class='ocrx_word' id='word_1_98' title='bbox 725 1492 760 1496; x_wconf 90' lang='lat'>—</span> <span class='ocrx_word' id='word_1_99' title='bbox 788 1475 861 1506; x_wconf 90' lang='lat' dir='ltr'>Hoc</span> 
     </span>
     <span class='ocr_line' id='line_1_25' title="bbox 161 1523 863 1565; baseline -0.001 -10"><span class='ocrx_word' id='word_1_100' title='bbox 161 1523 262 1557; x_wconf 90' lang='lat' dir='ltr'>dicit:</span> <span class='ocrx_word' id='word_1_101' title='bbox 301 1523 401 1556; x_wconf 90' lang='lat' dir='ltr'>«Noli</span> <span class='ocrx_word' id='word_1_102' title='bbox 427 1532 574 1565; x_wconf 88' lang='lat' dir='ltr'>semper</span> <span class='ocrx_word' id='word_1_103' title='bbox 600 1525 732 1556; x_wconf 83' lang='lat' dir='ltr'>Romae</span> <span class='ocrx_word' id='word_1_104' title='bbox 761 1531 863 1554; x_wconf 88' lang='lat' dir='ltr'>com-</span> 
     </span>
     <span class='ocr_line' id='line_1_26' title="bbox 161 1573 862 1614; baseline -0.001 -9"><span class='ocrx_word' id='word_1_105' title='bbox 161 1574 334 1611; x_wconf 85' lang='lat' dir='ltr'>morari;»</span> <span class='ocrx_word' id='word_1_106' title='bbox 371 1573 502 1605; x_wconf 90' lang='lat' dir='ltr'>idcirco</span> <span class='ocrx_word' id='word_1_107' title='bbox 526 1581 755 1614; x_wconf 85' lang='lat' dir='ltr'>nequaquam</span> <span class='ocrx_word' id='word_1_108' title='bbox 779 1580 862 1604; x_wconf 91' lang='lat' dir='ltr'>cum</span> 
     </span>
     <span class='ocr_line' id='line_1_27' title="bbox 160 1622 862 1664; baseline 0 -10"><span class='ocrx_word' id='word_1_109' title='bbox 160 1622 301 1663; x_wconf 89' lang='lat' dir='ltr'>Nibbyo</span> <span class='ocrx_word' id='word_1_110' title='bbox 318 1622 474 1664; x_wconf 72' lang='lat' dir='ltr'>(Viayyio</span> <span class='ocrx_word' id='word_1_111' title='bbox 489 1624 514 1654; x_wconf 96' lang='grc' dir='ltr'>Ι.</span> <span class='ocrx_word' id='word_1_112' title='bbox 533 1631 568 1664; x_wconf 92' lang='lat' dir='ltr'>p.</span> <span class='ocrx_word' id='word_1_113' title='bbox 589 1622 677 1662; x_wconf 77' lang='lat'>474.)</span> <span class='ocrx_word' id='word_1_114' title='bbox 697 1622 762 1655; x_wconf 90' lang='lat' dir='ltr'>hos</span> <span class='ocrx_word' id='word_1_115' title='bbox 778 1630 862 1654; x_wconf 85' lang='lat' dir='ltr'>ver-</span> 
     </span>
     <span class='ocr_line' id='line_1_28' title="bbox 160 1671 862 1712; baseline -0.001 -9"><span class='ocrx_word' id='word_1_116' title='bbox 160 1680 221 1704; x_wconf 92' lang='lat' dir='ltr'>sus</span> <span class='ocrx_word' id='word_1_117' title='bbox 249 1672 294 1703; x_wconf 89' lang='lat' dir='ltr'>ad</span> <span class='ocrx_word' id='word_1_118' title='bbox 318 1671 544 1712; x_wconf 86' lang='lat' dir='ltr'>magnificum</span> <span class='ocrx_word' id='word_1_119' title='bbox 568 1671 652 1703; x_wconf 90' lang='lat' dir='ltr'>illud</span> <span class='ocrx_word' id='word_1_120' title='bbox 678 1672 862 1704; x_wconf 88' lang='lat' dir='ltr'>Maecena-</span> 
     </span>
     <span class='ocr_line' id='line_1_29' title="bbox 160 1720 860 1762; baseline 0.001 -10"><span class='ocrx_word' id='word_1_121' title='bbox 160 1722 202 1753; x_wconf 89' lang='lat' dir='ltr'>tis</span> <span class='ocrx_word' id='word_1_122' title='bbox 218 1720 456 1760; x_wconf 86' lang='lat' dir='ltr'>Tiburtinum,</span> <span class='ocrx_word' id='word_1_123' title='bbox 483 1721 583 1753; x_wconf 90' lang='lat' dir='ltr'>cuius</span> <span class='ocrx_word' id='word_1_124' title='bbox 603 1721 795 1762; x_wconf 88' lang='lat' dir='ltr'>parietinas</span> <span class='ocrx_word' id='word_1_125' title='bbox 811 1720 860 1753; x_wconf 90' lang='lat' dir='ltr'>ibi</span> 
     </span>
     <span class='ocr_line' id='line_1_30' title="bbox 159 1769 860 1812; baseline 0 -10"><span class='ocrx_word' id='word_1_126' title='bbox 159 1769 340 1809; x_wconf 84' lang='lat' dir='ltr'>describit,</span> <span class='ocrx_word' id='word_1_127' title='bbox 367 1770 501 1803; x_wconf 86' lang='lat' dir='ltr'>referre</span> <span class='ocrx_word' id='word_1_128' title='bbox 518 1778 721 1812; x_wconf 90' lang='lat' dir='ltr'>possumus.</span> <span class='ocrx_word' id='word_1_129' title='bbox 744 1788 780 1792; x_wconf 97' lang='lat'><strong>—</strong></span> <span class='ocrx_word' id='word_1_130' title='bbox 799 1779 860 1802; x_wconf 79' lang='lat' dir='ltr'>ar-</span> 
     </span>
     <span class='ocr_line' id='line_1_31' title="bbox 158 1818 537 1860; baseline 0.003 -10"><span class='ocrx_word' id='word_1_131' title='bbox 158 1818 242 1860; x_wconf 82' lang='lat' dir='ltr'>duis]</span> <span class='ocrx_word' id='word_1_132' title='bbox 269 1818 537 1852; x_wconf 68' lang='lat' dir='ltr'>«sublimibus»</span> 
     </span>
    </p>

    <p class='ocr_par' dir='ltr' id='par_1_13' title="bbox 153 1868 882 2698">
     <span class='ocr_line' id='line_1_32' title="bbox 204 1868 858 1910; baseline 0.002 -11"><span class='ocrx_word' id='word_1_133' title='bbox 204 1869 255 1900; x_wconf 81' lang='grc' dir='ltr'>Η.</span> <span class='ocrx_word' id='word_1_134' title='bbox 284 1869 336 1900; x_wconf 73' lang='grc'>42.</span> <span class='ocrx_word' id='word_1_135' title='bbox 363 1868 491 1910; x_wconf 72' lang='lat' dir='ltr'>Omitte]</span> <span class='ocrx_word' id='word_1_136' title='bbox 516 1869 657 1901; x_wconf 89' lang='lat' dir='ltr'>Minime</span> <span class='ocrx_word' id='word_1_137' title='bbox 677 1877 759 1901; x_wconf 93' lang='lat' dir='ltr'>cum</span> <span class='ocrx_word' id='word_1_138' title='bbox 775 1869 858 1900; x_wconf 92' lang='lat' dir='ltr'>Bur-</span> 
     </span>
     <span class='ocr_line' id='line_1_33' title="bbox 160 1917 860 1959; baseline 0.001 -10"><span class='ocrx_word' id='word_1_139' title='bbox 160 1926 290 1949; x_wconf 90' lang='lat' dir='ltr'>manno</span> <span class='ocrx_word' id='word_1_140' title='bbox 314 1917 359 1949; x_wconf 90' lang='lat' dir='ltr'>ad</span> <span class='ocrx_word' id='word_1_141' title='bbox 383 1917 558 1959; x_wconf 85' lang='lat' dir='ltr'>Sulpiciae</span> <span class='ocrx_word' id='word_1_142' title='bbox 582 1919 652 1950; x_wconf 87' lang='lat' dir='ltr'>Sat.</span> <span class='ocrx_word' id='word_1_143' title='bbox 680 1918 711 1949; x_wconf 86' lang='lat'>9.</span> <span class='ocrx_word' id='word_1_144' title='bbox 738 1917 860 1958; x_wconf 85' lang='lat' dir='ltr'>legen-</span> 
     </span>
     <span class='ocr_line' id='line_1_34' title="bbox 159 1966 858 2006; baseline 0.001 -9"><span class='ocrx_word' id='word_1_145' title='bbox 159 1966 245 1997; x_wconf 86' lang='lat' dir='ltr'>dum</span> <span class='ocrx_word' id='word_1_146' title='bbox 270 1966 296 1997; x_wconf 93' lang='grc' dir='ltr'>Ο</span> <span class='ocrx_word' id='word_1_147' title='bbox 318 1966 427 2006; x_wconf 75' lang='lat' dir='ltr'>mitte,</span> <span class='ocrx_word' id='word_1_148' title='bbox 454 1975 537 1999; x_wconf 91' lang='lat' dir='ltr'>cum</span> <span class='ocrx_word' id='word_1_149' title='bbox 563 1966 746 1999; x_wconf 90' lang='lat' dir='ltr'>anacrusis</span> <span class='ocrx_word' id='word_1_150' title='bbox 768 1967 858 1998; x_wconf 90' lang='lat' dir='ltr'>iam-</span> 
     </span>
     <span class='ocr_line' id='line_1_35' title="bbox 157 2015 857 2058; baseline 0.001 -11"><span class='ocrx_word' id='word_1_151' title='bbox 157 2015 236 2047; x_wconf 86' lang='lat' dir='ltr'>bica</span> <span class='ocrx_word' id='word_1_152' title='bbox 254 2015 287 2047; x_wconf 93' lang='lat' dir='ltr'>in</span> <span class='ocrx_word' id='word_1_153' title='bbox 309 2016 378 2047; x_wconf 92' lang='lat' dir='ltr'>hoc</span> <span class='ocrx_word' id='word_1_154' title='bbox 399 2016 501 2048; x_wconf 88' lang='lat' dir='ltr'>tertio</span> <span class='ocrx_word' id='word_1_155' title='bbox 518 2016 686 2058; x_wconf 87' lang='lat' dir='ltr'>strophae</span> <span class='ocrx_word' id='word_1_156' title='bbox 705 2015 857 2048; x_wconf 84' lang='lat' dir='ltr'>alcaicae</span> 
     </span>
     <span class='ocr_line' id='line_1_36' title="bbox 157 2066 855 2106; baseline 0.003 -10"><span class='ocrx_word' id='word_1_157' title='bbox 157 2073 264 2097; x_wconf 88' lang='lat' dir='ltr'>versu</span> <span class='ocrx_word' id='word_1_158' title='bbox 291 2066 489 2106; x_wconf 87' lang='lat' dir='ltr'>reperiatur</span> <span class='ocrx_word' id='word_1_159' title='bbox 516 2066 624 2098; x_wconf 88' lang='lat' dir='ltr'>etiam</span> <span class='ocrx_word' id='word_1_160' title='bbox 648 2066 711 2098; x_wconf 94' lang='lat' dir='ltr'>Od.</span> <span class='ocrx_word' id='word_1_161' title='bbox 732 2067 769 2105; x_wconf 78' lang='lat' dir='ltr'>l,</span> <span class='ocrx_word' id='word_1_162' title='bbox 798 2066 855 2105; x_wconf 79' lang='grc'>46,</span> 
     </span>
     <span class='ocr_line' id='line_1_37' title="bbox 158 2115 855 2155; baseline 0.001 -9"><span class='ocrx_word' id='word_1_163' title='bbox 158 2115 209 2146; x_wconf 72' lang='lat'>⁴9.</span> <span class='ocrx_word' id='word_1_164' title='bbox 243 2115 302 2153; x_wconf 72' lang='lat'>47,</span> <span class='ocrx_word' id='word_1_165' title='bbox 329 2115 358 2146; x_wconf 82' lang='lat'>7.</span> <span class='ocrx_word' id='word_1_166' title='bbox 394 2115 453 2153; x_wconf 71' lang='lat'>29,</span> <span class='ocrx_word' id='word_1_167' title='bbox 480 2116 510 2147; x_wconf 87' lang='lat'>7.</span> <span class='ocrx_word' id='word_1_168' title='bbox 542 2115 602 2155; x_wconf 85' lang='lat'>37,</span> <span class='ocrx_word' id='word_1_169' title='bbox 629 2116 682 2148; x_wconf 75' lang='lat'>45.</span> <span class='ocrx_word' id='word_1_170' title='bbox 724 2115 787 2148; x_wconf 89' lang='lat' dir='ltr'>Od.</span> <span class='ocrx_word' id='word_1_171' title='bbox 816 2115 855 2155; x_wconf 73' lang='lat'>2,</span> 
     </span>
     <span class='ocr_line' id='line_1_38' title="bbox 156 2163 855 2206; baseline 0.001 -11"><span class='ocrx_word' id='word_1_172' title='bbox 156 2163 191 2202; x_wconf 88' lang='grc'>3,</span> <span class='ocrx_word' id='word_1_173' title='bbox 219 2164 250 2195; x_wconf 90' lang='grc'>3.</span> <span class='ocrx_word' id='word_1_174' title='bbox 277 2164 336 2202; x_wconf 74' lang='grc'>20,</span> <span class='ocrx_word' id='word_1_175' title='bbox 364 2165 416 2196; x_wconf 78' lang='grc' dir='ltr'>Μ.</span> <span class='ocrx_word' id='word_1_176' title='bbox 439 2183 474 2187; x_wconf 87' lang='grc'>-</span> <span class='ocrx_word' id='word_1_177' title='bbox 493 2165 619 2206; x_wconf 79' lang='lat' dir='ltr'>beatae]</span> <span class='ocrx_word' id='word_1_178' title='bbox 643 2164 855 2206; x_wconf 83' lang='lat' dir='ltr'>«opulentae</span> 
     </span>
     <span class='ocr_line' id='line_1_39' title="bbox 157 2212 855 2255; baseline 0.001 -11"><span class='ocrx_word' id='word_1_179' title='bbox 157 2222 198 2244; x_wconf 83' lang='lat' dir='ltr'>ac</span> <span class='ocrx_word' id='word_1_180' title='bbox 223 2212 464 2254; x_wconf 79' lang='lat' dir='ltr'>splendidae.»</span> <span class='ocrx_word' id='word_1_181' title='bbox 499 2233 533 2236; x_wconf 97' lang='lat'><strong>—</strong></span> <span class='ocrx_word' id='word_1_182' title='bbox 559 2213 855 2255; x_wconf 71' lang='lat' dir='ltr'>mirari-Famam]</span> 
     </span>
     <span class='ocr_line' id='line_1_40' title="bbox 156 2259 858 2308; baseline 0.001 -15"><span class='ocrx_word' id='word_1_183' title='bbox 156 2259 259 2307; x_wconf 77' lang='grc' dir='ltr'><em>παρὰ</em></span> <span class='ocrx_word' id='word_1_184' title='bbox 272 2261 518 2308; x_wconf 76' lang='grc' dir='ltr'><em>προσδοκίαν.</em></span> <span class='ocrx_word' id='word_1_185' title='bbox 538 2265 626 2296; x_wconf 88' lang='lat' dir='ltr'>Nam</span> <span class='ocrx_word' id='word_1_186' title='bbox 638 2264 761 2295; x_wconf 74' lang='lat' dir='ltr'>mirari</span> <span class='ocrx_word' id='word_1_187' title='bbox 775 2271 858 2304; x_wconf 88' lang='lat' dir='ltr'>pro-</span> 
     </span>
     <span class='ocr_line' id='line_1_41' title="bbox 154 2312 857 2353; baseline 0.001 -10"><span class='ocrx_word' id='word_1_188' title='bbox 154 2312 229 2353; x_wconf 89' lang='lat' dir='ltr'>prie</span> <span class='ocrx_word' id='word_1_189' title='bbox 255 2312 406 2344; x_wconf 78' lang='lat' dir='ltr'>refertur</span> <span class='ocrx_word' id='word_1_190' title='bbox 421 2313 464 2344; x_wconf 91' lang='lat' dir='ltr'>ad</span> <span class='ocrx_word' id='word_1_191' title='bbox 481 2322 558 2353; x_wconf 84' lang='lat' dir='ltr'>opes</span> <span class='ocrx_word' id='word_1_192' title='bbox 573 2313 771 2351; x_wconf 84' lang='lat' dir='ltr'>dumtaxat;</span> <span class='ocrx_word' id='word_1_193' title='bbox 798 2322 857 2344; x_wconf 89' lang='lat' dir='ltr'>ve—</span> 
     </span>
     <span class='ocr_line' id='line_1_42' title="bbox 154 2361 856 2403; baseline 0.004 -11"><span class='ocrx_word' id='word_1_194' title='bbox 154 2369 236 2392; x_wconf 87' lang='lat' dir='ltr'>rum</span> <span class='ocrx_word' id='word_1_195' title='bbox 261 2361 324 2393; x_wconf 90' lang='lat' dir='ltr'>has</span> <span class='ocrx_word' id='word_1_196' title='bbox 348 2363 563 2394; x_wconf 85' lang='lat' dir='ltr'>comitantur</span> <span class='ocrx_word' id='word_1_197' title='bbox 587 2363 702 2395; x_wconf 87' lang='lat' dir='ltr'>omnis</span> <span class='ocrx_word' id='word_1_198' title='bbox 716 2363 856 2403; x_wconf 82' lang='lat' dir='ltr'>generis</span> 
     </span>
     <span class='ocr_line' id='line_1_43' title="bbox 156 2409 854 2452; baseline 0.004 -11"><span class='ocrx_word' id='word_1_199' title='bbox 156 2409 357 2448; x_wconf 55' lang='lat' dir='ltr'>molestiam</span> <span class='ocrx_word' id='word_1_200' title='bbox 385 2420 426 2443; x_wconf 88' lang='lat' dir='ltr'>ex</span> <span class='ocrx_word' id='word_1_201' title='bbox 453 2411 582 2452; x_wconf 82' lang='lat' dir='ltr'>quibus</span> <span class='ocrx_word' id='word_1_202' title='bbox 599 2413 854 2451; x_wconf 80' lang='lat' dir='ltr'>memorantur,</span> 
     </span>
     <span class='ocr_line' id='line_1_44' title="bbox 155 2461 854 2500; baseline 0.003 -9"><span class='ocrx_word' id='word_1_203' title='bbox 155 2468 246 2500; x_wconf 86' lang='lat' dir='ltr'>quac</span> <span class='ocrx_word' id='word_1_204' title='bbox 273 2461 424 2492; x_wconf 86' lang='lat' dir='ltr'>maxime</span> <span class='ocrx_word' id='word_1_205' title='bbox 451 2461 483 2492; x_wconf 91' lang='lat' dir='ltr'>in</span> <span class='ocrx_word' id='word_1_206' title='bbox 509 2470 636 2493; x_wconf 84' lang='lat' dir='ltr'>sensus</span> <span class='ocrx_word' id='word_1_207' title='bbox 661 2462 854 2500; x_wconf 75' lang='lat' dir='ltr'>incurrunt,</span> 
     </span>
     <span class='ocr_line' id='line_1_45' title="bbox 153 2509 854 2550; baseline 0.004 -11"><span class='ocrx_word' id='word_1_208' title='bbox 153 2509 263 2548; x_wconf 74' lang='lat' dir='ltr'>sumus</span> <span class='ocrx_word' id='word_1_209' title='bbox 286 2511 321 2541; x_wconf 87' lang='lat' dir='ltr'>et</span> <span class='ocrx_word' id='word_1_210' title='bbox 336 2510 499 2550; x_wconf 75' lang='lat' dir='ltr'>strepitus.</span> <span class='ocrx_word' id='word_1_211' title='bbox 529 2511 669 2542; x_wconf 81' lang='lat' dir='ltr'>Fumum</span> <span class='ocrx_word' id='word_1_212' title='bbox 685 2511 739 2541; x_wconf 79' lang='lat' dir='ltr'>vix</span> <span class='ocrx_word' id='word_1_213' title='bbox 758 2511 854 2542; x_wconf 87' lang='lat' dir='ltr'>recte</span> 
     </span>
     <span class='ocr_line' id='line_1_46' title="bbox 155 2557 882 2616; baseline 0.004 -27"><span class='ocrx_word' id='word_1_214' title='bbox 155 2557 389 2598; x_wconf 70' lang='lat' dir='ltr'>explicaveris</span> <span class='ocrx_word' id='word_1_215' title='bbox 407 2560 558 2600; x_wconf 85' lang='lat' dir='ltr'>tropice:</span> <span class='ocrx_word' id='word_1_216' title='bbox 581 2568 729 2591; x_wconf 74' lang='lat' dir='ltr'>«vanam</span> <span class='ocrx_word' id='word_1_217' title='bbox 747 2560 857 2592; x_wconf 82' lang='lat' dir='ltr'>hono-</span> <span class='ocrx_word' id='word_1_218' title='bbox 880 2582 882 2616; x_wconf 53' lang='grc' dir='ltr'>Ι</span> 
     </span>
     <span class='ocr_line' id='line_1_47' title="bbox 156 2607 882 2649; baseline 0.006 -12"><span class='ocrx_word' id='word_1_219' title='bbox 156 2608 202 2638; x_wconf 84' lang='lat' dir='ltr'>ris</span> <span class='ocrx_word' id='word_1_220' title='bbox 216 2616 256 2639; x_wconf 80' lang='lat' dir='ltr'>ac</span> <span class='ocrx_word' id='word_1_221' title='bbox 275 2607 446 2641; x_wconf 81' lang='lat' dir='ltr'>felicitatis</span> <span class='ocrx_word' id='word_1_222' title='bbox 463 2610 660 2649; x_wconf 77' lang='lat' dir='ltr'>specicm»;</span> <span class='ocrx_word' id='word_1_223' title='bbox 681 2618 741 2640; x_wconf 83' lang='lat' dir='ltr'>«sa</span> <span class='ocrx_word' id='word_1_224' title='bbox 755 2612 856 2641; x_wconf 76' lang='lat' dir='ltr'>crom-</span> <span class='ocrx_word' id='word_1_225' title='bbox 880 2619 882 2634; x_wconf 78' lang='lat'>1</span> 
     </span>
     <span class='ocr_line' id='line_1_48' title="bbox 153 2639 882 2698; baseline 0.004 -11"><span class='ocrx_word' id='word_1_226' title='bbox 153 2665 249 2695; x_wconf 68' lang='lat' dir='ltr'>pause</span> <span class='ocrx_word' id='word_1_227' title='bbox 272 2658 407 2697; x_wconf 40' lang='lat' dir='ltr'>furme&#39;e»</span> <span class='ocrx_word' id='word_1_228' title='bbox 446 2657 762 2698; x_wconf 61' lang='lat' dir='ltr'>(Vanderbourg).</span> <span class='ocrx_word' id='word_1_229' title='bbox 790 2658 853 2691; x_wconf 83' lang='lat' dir='ltr'>sed</span> <span class='ocrx_word' id='word_1_230' title='bbox 880 2639 882 2685; x_wconf 65' lang='lat' dir='ltr'>l</span> 
     </span>
    </p>
   </div>
   <div class='ocr_carea' id='block_1_12' title="bbox 879 2488 883 2581">
    <p class='ocr_par' dir='ltr' id='par_1_14' title="bbox 879 2488 883 2581">
     <span class='ocr_line' id='line_1_49' title="bbox 879 2488 883 2581; baseline 0 323"><span class='ocrx_word' id='word_1_231' title='bbox 879 2488 883 2581; x_wconf 95' lang='lat' dir='ltr'> </span> 
     </span>
    </p>
   </div>
   <div class='ocr_carea' id='block_1_13' title="bbox 912 926 1617 1316">
    <p class='ocr_par' dir='ltr' id='par_1_15' title="bbox 912 926 1617 1316">
     <span class='ocr_line' id='line_1_50' title="bbox 914 926 1614 969; baseline 0 -10"><span class='ocrx_word' id='word_1_232' title='bbox 914 927 1057 969; x_wconf 86' lang='lat' dir='ltr'>proprie</span> <span class='ocrx_word' id='word_1_233' title='bbox 1087 926 1333 969; x_wconf 87' lang='lat' dir='ltr'>accipiendum</span> <span class='ocrx_word' id='word_1_234' title='bbox 1365 928 1432 960; x_wconf 88' lang='lat' dir='ltr'>est.</span> <span class='ocrx_word' id='word_1_235' title='bbox 1479 927 1614 959; x_wconf 88' lang='lat' dir='ltr'>Seneca</span> 
     </span>
     <span class='ocr_line' id='line_1_51' title="bbox 914 975 1617 1019; baseline 0.001 -11"><span class='ocrx_word' id='word_1_236' title='bbox 914 977 977 1018; x_wconf 90' lang='lat' dir='ltr'>Ep.</span> <span class='ocrx_word' id='word_1_237' title='bbox 997 975 1079 1009; x_wconf 75' lang='lat'>⁴04:</span> <span class='ocrx_word' id='word_1_238' title='bbox 1096 977 1295 1017; x_wconf 69' lang='lat' dir='ltr'>utprimum</span> <span class='ocrx_word' id='word_1_239' title='bbox 1308 976 1511 1019; x_wconf 71' lang='lat' dir='ltr'>qrwt’tatem</span> <span class='ocrx_word' id='word_1_240' title='bbox 1523 976 1617 1009; x_wconf 77' lang='lat' dir='ltr'>urbis</span> 
     </span>
     <span class='ocr_line' id='line_1_52' title="bbox 914 1025 1615 1059; baseline 0 -1"><span class='ocrx_word' id='word_1_241' title='bbox 914 1026 1037 1058; x_wconf 75' lang='lat' dir='ltr'>excessi</span> <span class='ocrx_word' id='word_1_242' title='bbox 1067 1029 1099 1058; x_wconf 79' lang='lat' dir='ltr'>et</span> <span class='ocrx_word' id='word_1_243' title='bbox 1131 1026 1227 1058; x_wconf 70' lang='lat' dir='ltr'>illmn</span> <span class='ocrx_word' id='word_1_244' title='bbox 1255 1026 1390 1058; x_wconf 79' lang='lat' dir='ltr'>odorem</span> <span class='ocrx_word' id='word_1_245' title='bbox 1423 1025 1615 1059; x_wconf 69' lang='lat' dir='ltr'>culinarum</span> 
     </span>
     <span class='ocr_line' id='line_1_53' title="bbox 914 1075 1614 1118; baseline 0 -10"><span class='ocrx_word' id='word_1_246' title='bbox 914 1077 982 1108; x_wconf 84' lang='lat' dir='ltr'>cet.</span> <span class='ocrx_word' id='word_1_247' title='bbox 1012 1093 1047 1098; x_wconf 93' lang='lat'>—</span> <span class='ocrx_word' id='word_1_248' title='bbox 1074 1075 1240 1116; x_wconf 71' lang='lat' dir='ltr'>Strepitus</span> <span class='ocrx_word' id='word_1_249' title='bbox 1261 1084 1331 1108; x_wconf 90' lang='lat' dir='ltr'>non</span> <span class='ocrx_word' id='word_1_250' title='bbox 1353 1077 1410 1108; x_wconf 83' lang='lat' dir='ltr'>est</span> <span class='ocrx_word' id='word_1_251' title='bbox 1425 1075 1614 1118; x_wconf 75' lang='lat' dir='ltr'>«strepitus</span> 
     </span>
     <span class='ocr_line' id='line_1_54' title="bbox 912 1124 1615 1167; baseline 0 -10"><span class='ocrx_word' id='word_1_252' title='bbox 912 1124 1156 1167; x_wconf 85' lang='lat' dir='ltr'>tumultusque</span> <span class='ocrx_word' id='word_1_253' title='bbox 1203 1125 1448 1158; x_wconf 85' lang='lat' dir='ltr'>conviviorum</span> <span class='ocrx_word' id='word_1_254' title='bbox 1487 1124 1615 1158; x_wconf 81' lang='lat' dir='ltr'>lautio-</span> 
     </span>
     <span class='ocr_line' id='line_1_55' title="bbox 913 1173 1614 1214; baseline 0.001 -8"><span class='ocrx_word' id='word_1_255' title='bbox 913 1183 1027 1214; x_wconf 79' lang='lat' dir='ltr'>rum»,</span> <span class='ocrx_word' id='word_1_256' title='bbox 1045 1175 1084 1207; x_wconf 93' lang='lat' dir='ltr'>ut</span> <span class='ocrx_word' id='word_1_257' title='bbox 1099 1173 1255 1207; x_wconf 88' lang='lat' dir='ltr'>nonnulli</span> <span class='ocrx_word' id='word_1_258' title='bbox 1269 1174 1403 1214; x_wconf 89' lang='lat' dir='ltr'>volunt,</span> <span class='ocrx_word' id='word_1_259' title='bbox 1421 1174 1487 1208; x_wconf 86' lang='lat' dir='ltr'>sed</span> <span class='ocrx_word' id='word_1_260' title='bbox 1505 1175 1614 1207; x_wconf 56' lang='lat' dir='ltr'>‘stre-</span> 
     </span>
     <span class='ocr_line' id='line_1_56' title="bbox 912 1222 1615 1266; baseline -0.001 -10"><span class='ocrx_word' id='word_1_261' title='bbox 912 1224 1006 1266; x_wconf 84' lang='lat' dir='ltr'>pitus</span> <span class='ocrx_word' id='word_1_262' title='bbox 1029 1222 1085 1255; x_wconf 88' lang='lat' dir='ltr'>ille</span> <span class='ocrx_word' id='word_1_263' title='bbox 1109 1223 1210 1257; x_wconf 90' lang='lat' dir='ltr'>Urbis</span> <span class='ocrx_word' id='word_1_264' title='bbox 1236 1225 1431 1257; x_wconf 87' lang='lat' dir='ltr'>nocturnus</span> <span class='ocrx_word' id='word_1_265' title='bbox 1453 1232 1496 1257; x_wconf 85' lang='lat' dir='ltr'>ac</span> <span class='ocrx_word' id='word_1_266' title='bbox 1520 1223 1615 1256; x_wconf 89' lang='lat' dir='ltr'>diur-</span> 
     </span>
     <span class='ocr_line' id='line_1_57' title="bbox 913 1272 1612 1316; baseline 0.001 -11"><span class='ocrx_word' id='word_1_267' title='bbox 913 1281 1025 1312; x_wconf 73' lang='lat' dir='ltr'>nus»,</span> <span class='ocrx_word' id='word_1_268' title='bbox 1051 1272 1096 1305; x_wconf 92' lang='lat' dir='ltr'>de</span> <span class='ocrx_word' id='word_1_269' title='bbox 1121 1281 1193 1314; x_wconf 87' lang='lat' dir='ltr'>quo</span> <span class='ocrx_word' id='word_1_270' title='bbox 1215 1273 1430 1306; x_wconf 82' lang='lat' dir='ltr'>lamentatur</span> <span class='ocrx_word' id='word_1_271' title='bbox 1455 1273 1542 1316; x_wconf 87' lang='lat' dir='ltr'>Epp.</span> <span class='ocrx_word' id='word_1_272' title='bbox 1571 1273 1612 1313; x_wconf 78' lang='lat'>2,</span> 
     </span>
    </p>
   </div>
   <div class='ocr_carea' id='block_1_14' title="bbox 906 1396 1614 1984">
    <p class='ocr_par' dir='ltr' id='par_1_16' title="bbox 906 1396 1614 1984">
     <span class='ocr_line' id='line_1_58' title="bbox 958 1396 1612 1438; baseline 0 -9"><span class='ocrx_word' id='word_1_273' title='bbox 958 1397 1009 1429; x_wconf 74' lang='lat'>43.</span> <span class='ocrx_word' id='word_1_274' title='bbox 1037 1396 1089 1430; x_wconf 73' lang='lat'>⁴4.</span> <span class='ocrx_word' id='word_1_275' title='bbox 1118 1397 1216 1438; x_wconf 81' lang='lat' dir='ltr'>vices]</span> <span class='ocrx_word' id='word_1_276' title='bbox 1246 1396 1534 1430; x_wconf 73' lang='lat' dir='ltr'>«vicissitudines</span> <span class='ocrx_word' id='word_1_277' title='bbox 1557 1397 1612 1429; x_wconf 90' lang='lat' dir='ltr'>in-</span> 
     </span>
     <span class='ocr_line' id='line_1_59' title="bbox 912 1446 1613 1488; baseline 0.001 -9"><span class='ocrx_word' id='word_1_278' title='bbox 912 1448 968 1479; x_wconf 90' lang='lat' dir='ltr'>ter</span> <span class='ocrx_word' id='word_1_279' title='bbox 991 1455 1171 1480; x_wconf 90' lang='lat' dir='ltr'>summam</span> <span class='ocrx_word' id='word_1_280' title='bbox 1194 1446 1353 1488; x_wconf 85' lang='lat' dir='ltr'>copiam,</span> <span class='ocrx_word' id='word_1_281' title='bbox 1387 1455 1457 1488; x_wconf 85' lang='lat' dir='ltr'>qua</span> <span class='ocrx_word' id='word_1_282' title='bbox 1487 1446 1613 1480; x_wconf 87' lang='lat' dir='ltr'>divites</span> 
     </span>
     <span class='ocr_line' id='line_1_60' title="bbox 912 1495 1611 1536; baseline 0.001 -8"><span class='ocrx_word' id='word_1_283' title='bbox 912 1496 1040 1528; x_wconf 89' lang='lat' dir='ltr'>cotidie</span> <span class='ocrx_word' id='word_1_284' title='bbox 1063 1495 1173 1529; x_wconf 86' lang='lat' dir='ltr'>veluti</span> <span class='ocrx_word' id='word_1_285' title='bbox 1196 1495 1414 1536; x_wconf 88' lang='lat' dir='ltr'>obruuntur,</span> <span class='ocrx_word' id='word_1_286' title='bbox 1440 1496 1477 1528; x_wconf 88' lang='lat' dir='ltr'>et</span> <span class='ocrx_word' id='word_1_287' title='bbox 1498 1496 1611 1529; x_wconf 89' lang='lat' dir='ltr'>vitam</span> 
     </span>
     <span class='ocr_line' id='line_1_61' title="bbox 913 1543 1614 1587; baseline 0 -10"><span class='ocrx_word' id='word_1_288' title='bbox 913 1544 1167 1587; x_wconf 90' lang='lat' dir='ltr'>simpliciorem</span> <span class='ocrx_word' id='word_1_289' title='bbox 1203 1545 1289 1587; x_wconf 86' lang='lat' dir='ltr'>ipsis</span> <span class='ocrx_word' id='word_1_290' title='bbox 1325 1553 1499 1587; x_wconf 85' lang='lat' dir='ltr'>persaepe</span> <span class='ocrx_word' id='word_1_291' title='bbox 1535 1543 1614 1587; x_wconf 74' lang='lat' dir='ltr'>pla-‚</span> 
     </span>
     <span class='ocr_line' id='line_1_62' title="bbox 913 1594 1612 1637; baseline -0.001 -10"><span class='ocrx_word' id='word_1_292' title='bbox 913 1597 1034 1628; x_wconf 87' lang='lat' dir='ltr'>cent.»</span> <span class='ocrx_word' id='word_1_293' title='bbox 1074 1615 1110 1618; x_wconf 97' lang='lat'><strong>—</strong></span> <span class='ocrx_word' id='word_1_294' title='bbox 1145 1595 1311 1637; x_wconf 72' lang='lat' dir='ltr'>Mundae]</span> <span class='ocrx_word' id='word_1_295' title='bbox 1347 1596 1510 1633; x_wconf 77' lang='lat' dir='ltr'>«tersae,</span> <span class='ocrx_word' id='word_1_296' title='bbox 1547 1594 1612 1628; x_wconf 90' lang='lat' dir='ltr'>sed</span> 
     </span>
     <span class='ocr_line' id='line_1_63' title="bbox 912 1643 1614 1687; baseline -0.001 -9"><span class='ocrx_word' id='word_1_297' title='bbox 912 1643 1100 1687; x_wconf 74' lang='lat' dir='ltr'>frugales.»</span> <span class='ocrx_word' id='word_1_298' title='bbox 1141 1645 1211 1677; x_wconf 88' lang='lat' dir='ltr'>Sat.</span> <span class='ocrx_word' id='word_1_299' title='bbox 1234 1645 1274 1685; x_wconf 76' lang='lat'>2,</span> <span class='ocrx_word' id='word_1_300' title='bbox 1303 1645 1342 1685; x_wconf 79' lang='lat'>2,</span> <span class='ocrx_word' id='word_1_301' title='bbox 1371 1644 1432 1678; x_wconf 87' lang='lat'>65:</span> <span class='ocrx_word' id='word_1_302' title='bbox 1467 1645 1614 1677; x_wconf 62' lang='lat' dir='ltr'>Mundam</span> 
     </span>
     <span class='ocr_line' id='line_1_64' title="bbox 912 1692 1612 1736; baseline -0.001 -9"><span class='ocrx_word' id='word_1_303' title='bbox 912 1695 992 1735; x_wconf 77' lang='lat' dir='ltr'>erit,</span> <span class='ocrx_word' id='word_1_304' title='bbox 1017 1695 1074 1735; x_wconf 66' lang='lat' dir='ltr'>qua·</span> <span class='ocrx_word' id='word_1_305' title='bbox 1096 1704 1163 1727; x_wconf 80' lang='lat' dir='ltr'>mm</span> <span class='ocrx_word' id='word_1_306' title='bbox 1185 1695 1326 1736; x_wconf 80' lang='lat' dir='ltr'>offendet</span> <span class='ocrx_word' id='word_1_307' title='bbox 1345 1692 1498 1726; x_wconf 70' lang='lat' dir='ltr'>sordibus</span> <span class='ocrx_word' id='word_1_308' title='bbox 1512 1697 1612 1735; x_wconf 78' lang='lat' dir='ltr'>atque</span> 
     </span>
     <span class='ocr_line' id='line_1_65' title="bbox 910 1743 1608 1784; baseline -0.001 -7"><span class='ocrx_word' id='word_1_309' title='bbox 910 1746 950 1777; x_wconf 84' lang='lat' dir='ltr'>In</span> <span class='ocrx_word' id='word_1_310' title='bbox 971 1748 1128 1777; x_wconf 81' lang='lat' dir='ltr'>neutram</span> <span class='ocrx_word' id='word_1_311' title='bbox 1146 1746 1282 1784; x_wconf 75' lang='lat' dir='ltr'>partem</span> <span class='ocrx_word' id='word_1_312' title='bbox 1303 1743 1411 1776; x_wconf 70' lang='lat' dir='ltr'>matus</span> <span class='ocrx_word' id='word_1_313' title='bbox 1430 1743 1542 1776; x_wconf 76' lang='lat' dir='ltr'>miser.</span> <span class='ocrx_word' id='word_1_314' title='bbox 1571 1762 1608 1767; x_wconf 92' lang='lat'>—</span> 
     </span>
     <span class='ocr_line' id='line_1_66' title="bbox 907 1791 1611 1835; baseline -0.001 -8"><span class='ocrx_word' id='word_1_315' title='bbox 907 1795 1110 1835; x_wconf 80' lang='lat' dir='ltr'>pauperum]</span> <span class='ocrx_word' id='word_1_316' title='bbox 1121 1793 1203 1826; x_wconf 89' lang='lat' dir='ltr'>«ubi</span> <span class='ocrx_word' id='word_1_317' title='bbox 1211 1802 1294 1826; x_wconf 90' lang='lat' dir='ltr'>cum</span> <span class='ocrx_word' id='word_1_318' title='bbox 1302 1791 1536 1835; x_wconf 75' lang='lat' dir='ltr'>locupletibus</span> <span class='ocrx_word' id='word_1_319' title='bbox 1545 1791 1611 1826; x_wconf 91' lang='lat' dir='ltr'>illis</span> 
     </span>
     <span class='ocr_line' id='line_1_67' title="bbox 911 1841 1611 1885; baseline 0 -9"><span class='ocrx_word' id='word_1_320' title='bbox 911 1844 1198 1885; x_wconf 78' lang='lat' dir='ltr'>comparentur.»</span> <span class='ocrx_word' id='word_1_321' title='bbox 1223 1843 1373 1876; x_wconf 89' lang='lat' dir='ltr'>Omnino</span> <span class='ocrx_word' id='word_1_322' title='bbox 1392 1843 1465 1876; x_wconf 88' lang='lat' dir='ltr'>tres</span> <span class='ocrx_word' id='word_1_323' title='bbox 1480 1841 1611 1884; x_wconf 87' lang='lat' dir='ltr'>gradus</span> 
     </span>
     <span class='ocr_line' id='line_1_68' title="bbox 911 1891 1606 1934; baseline -0.001 -9"><span class='ocrx_word' id='word_1_324' title='bbox 911 1891 1032 1925; x_wconf 85' lang='lat' dir='ltr'>statuit</span> <span class='ocrx_word' id='word_1_325' title='bbox 1054 1893 1190 1925; x_wconf 88' lang='lat' dir='ltr'>Seneca</span> <span class='ocrx_word' id='word_1_326' title='bbox 1214 1891 1260 1924; x_wconf 88' lang='lat' dir='ltr'>de</span> <span class='ocrx_word' id='word_1_327' title='bbox 1287 1891 1476 1934; x_wconf 85' lang='lat' dir='ltr'>Tranquill.</span> <span class='ocrx_word' id='word_1_328' title='bbox 1500 1900 1559 1925; x_wconf 90' lang='lat' dir='ltr'>an.</span> <span class='ocrx_word' id='word_1_329' title='bbox 1575 1892 1606 1925; x_wconf 90' lang='lat'>8:</span> 
     </span>
     <span class='ocr_line' id='line_1_69' title="bbox 906 1941 1563 1984; baseline -0.002 -9"><span class='ocrx_word' id='word_1_330' title='bbox 906 1945 1158 1984; x_wconf 80' lang='lat' dir='ltr'>paupertatem,</span> <span class='ocrx_word' id='word_1_331' title='bbox 1182 1941 1350 1982; x_wconf 75' lang='lat' dir='ltr'>inopiam,</span> <span class='ocrx_word' id='word_1_332' title='bbox 1378 1944 1563 1983; x_wconf 63' lang='lat' dir='ltr'>egestatem.</span> 
     </span>
    </p>
   </div>
   <div class='ocr_carea' id='block_1_15' title="bbox 906 2014 1609 2699">
    <p class='ocr_par' dir='ltr' id='par_1_17' title="bbox 906 2014 1609 2699">
     <span class='ocr_line' id='line_1_70' title="bbox 955 2014 1606 2058; baseline -0.002 -9"><span class='ocrx_word' id='word_1_333' title='bbox 955 2018 1007 2049; x_wconf 71' lang='lat'>⁴5.</span> <span class='ocrx_word' id='word_1_334' title='bbox 1035 2017 1087 2048; x_wconf 72' lang='lat'>⁴6.</span> <span class='ocrx_word' id='word_1_335' title='bbox 1123 2016 1194 2048; x_wconf 73' lang='lat' dir='ltr'>sine</span> <span class='ocrx_word' id='word_1_336' title='bbox 1215 2015 1354 2058; x_wconf 74' lang='lat' dir='ltr'>aulaeis]</span> <span class='ocrx_word' id='word_1_337' title='bbox 1382 2014 1454 2048; x_wconf 83' lang='lat' dir='ltr'>Csr.</span> <span class='ocrx_word' id='word_1_338' title='bbox 1479 2015 1550 2048; x_wconf 83' lang='lat' dir='ltr'>Sat.</span> <span class='ocrx_word' id='word_1_339' title='bbox 1567 2016 1606 2054; x_wconf 77' lang='lat'>2,</span> 
     </span>
     <span class='ocr_line' id='line_1_71' title="bbox 909 2063 1609 2106; baseline -0.003 -7"><span class='ocrx_word' id='word_1_340' title='bbox 909 2066 948 2106; x_wconf 90' lang='lat'>8,</span> <span class='ocrx_word' id='word_1_341' title='bbox 973 2065 1046 2104; x_wconf 76' lang='lat'>54.,</span> <span class='ocrx_word' id='word_1_342' title='bbox 1078 2064 1139 2097; x_wconf 90' lang='lat' dir='ltr'>ubi</span> <span class='ocrx_word' id='word_1_343' title='bbox 1170 2063 1308 2097; x_wconf 70' lang='lat' dir='ltr'>schol:</span> <span class='ocrx_word' id='word_1_344' title='bbox 1351 2064 1609 2098; x_wconf 85' lang='lat' dir='ltr'>«Consuetudo</span> 
     </span>
     <span class='ocr_line' id='line_1_72' title="bbox 909 2112 1608 2157; baseline -0.001 -10"><span class='ocrx_word' id='word_1_345' title='bbox 909 2116 1004 2157; x_wconf 90' lang='lat' dir='ltr'>apud</span> <span class='ocrx_word' id='word_1_346' title='bbox 1028 2114 1192 2155; x_wconf 89' lang='lat' dir='ltr'>antiquos</span> <span class='ocrx_word' id='word_1_347' title='bbox 1215 2113 1297 2153; x_wconf 73' lang='lat' dir='ltr'>tuit,</span> <span class='ocrx_word' id='word_1_348' title='bbox 1326 2115 1367 2146; x_wconf 93' lang='lat' dir='ltr'>ut</span> <span class='ocrx_word' id='word_1_349' title='bbox 1389 2112 1513 2146; x_wconf 84' lang='lat' dir='ltr'>aulaea</span> <span class='ocrx_word' id='word_1_350' title='bbox 1539 2113 1608 2146; x_wconf 86' lang='lat' dir='ltr'>sub</span> 
     </span>
     <span class='ocr_line' id='line_1_73' title="bbox 909 2161 1608 2204; baseline -0.003 -7"><span class='ocrx_word' id='word_1_351' title='bbox 909 2172 1071 2197; x_wconf 88' lang='lat' dir='ltr'>cameras</span> <span class='ocrx_word' id='word_1_352' title='bbox 1087 2163 1290 2203; x_wconf 84' lang='lat' dir='ltr'>tenderent,</span> <span class='ocrx_word' id='word_1_353' title='bbox 1309 2164 1365 2204; x_wconf 83' lang='lat' dir='ltr'>ut,</span> <span class='ocrx_word' id='word_1_354' title='bbox 1383 2163 1413 2196; x_wconf 89' lang='lat' dir='ltr'>si</span> <span class='ocrx_word' id='word_1_355' title='bbox 1429 2163 1515 2204; x_wconf 83' lang='lat' dir='ltr'>quid</span> <span class='ocrx_word' id='word_1_356' title='bbox 1530 2161 1608 2204; x_wconf 85' lang='lat' dir='ltr'>pul-</span> 
     </span>
     <span class='ocr_line' id='line_1_74' title="bbox 908 2212 1609 2254; baseline -0.003 -8"><span class='ocrx_word' id='word_1_357' title='bbox 908 2215 1002 2247; x_wconf 86' lang='lat' dir='ltr'>veris</span> <span class='ocrx_word' id='word_1_358' title='bbox 1031 2213 1197 2252; x_wconf 88' lang='lat' dir='ltr'>caderet,</span> <span class='ocrx_word' id='word_1_359' title='bbox 1233 2212 1279 2244; x_wconf 89' lang='lat' dir='ltr'>ab</span> <span class='ocrx_word' id='word_1_360' title='bbox 1308 2213 1393 2254; x_wconf 91' lang='lat' dir='ltr'>ipsis</span> <span class='ocrx_word' id='word_1_361' title='bbox 1423 2212 1609 2254; x_wconf 85' lang='lat' dir='ltr'>excipere-</span> 
     </span>
     <span class='ocr_line' id='line_1_75' title="bbox 908 2261 1608 2302; baseline -0.004 -6"><span class='ocrx_word' id='word_1_362' title='bbox 908 2265 999 2296; x_wconf 83' lang='lat' dir='ltr'>tur.»</span> <span class='ocrx_word' id='word_1_363' title='bbox 1035 2282 1069 2286; x_wconf 84' lang='lat'>—</span> <span class='ocrx_word' id='word_1_364' title='bbox 1102 2266 1229 2294; x_wconf 80' lang='lat' dir='ltr'>ostrum</span> <span class='ocrx_word' id='word_1_365' title='bbox 1261 2261 1436 2302; x_wconf 86' lang='lat' dir='ltr'>significat</span> <span class='ocrx_word' id='word_1_366' title='bbox 1469 2262 1608 2302; x_wconf 85' lang='lat' dir='ltr'>stragu—</span> 
     </span>
     <span class='ocr_line' id='line_1_76' title="bbox 908 2311 1608 2353; baseline -0.004 -8"><span class='ocrx_word' id='word_1_367' title='bbox 908 2313 977 2345; x_wconf 86' lang='lat' dir='ltr'>lam</span> <span class='ocrx_word' id='word_1_368' title='bbox 1004 2314 1158 2351; x_wconf 85' lang='lat' dir='ltr'>vestem,</span> <span class='ocrx_word' id='word_1_369' title='bbox 1195 2311 1444 2353; x_wconf 82' lang='lat' dir='ltr'>peristromata</span> <span class='ocrx_word' id='word_1_370' title='bbox 1470 2319 1608 2353; x_wconf 88' lang='lat' dir='ltr'>purpu-</span> 
     </span>
     <span class='ocr_line' id='line_1_77' title="bbox 908 2360 1607 2403; baseline -0.003 -9"><span class='ocrx_word' id='word_1_371' title='bbox 908 2371 980 2394; x_wconf 89' lang='lat' dir='ltr'>rea.</span> <span class='ocrx_word' id='word_1_372' title='bbox 1007 2362 1101 2403; x_wconf 86' lang='lat' dir='ltr'>Virg.</span> <span class='ocrx_word' id='word_1_373' title='bbox 1128 2362 1213 2393; x_wconf 79' lang='lat' dir='ltr'>Aen.</span> <span class='ocrx_word' id='word_1_374' title='bbox 1238 2362 1274 2399; x_wconf 83' lang='lat'>5,</span> <span class='ocrx_word' id='word_1_375' title='bbox 1301 2361 1382 2392; x_wconf 72' lang='lat'>⁴⁴⁴:</span> <span class='ocrx_word' id='word_1_376' title='bbox 1415 2363 1505 2392; x_wconf 76' lang='lat' dir='ltr'>ostro</span> <span class='ocrx_word' id='word_1_377' title='bbox 1526 2360 1607 2392; x_wconf 81' lang='lat' dir='ltr'>Per-</span> 
     </span>
     <span class='ocr_line' id='line_1_78' title="bbox 906 2405 1607 2456; baseline -0.004 -12"><span class='ocrx_word' id='word_1_378' title='bbox 906 2413 1002 2453; x_wconf 84' lang='lat' dir='ltr'>fusae</span> <span class='ocrx_word' id='word_1_379' title='bbox 1016 2414 1131 2450; x_wconf 77' lang='lat' dir='ltr'>vestes,</span> <span class='ocrx_word' id='word_1_380' title='bbox 1157 2419 1177 2442; x_wconf 91' lang='lat' dir='ltr'>a</span> <span class='ocrx_word' id='word_1_381' title='bbox 1193 2420 1226 2443; x_wconf 88' lang='lat' dir='ltr'>v.</span> <span class='ocrx_word' id='word_1_382' title='bbox 1246 2405 1433 2456; x_wconf 76' lang='grc' dir='ltr'>ὄστρειον,</span> <span class='ocrx_word' id='word_1_383' title='bbox 1450 2418 1504 2451; x_wconf 90' lang='lat' dir='ltr'>pr.</span> <span class='ocrx_word' id='word_1_384' title='bbox 1522 2417 1607 2442; x_wconf 86' lang='lat' dir='ltr'>suc-</span> 
     </span>
     <span class='ocr_line' id='line_1_79' title="bbox 908 2458 1607 2501; baseline -0.004 -7"><span class='ocrx_word' id='word_1_385' title='bbox 908 2470 971 2494; x_wconf 88' lang='lat' dir='ltr'>cus</span> <span class='ocrx_word' id='word_1_386' title='bbox 1001 2461 1146 2493; x_wconf 89' lang='lat' dir='ltr'>muricis</span> <span class='ocrx_word' id='word_1_387' title='bbox 1175 2461 1324 2501; x_wconf 87' lang='lat' dir='ltr'>eiusque</span> <span class='ocrx_word' id='word_1_388' title='bbox 1353 2458 1449 2491; x_wconf 89' lang='lat' dir='ltr'>color</span> <span class='ocrx_word' id='word_1_389' title='bbox 1470 2467 1607 2501; x_wconf 85' lang='lat' dir='ltr'>purpu-</span> 
     </span>
     <span class='ocr_line' id='line_1_80' title="bbox 908 2507 1602 2551; baseline -0.006 -8"><span class='ocrx_word' id='word_1_390' title='bbox 908 2519 1002 2543; x_wconf 90' lang='lat' dir='ltr'>reus.</span> <span class='ocrx_word' id='word_1_391' title='bbox 1030 2511 1185 2551; x_wconf 79' lang='lat' dir='ltr'>Bottiger</span> <span class='ocrx_word' id='word_1_392' title='bbox 1207 2509 1250 2541; x_wconf 85' lang='lat' dir='ltr'>kl.</span> <span class='ocrx_word' id='word_1_393' title='bbox 1269 2509 1363 2542; x_wconf 77' lang='lat' dir='ltr'>Schr.</span> <span class='ocrx_word' id='word_1_394' title='bbox 1382 2509 1408 2541; x_wconf 86' lang='lat'>1.</span> <span class='ocrx_word' id='word_1_395' title='bbox 1425 2517 1505 2550; x_wconf 83' lang='lat' dir='ltr'>pag.</span> <span class='ocrx_word' id='word_1_396' title='bbox 1523 2507 1602 2540; x_wconf 75' lang='lat'>424:</span> 
     </span>
     <span class='ocr_line' id='line_1_81' title="bbox 908 2557 1605 2599; baseline -0.004 -7"><span class='ocrx_word' id='word_1_397' title='bbox 908 2559 1040 2593; x_wconf 90' lang='lat' dir='ltr'>aulaeis</span> <span class='ocrx_word' id='word_1_398' title='bbox 1064 2562 1100 2592; x_wconf 89' lang='lat' dir='ltr'>et</span> <span class='ocrx_word' id='word_1_399' title='bbox 1130 2561 1226 2593; x_wconf 89' lang='lat' dir='ltr'>ostro</span> <span class='ocrx_word' id='word_1_400' title='bbox 1257 2559 1346 2591; x_wconf 73' lang='lat' dir='ltr'>nicht</span> <span class='ocrx_word' id='word_1_401' title='bbox 1373 2557 1496 2590; x_wconf 85' lang='lat' dir='ltr'>aulaea</span> <span class='ocrx_word' id='word_1_402' title='bbox 1518 2566 1605 2599; x_wconf 91' lang='lat' dir='ltr'>pur-</span> 
     </span>
     <span class='ocr_line' id='line_1_82' title="bbox 907 2607 1605 2651; baseline -0.001 -11"><span class='ocrx_word' id='word_1_403' title='bbox 907 2618 1034 2651; x_wconf 87' lang='lat' dir='ltr'>purea,</span> <span class='ocrx_word' id='word_1_404' title='bbox 1061 2610 1201 2642; x_wconf 78' lang='lat' dir='ltr'>sondern</span> <span class='ocrx_word' id='word_1_405' title='bbox 1225 2607 1347 2641; x_wconf 87' lang='lat' dir='ltr'>aulaea</span> <span class='ocrx_word' id='word_1_406' title='bbox 1371 2608 1445 2640; x_wconf 71' lang='lat' dir='ltr'>sind</span> <span class='ocrx_word' id='word_1_407' title='bbox 1465 2608 1518 2640; x_wconf 75' lang='lat' dir='ltr'>die</span> <span class='ocrx_word' id='word_1_408' title='bbox 1538 2615 1605 2639; x_wconf 78' lang='lat' dir='ltr'>un-</span> 
     </span>
     <span class='ocr_line' id='line_1_83' title="bbox 908 2656 1604 2699; baseline -0.003 -9"><span class='ocrx_word' id='word_1_409' title='bbox 908 2662 956 2691; x_wconf 79' lang='lat' dir='ltr'>!er</span> <span class='ocrx_word' id='word_1_410' title='bbox 980 2659 1038 2690; x_wconf 80' lang='lat' dir='ltr'>der</span> <span class='ocrx_word' id='word_1_411' title='bbox 1061 2659 1167 2691; x_wconf 82' lang='lat' dir='ltr'>Decke</span> <span class='ocrx_word' id='word_1_412' title='bbox 1190 2660 1453 2699; x_wconf 71' lang='lat' dir='ltr'>ausyespannten</span> <span class='ocrx_word' id='word_1_413' title='bbox 1472 2656 1604 2690; x_wconf 78' lang='lat' dir='ltr'>Prunk-</span> 
     </span>
    </p>
   </div>
  </div>
 </body>
</html>
