1722 2904
241 123 322 166 422
750 125 923 157 HORATll
948 125 1172 159 CARMINUM

408 232 547 286 Eques
574 229 668 284 ipso
699 229 848 272 melior
876 229 1225 286 Bellerophonte,
1261 243 1397 287 neque
1428 243 1572 286 pugno

520 314 666 367 Neque
698 312 815 366 segni
848 312 958 366 pede
990 311 1150 354 victus:

409 418 532 460 Catus
564 417 677 460 idem
705 430 783 473 per
816 422 1006 472 apertum

408 500 633 554 Fugientes
669 501 819 554 agitato

410 582 548 635 Grege
582 593 729 622 cervos
758 579 932 622 iaculari
969 585 1012 621 et
1040 579 1152 622 celer
1181 584 1270 622 arto
1301 579 1528 624 latitantem

520 660 730 703 Fruticeto
762 660 958 716 excipere
989 673 1150 716 aprum.

327 782 422 814 Haec
445 780 579 822 pedum
606 779 808 812 lonicorum
824 778 869 810 ad
885 787 1030 810 carmen
1046 776 1309 821 tetrastrophon
1325 778 1565 820 efficiendum,
1591 780 1688 822 quod

236 838 313 879 pari
338 845 422 869 cum
444 835 589 876 reliquis
613 834 779 867 omnihus
803 834 880 867 odis
904 834 1016 867 forma
1039 834 1218 875 gaudeat,
1249 834 1432 877 dispositio
1455 837 1495 868 ut
1518 834 1626 869 facilis
1650 838 1688 869 et

238 893 401 936 expedita
434 893 561 933 sponte
596 900 634 924 se
678 889 819 930 obtulit⁷
861 892 896 922 et
930 899 971 922 ea
1015 899 1054 922 re
1096 890 1388 932 commendatur,
1433 891 1530 933 quod
1562 890 1688 934 plenos

237 958 406 983 numeros
430 948 548 988 affert,
588 946 682 980 nullo
705 946 880 980 vocabulo
903 945 959 979 vel
982 945 1078 979 laeso
1102 945 1158 979 vel
1199 946 1377 989 discerpto
1392 973 1399 987 ,
1440 947 1537 989 quod
1564 948 1688 981 vitium

238 1014 322 1038 cum
351 1005 478 1047 priscis
509 1003 676 1037 omnihus
706 1003 772 1035 hos
799 1011 926 1035 versus
950 1002 1161 1044 disponendi
1184 1002 1370 1035 conatibus
1386 1028 1394 1043 ,
1429 1003 1490 1045 qui
1511 1002 1569 1036 vel
1592 1003 1688 1047 apud

238 1061 488 1103 grammaticos
523 1059 580 1092 vel
614 1060 650 1091 in
684 1058 867 1092 codicibus
901 1067 987 1091 mss.
1014 1059 1263 1100 reperiuntur,
1302 1067 1492 1092 commune
1516 1060 1583 1100 sit,
1624 1069 1686 1093 eos

240 1126 365 1150 omnes
388 1114 567 1149 Bentleius
589 1116 687 1148 recte
711 1115 867 1148 reiecit.»

326 1174 397 1206 Nos
427 1181 539 1204 unum
570 1171 639 1204 hoc
662 1171 847 1211 addimus,
883 1171 918 1203 in
942 1170 1072 1203 Codice
1096 1171 1278 1204 Turicensi
1301 1179 1446 1205 carmen
1468 1172 1631 1205 nostrum
1653 1172 1689 1204 in

241 1230 408 1271 quattuor
424 1228 590 1270 strophas
614 1229 797 1260 ternorum
813 1236 984 1259 versuum
1001 1226 1228 1259 distributum
1252 1235 1351 1268 esse,
1377 1235 1530 1269 quorum
1551 1227 1688 1270 primus

242 1288 277 1318 et
299 1285 479 1318 secundus
504 1285 629 1324 ternis,
656 1284 781 1316 tertius
799 1283 980 1326 quaternis
1002 1282 1156 1324 pedihus
1180 1283 1329 1316 constat.
