1722 2904
494 401 547 469 Q.
560 399 795 460 HORATII
817 398 1023 460 FLAGGI

354 537 1192 657 EPODON

641 719 918 761 LlBER.

481 947 1070 986 PROLEGOMENA.

149 1043 345 1082 «Quantum
367 1051 411 1074 ex
427 1042 487 1080 iis,
512 1051 604 1083 quae
620 1042 665 1073 ad
683 1050 748 1074 nos
762 1044 1013 1083 pervenerunt,
1038 1040 1193 1082 reliquiis
1209 1041 1354 1074 iudicari
1370 1043 1498 1083 potest,

60 1098 302 1139 antiquissima
336 1099 549 1130 Graecorum
584 1098 740 1129 carmina
774 1106 817 1129 ex
851 1096 1014 1130 versibus
1052 1098 1154 1129 unius
1188 1098 1348 1138 generis,
1388 1098 1499 1139 iisque

61 1163 131 1186 non
166 1154 264 1186 nexis
298 1153 539 1186 constiterunt.
593 1152 661 1185 Sed
697 1161 779 1184 cum
813 1153 945 1194 poesis
965 1162 1007 1186 ex
1043 1153 1133 1194 epici
1168 1152 1332 1184 carminis
1366 1154 1502 1194 magni-

62 1209 181 1242 tudine
210 1211 247 1241 et
278 1210 448 1251 gravitate
476 1209 522 1241 ad
556 1208 720 1242 breviora
743 1210 779 1240 et
812 1208 971 1240 tenuiora
994 1210 1201 1249 argumenta
1230 1207 1479 1240 transferretur
1494 1234 1501 1247 ,

62 1273 230 1298 numeros
260 1273 403 1306 quoque
434 1266 514 1306 apta
546 1263 662 1306 aliqua
689 1262 933 1305 complexione
956 1263 1117 1296 concludi
1140 1263 1338 1305 oportebat.
1377 1265 1426 1295 ita
1449 1264 1505 1296 in-

62 1321 156 1354 venti
184 1322 268 1360 sunt
296 1320 421 1362 epodi‚
455 1329 609 1361 quorum
639 1319 923 1360 antiquissimum
943 1326 1064 1360 ‘genus
1092 1320 1210 1351 versui
1243 1319 1388 1351 heroico
1416 1319 1504 1352 sub-

62 1377 193 1409 iectum
214 1375 338 1408 habuit
359 1378 622 1418 pentametrum
646 1385 690 1408 ex
713 1375 853 1417 duabus
876 1376 1009 1407 heroici
1032 1375 1192 1416 partibus
1216 1375 1365 1414 sactum,
1391 1383 1504 1416 eaque

62 1433 276 1465 consociatio
306 1441 437 1465 nomen
467 1434 571 1464 nacta
601 1433 656 1464 est
686 1432 851 1464 carminis
875 1430 1030 1472 elegiaci.
1078 1430 1236 1463 Excoluit
1259 1431 1350 1463 hanc
1370 1430 1506 1472 epodo—

62 1495 143 1519 rum
163 1488 339 1520 rationem
362 1488 514 1520 maxime
537 1487 787 1526 Archilochus,
824 1496 918 1519 nunc
941 1487 1031 1519 duos
1060 1486 1238 1528 simplices
1267 1494 1395 1518 versus
1418 1494 1507 1518 con—

0 1546 1 1551 *
62 1542 221 1581 socians,
246 1545 304 1575 ut:
328 1540 456 1589 Πάτερ
477 1541 683 1585 Δηκάμβα,
708 1546 822 1575 ,τοῖον
845 1543 1003 1588 ἐφράσω
1026 1541 1134 1580 nme,-
1158 1543 1223 1583 Τίς
1239 1539 1313 1583 σὰς
1326 1539 1508 1588 παρήειρε

62 1598 227 1645 φρέναςς
252 1607 347 1631 nunc
368 1599 527 1640 priorem
548 1608 686 1641 ponens
702 1601 965 1640 asynartetum,
991 1602 1045 1631 ut:
1073 1600 1186 1639 Τοΐος
1207 1596 1281 1645 γὰρ
1295 1595 1504 1641 φιλότητος

8 1693 12 1699 ι
63 1649 160 1699 ἴρως
194 1649 270 1687 ὑπὸ
299 1652 457 1701 καρδίην
485 1654 660 1696 ἐλυσθεὶς
691 1653 845 1698 Πολλὴν
878 1655 958 1687 κατ’
981 1650 1103 1693 ἀχλὺν
1131 1650 1318 1697 ὀμμάτων
1350 1649 1482 1693 ἔχευεν
1498 1680 1505 1693 ,

65 1717 159 1742 nunc
179 1710 429 1751 posteriorem,
462 1713 501 1743 ut
522 1713 578 1744 est
599 1712 635 1744 in
657 1713 726 1744 hoc
750 1712 883 1743 Horatii
908 1711 1029 1753 (Epod.
1056 1711 1142 1750 43.):
1168 1712 1314 1743 Horrida
1337 1714 1510 1751 tempestas

65 1765 195 1797 caecum
215 1767 405 1806 contr-wic,
439 1770 471 1798 et
502 1767 623 1800 imbres
643 1768 807 1807 Nivesque
836 1768 999 1799 deducunt
1031 1768 1157 1804 lovem,-
1190 1776 1279 1799 mmc
1306 1775 1402 1799 mare
1422 1775 1511 1798 nunc

63 1820 185 1861 sime,
209 1828 303 1853 nunc
325 1822 533 1863 utrumque,
559 1823 588 1855 si
612 1823 757 1864 quidem
779 1822 815 1854 id
839 1823 908 1854 iam
932 1822 1180 1861 Archilochus,
1207 1825 1244 1854 et
1265 1832 1335 1854 non
1355 1821 1412 1854 alii
1427 1824 1510 1864 post

65 1884 149 1915 eum
170 1876 405 1909 instituerunt.
445 1878 496 1910 Ita
517 1878 553 1910 in
576 1878 645 1910 hoc
669 1878 874 1910 Simonidis:
910 1875 1080 1910 Πολλάκι
1102 1874 1150 1920 δὴ
1173 1876 1302 1920 φυλῆς
1318 1874 1507 1920 Ἀκαμαν-

65 1929 170 1972 τίδος
191 1931 233 1964 ἐν
254 1933 432 1977 χοροῖσιν
459 1925 573 1978 Ὧραι
592 1929 846 1974 Ἀνωλόλυξαν
876 1931 1134 1979 κισσοφόροις
1155 1932 1217 1966 ἐπὶ
1238 1931 1506 1979 διθυράμβοις.

65 1987 107 2019 Et
127 1989 167 2019 ut
188 1987 305 2019 minor
324 1996 451 2021 versus
473 1989 718 2030 praecederet,
745 1990 804 2030 qui
820 1989 945 2030 proodi
961 1989 1077 2030 potius
1099 1991 1288 2028 vocantur,
1312 1989 1423 2031 Epod.
1443 1991 1500 2022 n:

19 2083 22 2086 .
64 2043 165 2082 Petet,
201 2043 283 2075 nem
314 2052 367 2076 me
399 2045 482 2076 sicut
515 2048 615 2076 antea
648 2045 742 2076 iuvat
763 2045 914 2076 Scribere
941 2045 1137 2083 ver-simam,
1173 2053 1288 2076 amore
1316 2054 1509 2084 percussum

55 2098 197 2144 ,qi-avia·
243 2099 444 2131 Hmfflrms
478 2099 588 2132 Elem.
613 2099 725 2131 doctr.
752 2101 854 2132 metr.
881 2109 916 2141 p.
945 2100 1021 2131 670.

150 2154 300 2188 Maxima
329 2163 414 2196 pars
445 2155 573 2187 horum
604 2155 808 2196 Epodorum
831 2155 954 2186 referri
978 2154 1086 2187 debet
1109 2155 1155 2187 ad
1185 2164 1299 2196 genus
1321 2155 1424 2195 illud,
1461 2157 1506 2189 de

67 2218 138 2251 quo
160 2210 235 2251 ipse
258 2210 345 2242 dixit
373 2211 461 2251 Epp.
488 2211 524 2249 ⁴,
551 2211 612 2249 ⁴9,
636 2210 696 2242 23:
733 2211 850 2242 Parios
871 2219 930 2251 eqo
958 2210 1090 2249 primus
1111 2211 1237 2243 iambos
1259 2212 1390 2244 Ostendi
1410 2213 1509 2244 Latio

67 2273 220 2297 nmmos
240 2266 433 2304 animosque
454 2269 582 2297 secutus
603 2266 802 2305 Archilochi,
827 2275 893 2298 non
914 2274 968 2297 res
981 2269 1011 2297 et
1034 2267 1169 2307 agentia
1186 2266 1286 2298 verba
1310 2268 1504 2307 Lycamben.

69 2320 260 2361 compositi
283 2322 402 2352 autem
425 2323 507 2352 sunt
530 2320 608 2353 inde
634 2321 678 2352 ab
702 2330 734 2352 a.
761 2331 794 2352 u.
822 2330 852 2353 c.
874 2321 948 2352 7⁴3.
991 2321 1099 2362 (Epod
1125 2322 1190 2361 46.)
1214 2331 1328 2364 usque
1352 2323 1396 2355 ad
1421 2333 1452 2355 a.
1470 2332 1505 2355 u.

69 2384 100 2408 c.
125 2375 201 2408 724.
228 2375 301 2416 (Ep.
325 2376 357 2407 2.
385 2376 437 2407 ⁴7.
457 2377 589 2408 Franke
612 2386 646 2418 p.
665 2376 754 2417 23⁴.)
802 2377 850 2408 Ex
866 2376 985 2408 verbis
1008 2377 1095 2418 Epp.
1115 2378 1151 2415 ⁴,
1171 2377 1229 2416 49,
1246 2378 1299 2409 23.
1324 2380 1421 2419 patet
1443 2379 1508 2410 has

69 2430 208 2472 eclogas
230 2432 315 2463 satis
330 2433 468 2463 mature
484 2431 529 2462 ab
552 2433 627 2472 ipso
641 2434 744 2472 poeta
763 2432 892 2470 editas,
918 2440 987 2463 non
1004 2432 1149 2464 demum
1165 2434 1245 2474 post
1261 2433 1336 2466 eius
1356 2436 1508 2466 mortem

67 2494 89 2517 a
110 2486 340 2526 grammatico
370 2485 486 2527 aliquo
516 2485 682 2518 collectas
709 2495 808 2523 esse,
845 2489 883 2518 ut
906 2487 1050 2528 quidam
1072 2488 1136 2520 rati
1169 2489 1270 2524 sunt3
1307 2497 1388 2521 nam
1412 2491 1507 2532 quod

69 2540 191 2573 dicunt
213 2540 376 2573 nonnulla
400 2542 556 2573 carmina
579 2540 752 2573 liberioris
776 2542 917 2583 spiritus
941 2543 1013 2584 (Ep.
1033 2543 1062 2574 7.
1083 2545 1118 2575 et
1142 2543 1208 2583 46.)
1246 2552 1288 2575 ac
1311 2543 1367 2576 vel
1391 2545 1507 2586 ipsum

71 2596 223 2628 Carmen
242 2596 278 2628 9.
303 2599 447 2637 propter
478 2597 620 2628 nimiam
650 2597 694 2629 M.
720 2598 856 2629 Antonii
889 2598 1181 2638 vituperationem
1206 2599 1278 2634 (cfr.
1305 2600 1348 2631 ad
1375 2600 1439 2632 Od.
1466 2603 1505 2642 4,

71 2650 138 2690 37.)
162 2650 347 2692 displicere
380 2650 548 2684 debuisse
579 2654 733 2693 Augusto
762 2654 797 2683 et
828 2653 1033 2692 Maecenati,
1072 2663 1140 2685 non
1175 2657 1229 2686 est
1262 2655 1420 2695 profecto
1443 2664 1507 2688 cur
