1722 2904
176 85 258 126 392

687 86 856 118 HORATII
882 85 1108 119 CARMINUM

662 426 1143 468 cmm

400 541 514 593 Quid
545 530 650 591 fles,
680 522 868 590 Asterie,
900 553 1032 598 quem
1061 520 1136 582 tibi
1167 527 1338 607 canggffi

400 621 543 665 Primo
573 621 799 665 restituent
827 634 931 664 vere
961 621 1135 664 Favonii

457 695 605 761 Thyna
635 696 780 746 merce
810 701 985 745 beatum
1001 735 1010 753 ,

514 783 755 827 Constantis
785 782 987 827 iuvenem
1015 782 1102 826 fide
1116 818 1124 833 ,

400 890 552 949 Gygen
569 890 591 932 ⁴?
621 889 696 933 Ille
725 889 844 932 Notis
875 895 996 933 actus
1027 889 1084 932 ad
1113 888 1292 952 Oricum
1563 926 1568 929 .
1599 892 1625 933 5

399 972 501 1014 Post
535 971 686 1014 insana
716 971 883 1028 Caprae
914 970 1059 1014 sidera
1088 971 1264 1029 frigidas

262 1079 334 1111 vn.
359 1079 471 1111 Inscr.
498 1077 590 1119 volg.
630 1078 681 1111 Ad
702 1078 875 1119 Asterien,
901 1080 937 1111 et
959 1079 1011 1112 sic
1033 1078 1148 1111 Bch.
1178 1097 1214 1102 —
1238 1079 1289 1112 Ad
1310 1079 1459 1112 Asterien
1482 1079 1585 1112 amici

218 1129 270 1161 sui
291 1129 465 1170 coniugem
488 1129 521 1160 S.
560 1146 597 1152 —
633 1127 665 1161 4.
693 1128 864 1161 Constanti
885 1127 994 1161 Aldus
1019 1128 1116 1160 4509.
1135 1154 1143 1167 ,
1175 1137 1247 1160 non
1273 1128 1369 1160 4549.
1418 1128 1471 1170 (Ut
1493 1136 1558 1161 nos
1573 1153 1592 1168 ,,

219 1186 344 1211 omnes
368 1178 499 1217 nostri,
530 1177 701 1219 Bentleii,
726 1178 907 1219 Pottierii.)
946 1195 982 1201 —-
1020 1178 1098 1220 fidei
1119 1177 1247 1210 Bchd
1272 1179 1308 1210 et
1330 1186 1456 1211 omnes
1479 1178 1585 1210 Bent-

219 1227 275 1260 leii
298 1230 444 1270 praeter
464 1226 487 1259 δ
498 1253 505 1267 ,
532 1228 592 1270 qui
611 1228 683 1270 fidi.
722 1228 775 1269 (Ut
796 1236 861 1261 nos
875 1253 883 1268 ,
910 1228 951 1267 S,
976 1226 1100 1260 Lamb.
1126 1226 1207 1268 aliq.
1234 1228 1271 1260 et
1294 1227 1439 1269 Cruquii
1461 1227 1580 1268 unus.)

217 1321 288 1354 VII.
315 1321 477 1354 Asterien
501 1320 704 1355 consolatur
726 1321 771 1354 de
791 1322 879 1354 ami-
927 1321 963 1361 2,
989 1320 1050 1353 35:
1075 1321 1244 1353 Faewonim
1264 1329 1400 1353 serenus
1420 1323 1488 1360 est,·
1509 1338 1527 1344 -
1546 1320 1630 1362 facit

177 1372 209 1403 ci
233 1370 412 1403 absentia:
437 1372 533 1404 hunc
555 1371 699 1404 fidelem
728 1381 875 1404 manere

176 1421 242 1453 etsi
266 1420 311 1452 ab
335 1420 474 1462 hospita
490 1422 680 1460 tentatum;
706 1420 878 1463 puellam-

175 1479 246 1511 que
282 1471 441 1503 vicissim
477 1471 523 1503 ad
568 1472 803 1504 constantiam
840 1473 876 1504 in

175 1529 298 1552 amore
315 1521 489 1560 hortatur,
513 1530 604 1562 quae
621 1522 693 1554 iam
708 1521 754 1554 ad
768 1521 876 1554 alium

175 1569 371 1602 formosum
409 1569 676 1603 adolescentem
717 1572 876 1604 animum

176 1618 371 1652 inclinarat.
398 1621 460 1653 Est
470 1621 571 1661 quasi
585 1619 771 1653 εῖδύλλιον
784 1629 879 1653 mer—

176 1671 338 1702 catorum
373 1670 484 1702 vitam
516 1679 730 1712 amoresque
764 1670 875 1712 lyrice

177 1718 399 1752 describens.
440 1720 577 1752 Asterie
595 1721 733 1759 autem,
759 1722 875 1762 Gyges

177 1770 326 1809 eiusque
361 1769 501 1810 hospita
536 1769 662 1809 Chloe,
707 1770 875 1812 Enipeus,

177 1827 302 1851 omnes
314 1819 396 1851 sunt
411 1827 587 1860 personae
600 1828 621 1851 a
636 1821 742 1861 poeta
759 1819 888 1852 fictae.-

176 1870 247 1901 Nos
264 1867 410 1909 quidem
434 1868 478 1901 ad
494 1878 528 1901 v.
548 1869 600 1901 40.
618 1869 709 1901 haec
732 1869 879 1902 Schola-

177 1918 255 1951 stici
279 1918 465 1951 cuiusdam
494 1919 696 1961 interpretis
722 1928 781 1951 vv.
806 1928 878 1952 non

178 1967 441 2001 exscribemus:
484 1968 670 2001 «Debuere
694 1969 784 2001 adeo
808 1971 879 2002 Ro-

179 2026 259 2050 mae
291 2018 363 2050 noti
387 2026 467 2050 esse
492 2017 619 2051 Chloes
650 2027 771 2051 mores
799 2028 879 2051 me-

178 2067 319 2099 retricii.
334 2079 349 2095 »
407 2067 698 2109 (Compositionis
734 2069 878 2110 tempus

180 2125 327 2158 prorsus
365 2117 542 2149 incertum
581 2119 648 2149 est.
710 2117 879 2150 Referunt

179 2165 334 2198 nonnulli
357 2165 403 2198 ad
426 2175 457 2198 a.
484 2175 518 2198 u.
545 2175 575 2199 c.
602 2167 692 2207 729.)

223 2216 254 2247 4.
282 2225 379 2256 quem
401 2216 470 2258 tibi]
497 2217 600 2258 Finge
625 2216 688 2249 tibi
711 2218 878 2250 iuvenem

179 2267 435 2304 mercatorem,
457 2267 518 2308 qui
534 2267 567 2298 in
583 2267 784 2308 Bithyniam
800 2276 881 2309 pro-

180 2315 293 2348 fectus
310 2315 414 2347 variis
435 2315 616 2349 mercibus
640 2316 688 2349 ibi
704 2317 879 2359 coemptis

179 2364 486 2406 appropinquante
542 2366 660 2399 hieme
715 2366 877 2406 rediens,

178 2414 292 2446 ventis
322 2413 482 2447 adversis
506 2415 551 2447 ad
575 2416 717 2448 Oricum
741 2414 880 2449 delatus

177 2465 285 2504 atque
322 2462 538 2505 aliquamdiu
576 2465 758 2506 detentus,
796 2475 880 2499 cum

179 2521 278 2545 mare
302 2513 372 2546 iam
394 2512 554 2546 clausum
572 2516 684 2554 esset,
710 2524 801 2548 novo
818 2516 881 2548 de-

179 2571 279 2595 mum
307 2571 393 2595 vere
422 2562 467 2594 ad
495 2563 647 2597 amicam
670 2565 787 2597 redire
811 2574 879 2607 po-

180 2613 270 2644 terit.
301 2631 337 2635 —-
354 2613 499 2655 camdidi]
527 2615 681 2654 »sereni,
709 2614 877 2648 hibernas

179 2661 293 2695 nubes
318 2662 535 2704 abigentes.»
573 2663 682 2702 Plaut.
708 2666 817 2699 Merc.
836 2666 875 2706 5,

926 1364 1216 1410 tranquillitatem.
1241 1371 1382 1403 Favonii
1393 1371 1515 1403 autem
1529 1378 1548 1402 a
1570 1369 1628 1403 die

927 1421 998 1452 VII.
1023 1419 1080 1453 vel
1096 1421 1152 1453 IX.
1170 1419 1350 1453 Februarii
1372 1421 1407 1453 in
1429 1419 1525 1453 Italia
1540 1419 1629 1453 flare

926 1470 1095 1512 incipiunt
1120 1469 1171 1511 (V.
1194 1470 1298 1503 Voss.
1325 1470 1370 1503 ad
1393 1470 1487 1512 Virg.
1513 1471 1575 1503 Ge.
1594 1470 1626 1511 4,

926 1519 1007 1560 43.)‚
1033 1519 1129 1561 apud
1153 1528 1235 1560 nos,
1261 1528 1387 1553 mense
1410 1520 1546 1553 Martio.

970 1569 1002 1601 3.
1037 1569 1152 1609 Thyna
1177 1569 1296 1611 merce]
1321 1568 1503 1602 Claudian.
1528 1569 1626 1602 Eutr.

925 1619 965 1658 2,
990 1618 1074 1652 247:
1109 1619 1212 1659 Thym·
1237 1619 1376 1651 Thraces
1397 1622 1518 1659 arant,
1543 1626 1630 1660 quae

925 1678 1014 1700 nunc
1040 1669 1199 1709 Bithynia
1227 1668 1348 1710 fertur.
1395 1669 1555 1702 Eustath.
1581 1669 1628 1702 ad

926 1718 1072 1759 Dionys.
1106 1718 1240 1759 Perieg.
1266 1718 1351 1751 793:
1382 1717 1544 1762 Λέγεται
1566 1713 1628 1752 ὅτι

926 1764 998 1810 τὴν
1025 1764 1104 1799 ἀπὸ
1132 1763 1340 1813 Βοσπόρου
1369 1764 1442 1811 γῆν
1469 1763 1543 1810 ἕως
1565 1767 1629 1802 ἐπὶ

922 1809 1114 1860 Ῥήβαντα
1136 1817 1298 1850 Βιθυνοί
1314 1827 1407 1850 ποτε
1422 1818 1627 1858 κατέσχον·

926 1864 998 1909 τὴν
1020 1866 1062 1900 δὲ
1083 1863 1204 1900 αὐτοῦ
1230 1866 1404 1900 ἐπέκεινα
1430 1867 1494 1902 ἐπὶ
1522 1865 1630 1902 Πόν-

927 1927 996 1950 τον
1018 1913 1171 1963 ὀρεινὴν
1194 1917 1235 1950 οἱ
1256 1917 1375 1951 Θυνοὶ
1395 1913 1517 1957 ἔσχον
1537 1913 1630 1965 ἄχρι

929 1963 1106 2010 ποταμοῦ
1129 1964 1317 2010 Κάλητος·
1342 1963 1396 2009 ὦς
1417 1965 1516 2001 εἶναι
1535 1964 1631 2011 ὁμό-

927 2027 1019 2064 ρους
1053 2014 1145 2058 τούς
1182 2027 1223 2050 τε
1257 2014 1408 2059 Θυνοὺς
1441 2018 1508 2051 καὶ
1538 2016 1631 2060 τοὺς

928 2065 1132 2109 Βιθυνούς.
1167 2086 1204 2091 —
1238 2065 1338 2109 Τοὺς
1366 2066 1408 2101 δὲ
1437 2065 1631 2110 Βιθυνοὺς

928 2118 995 2150 καὶ
1017 2115 1325 2159 ναυτικωτάτους
1348 2117 1551 2175 ἱστοροῦσι
1572 2128 1631 2163 γε·

929 2167 1066 2201 νέσθαι
1088 2168 1199 2208 ποτέ,
1223 2168 1290 2201 καὶ
1311 2164 1382 2211 τὴν
1405 2165 1534 2202 αυτῶν
1556 2166 1629 2212 γῆν

930 2215 1140 2264 παμφόρον
1161 2227 1203 2250 τε
1224 2218 1292 2252 καὶ
1314 2213 1514 2265 εὔδενδρον
1531 2215 1629 2252 εἶναι

929 2277 1030 2308 φασι
1072 2267 1138 2300 καὶ
1183 2266 1410 2310 λιθοτομίας
1455 2263 1629 2307 ο«ἔχουσαν

930 2314 1127 2356 πολλαχοῦ
1172 2317 1238 2350 καὶ
1282 2315 1544 2363 κρυστάλλους
1587 2317 1630 2352 ἐν

930 2363 1038 2413 ὄρεσι
1070 2364 1253 2407 φύουσαν
1282 2367 1348 2400 καὶ
1376 2362 1476 2401 ἄλλα
1502 2365 1629 2402 πολλὰ

928 2413 1100 2456 ἔχουσαν
1127 2412 1270 2461 ἀγαθά.
1306 2435 1343 2441 -
1375 2417 1518 2460 boam]
1549 2418 1630 2451 «di—

929 2468 1076 2500 tatum.»
1538 2510 1539 2513 Ἴ

974 2516 1005 2550 4.
1043 2516 1119 2559 fide]
1157 2516 1331 2558 genitivus
1368 2516 1550 2558 antiquus,
1590 2518 1630 2550 ut

929 2565 1027 2599 Ovid.
1055 2567 1135 2599 Met.
1162 2566 1199 2606 3,
1225 2565 1309 2599 34⁴:
1344 2566 1461 2599 Prima
1481 2567 1547 2608 fido
1566 2575 1629 2599 υο-

927 2616 1039 2656 cisque
1059 2619 1158 2648 ratae
1185 2615 1379 2649 tentamina.
1428 2616 1498 2648 Sat.
1525 2615 1562 2655 4,
1587 2615 1626 2654 3,

928 2665 981 2699 95.
1007 2666 1181 2698 commissa
1208 2666 1275 2708 fide
1303 2665 1410 2699 dativ.
1436 2665 1530 2707 Virg.
1564 2662 1626 2697 Ge.
