1722 2904
199 84 278 125 432

710 87 879 119 HORATII
905 87 1129 121 CARMINUM

667 357 979 461 OQ
1019 359 1141 398 XV·

367 451 480 515 Uxor
495 471 713 529 pauperis
745 469 889 544 Ibyo(

424 551 611 595 Tandem
640 546 858 609 nequinae
887 551 970 609 fige
1000 552 1176 595 modum
1207 559 1305 596 tuae

316 656 320 664 ι
368 633 649 691 Famosisque
679 606 922 679 laboribus:

424 715 588 757 Maturo
604 707 796 790 propior
825 713 975 757 desine
1007 714 1144 757 funeri

369 821 482 863 Inter
509 799 661 873 ludere
690 819 878 877 virgines

425 902 474 966 Et
502 900 636 944 stellis
666 899 867 958 nebulam
897 914 1102 958 spargere
1134 901 1341 946 candidis.

287 997 357 1028 xv.
383 997 492 1029 mser.
517 995 608 1037 volg.
645 996 682 1028 tn
706 981 849 1028 cmorin.
879 1012 914 1018 -
953 996 1004 1028 Aa
1026 997 1210 1030 Chloridem
1232 997 1368 1030 Bbs'rc.
1397 1016 1434 1021 —
1470 999 1503 1032 2.
1525 999 1601 1041 nge]

238 1045 411 1098 poneb‘T,
435 1054 527 1078 unus
551 1046 713 1087 Cruquii,
739 1049 813 1080 tres
836 1048 1002 1083 Pottierii.
1030 1048 1111 1089 (non
1134 1048 1231 1089 BSc.)

242 1103 334 1159 xvs‘
367 1127 552 1159 Moecham
589 1127 745 1161 vetulam
789 1131 923 1168 etiam!
987 1129 1090 1161 5-7.
1115 1128 1238 1170 cudere]

199 1179 343 1218 propter
365 1177 441 1209 eius
466 1177 619 1218 inopiam
634 1178 754 1211 iocose
775 1180 898 1212 tradu-

199 1228 257 1260 cit.
283 1228 323 1260 Ut
337 1228 479 1268 tempus
501 1228 766 1269 compositionis
790 1230 898 1271 (quod

198 1275 320 1308 volunt
346 1285 426 1309 esse
450 1276 506 1308 alii
533 1286 565 1309 a.
589 1277 682 1317 732,
708 1277 765 1310 alii
786 1279 895 1321 735.)‚

200 1327 250 1359 sic
274 1327 476 1367 ignoramus
492 1352 500 1366 ,
536 1328 655 1359 utrum
691 1328 827 1362 Chloris
863 1332 898 1362 et

199 1376 328 1409 Pholoe
351 1385 526 1418 personae
551 1378 620 1410 sint
642 1377 764 1419 fictae,
789 1388 834 1412 an
858 1389 896 1411 re

199 1435 283 1458 vera
317 1425 453 1459 Chlor1s
469 1452 476 1466 ,
516 1428 710 1469 antequam
747 1428 899 1461 nuberet

199 1476 333 1508 homini
349 1477 464 1515 tenui,
490 1485 599 1517 quem
614 1477 764 1518 Ibycum
780 1480 898 1511 nomi-

199 1527 276 1566 nat,
294 1527 449 1567 poetam,
466 1525 608 1559 ultionis
623 1527 719 1560 haud
735 1527 895 1569 oblitum,

200 1575 386 1617 aliquando
411 1576 540 1608 acriter
562 1576 759 1610 offenderit.

245 1627 276 1658 4.
311 1625 488 1667 pauperis]
542 1627 620 1658 Non
659 1627 817 1660 «honesti
855 1636 897 1659 ac

199 1676 342 1708 tenuis»
356 1701 363 1715 ‚
389 1677 428 1707 ut
443 1676 490 1707 ait
506 1675 620 1707 Schol.
638 1701 645 1716 ‚
672 1676 736 1708 sed
753 1679 899 1719 propter

200 1725 316 1757 mariti
350 1734 493 1766 quoque
523 1727 787 1767 paupertatem,
829 1735 899 1759 non

200 1774 315 1808 solum
348 1776 494 1816 propter
528 1776 683 1808 aetatem
706 1775 901 1808 modestior

202 1824 346 1857 tandem
370 1824 431 1857 fiat
454 1826 561 1866 optat.

245 1875 264 1906 2
276 1892 295 1897 —
307 1874 339 1907 4.
358 1874 534 1916 nequitiae]
554 1874 707 1907 «effusae
731 1873 899 1907 libidini.»

202 1924 299 1956 Ow'd.
318 1926 358 1956 A.
376 1926 416 1956 A.
435 1924 474 1963 2,
498 1923 581 1956 392:
606 1925 674 1956 Nec
697 1924 762 1956 sint
783 1925 902 1964 nequi-

203 1974 269 2006 tiae
286 1973 518 2015 (concubitus)
537 1977 688 2014 tempora
703 1977 797 2006 certa
811 1978 899 2006 tuae.

206 2042 241 2047 —
269 2024 384 2065 Fiyere
405 2025 541 2055 modum
562 2032 627 2065 pro
653 2025 900 2064 «constituere,

202 2082 361 2115 ponere»
387 2074 472 2106 dixit
495 2074 603 2105 etiam
627 2074 698 2106 Cic.
725 2073 848 2106 Parad.
867 2073 899 2113 3,

202 2125 233 2155 ⁶2.
259 2123 358 2165 (Pone
374 2123 485 2156 Codd.
505 2122 584 2164 aliq.
605 2125 659 2155 est
683 2132 702 2155 e
726 2122 845 2164 gloss.)
862 2140 897 2145 —

202 2173 384 2215 laboribus]
426 2173 656 2205 «meretriciis
679 2172 813 2205 artibus
837 2172 901 2204 tibi

202 2224 268 2264 ipsi
298 2222 479 2264 paullatim
508 2223 709 2255 senescenti
744 2221 902 2255 molestis

204 2275 239 2304 et
262 2272 306 2304 ab
331 2273 497 2306 omnibus
520 2274 591 2305 iam
614 2272 706 2304 mala
728 2272 820 2305 fama
838 2281 903 2304 no-

203 2323 317 2354 tatis.»
338 2341 373 2345 —-
395 2323 542 2364 Maturo]
569 2323 738 2354 «iamiam
761 2321 824 2354 tibi
846 2322 903 2353 in-

204 2373 342 2404 stanti.»
359 2390 394 2394 —-
408 2372 530 2413 funeri]
543 2372 736 2404 Nicarchus
749 2372 784 2403 in
794 2371 899 2403 Anth.

205 2421 273 2453 Pal.
300 2423 339 2453 11.
366 2431 401 2463 p.
427 2421 508 2454 342:
525 2418 701 2464 3Ὴκμασε
715 2418 899 2463 Νικονόη.

204 2467 308 2513 κάγώ
347 2470 454 2514 λέγω.
507 2466 660 2513 ἤκμασε
707 2469 738 2503 δ’
778 2466 876 2513 αὐτή
890 2494 900 2510 ,

202 2518 331 2553 Ἡνίκα
365 2520 583 2554 Δευκαλίων
617 2518 783 2554 ἄπλετον
807 2518 904 2553 εἶδεν

206 2566 318 2616 ὕδωρ.
359 2570 486 2604 Ταῦτα
508 2570 579 2613 μὲν
604 2566 674 2604 οὖν
697 2568 809 2614 ἡμεῖς
832 2566 904 2603 οὐκ

207 2619 379 2663 οἴδαμεν,
405 2618 484 2653 ἀλλ”
510 2618 568 2653 ὅτι
587 2619 729 2663 ταύτην
747 2616 826 2653 Οὐκ
841 2616 906 2653 ἄν·

206 2668 275 2715 δρα
298 2672 420 2712 ζητεῖν
437 2669 503 2702 νῦν
528 2664 602 2702 ’ἔδει
617 2695 625 2709 ,
639 2667 748 2702 -ἀλλὰ
764 2668 901 2710 τάφον.

1264 1127 1481 1162 «lascivire»
1498 1128 1647 1162 Publius

945 1179 1054 1219 Syrus
1078 1177 1144 1210 49:
1182 1177 1274 1210 Anus
1301 1187 1378 1211 cum
1405 1178 1512 1219 ludit,
1546 1179 1648 1211 morti

945 1228 1080 1260 delicias
1100 1228 1194 1269 facit.
1216 1246 1252 1250 —
1276 1228 1321 1260 Et
1341 1227 1452 1269 stellis]
1477 1228 1591 1261 «Dum
1606 1229 1645 1260 tu

944 1277 1052 1310 filiam
1075 1273 1239 1310 comitata
1262 1279 1297 1310 te
1321 1278 1503 1310 immisces
1519 1276 1646 1319 puellis

945 1328 1060 1360 aetate
1084 1326 1294 1360 florentibus
1307 1353 1315 1367 ,
1346 1336 1471 1360 earum
1493 1327 1646 1360 nitorem

944 1378 992 1410 ita
1022 1376 1215 1410 obscurare
1245 1376 1356 1417 soles,
1392 1378 1432 1409 ut
1455 1386 1501 1409 ne
1524 1377 1560 1409 in
1583 1375 1647 1410 illis

945 1426 1089 1469 quidem
1106 1425 1388 1468 contemplandis
1402 1425 1555 1459 libenter
1577 1427 1647 1459 im-

945 1485 1160 1510 moremur.»
1188 1494 1225 1499 -
1263 1475 1422 1518 Pholoen]
1459 1477 1575 1516 «Non,
1617 1477 1646 1508 si

944 1526 1030 1569 quid
1052 1525 1161 1558 filiam
1182 1527 1281 1558 tuam
1303 1525 1425 1563 decet,
1450 1525 1548 1558 idem
1561 1534 1647 1568 pro-

943 1578 1066 1619 pterea
1082 1576 1116 1607 in
1133 1576 1168 1607 te
1181 1583 1323 1617 quoque
1336 1574 1479 1617 placere
1490 1575 1642 1617 potest.»

944 1625 1082 1659 Acerbe
1115 1625 1220 1657 matri
1254 1625 1337 1657 anui
1370 1623 1480 1658 filiam
1510 1624 1646 1657 formo-

946 1684 1023 1709 sam
1052 1675 1207 1717 opponit.
1254 1673 1390 1707 Eodem
1419 1675 1541 1707 autem
1561 1673 1647 1706 Pho-

945 1727 1013 1758 loe’s
1045 1725 1188 1757 nomine
1223 1724 1332 1757 utitur
1365 1723 1428 1757 Od.
1463 1725 1501 1764 ⁴,
1526 1723 1587 1764 33,
1611 1724 1644 1755 7.

947 1776 1010 1809 Od.
1036 1776 1077 1813 2,
1103 1775 1141 1814 5,
1168 1774 1220 1806 ⁴7.

990 1824 1243 1866 9.,Εωρα9ηαε]
1266 1824 1411 1865 Proprie
1429 1822 1585 1865 intelligo
1601 1822 1646 1855 de

948 1875 1177 1907 meretricum
1193 1872 1427 1915 petulantium
1443 1873 1651 1906 commissa-

947 1923 1102 1957 tionibus
1132 1923 1200 1955 ioci
1231 1930 1339 1955 causa
1369 1922 1415 1954 ad
1437 1921 1648 1955 adolescen-

949 1975 1036 2007 tium
1070 1973 1164 2006 fores
1197 1973 1246 2005 ita
1269 1972 1384 2005 ductis
1399 1997 1407 2011 ‚
1444 1973 1484 2004 ut
1505 1971 1591 2010 alias
1612 1973 1650 2004 hi

949 2023 1111 2057 solebant
1145 2023 1342 2055 amicarum
1374 2024 1498 2055 ianuas
1528 2021 1650 2054 effrin-

949 2083 1046 2115 gere,
1071 2072 1137 2106 Alii
1153 2072 1319 2114 figurate:
1347 2070 1520 2105 «Mulieris
1536 2070 1649 2104 forma

949 2123 1100 2156 telorum
1124 2123 1235 2155 instar
1255 2122 1350 2154 viros
1374 2122 1480 2154 etiam
1501 2120 1650 2154 fortissi-

949 2181 1028 2205 mos
1043 2173 1178 2205 sauciat
1193 2173 1299 2213 atque
1316 2170 1539 2203 labefactat.»
1578 2169 1648 2202 Sed

950 2223 1034 2255 illud
1045 2222 1148 2263 longe
1161 2221 1340 2254 efficacius
1353 2222 1390 2253 et
1400 2220 1447 2253 ad
1458 2219 1548 2253 illius
1558 2221 1650 2252 tem-

949 2273 1044 2315 poris
1053 2280 1173 2305 mores
1182 2270 1499 2304 accommodatius.
1513 2270 1647 2302 Seneca

950 2322 1062 2355 Praef.
1094 2322 1140 2354 ad
1162 2323 1239 2354 Nat.
1266 2322 1407 2360 Quaest.
1433 2319 1474 2353 4:
1514 2319 1651 2360 Crispus

949 2372 1121 2404 Passienus
1152 2379 1250 2412 saepe
1285 2370 1427 2410 dicebat,
1463 2369 1651 2402 adulationi

950 2431 1010 2454 nos
1032 2430 1214 2462 opponere,
1251 2430 1320 2453 non
1342 2419 1496 2452 claudere
1517 2419 1648 2459 ostium,

951 2475 982 2504 et
1007 2472 1137 2512 quidem
1161 2471 1208 2503 sic
1229 2469 1504 2511 quemadmodum
1529 2468 1651 2510 opponi

951 2522 1080 2554 amicae
1094 2521 1191 2561 solet,
1209 2529 1312 2561 quae,
1335 2520 1364 2552 si
1378 2519 1528 2560 impulit,
1548 2521 1653 2561 yram

952 2575 1014 2610 est,
1038 2571 1171 2613 qratior
1184 2595 1192 2610 ‚
1217 2570 1246 2602 si
1267 2569 1408 2611 effreyit.

997 2621 1048 2653 ⁴0.
1093 2619 1226 2661 Thyias]
1266 2620 1368 2652 Hom.
1399 2619 1529 2660 Hymn.
1566 2617 1646 2650 Cer.

952 2669 1015 2702 387
1029 2679 1035 2701 :
1061 2665 1158 2710 5Ἠϊξ
1175 2664 1270 2711 ἦΰτε
1283 2665 1427 2711 μαινὰς
1442 2663 1535 2713 ὄρος
1549 2662 1647 2704 κατὰ
