1722 2904
551 6 726 56 mum-:N
749 21 997 56 sscumnn

1400 21 1482 63 639

267 126 355 169 lam
383 126 489 168 mari
520 132 718 182 terraque
747 138 899 167 manus
927 130 1123 181 potentes

266 200 416 249 Medus
445 205 717 263 Albanasque
748 205 867 248 timet
895 218 1101 253 secures,

255 287 355 329 'lam
385 285 569 344 Scythae
599 299 808 343 responsa
837 293 1006 344 petunt,
1044 285 1218 343 superbi

383 367 544 423 Nuper,
579 373 621 409 et
650 365 753 408 Indi.

265 471 354 513 Iam
381 470 510 514 Fides
541 477 584 514 et
612 472 699 513 Pax
728 477 771 514 et
799 471 945 513 Honos
976 470 1209 527 Pudorque

265 551 437 594 Priscus
467 557 510 593 et
538 550 732 606 neglecta
761 549 903 594 redire
933 550 1071 594 Virtus

256 630 417 681 Audet,
450 637 715 688 apparetque
745 630 871 674 beata
902 630 1029 687 pleno

377 711 510 768 Copia
540 725 686 754 cornu.

1426 713 1480 754 60

127 835 181 868 53.
205 843 343 868 mitum
359 838 524 875 potentem
546 835 656 868 Bentl.
684 837 776 868 coni.
804 854 839 858 -—
866 836 918 867 57.
943 836 1058 867 Honor
1080 834 1219 874 Bb‚LCt
1242 836 1323 877 (non
1346 837 1389 876 c).

41 955 147 987 nere,
172 945 257 988 quid
279 946 443 978 Romanis
464 946 647 987 praestare
671 946 736 978 de-

39 996 182 1029 beant.»
217 1013 253 1018 —
285 995 433 1036 superbi]
467 995 570 1036 iunge
595 1003 676 1028 cum
699 1004 733 1027 v.

38 1045 190 1085 scythae.
223 1044 318 1077 Suet.
344 1044 418 1076 Oct.
443 1044 497 1075 24.
529 1044 592 1076 Dio
615 1043 674 1083 54,
701 1044 732 1075 9.

40 1093 138 1126 Ovid.
163 1094 264 1126 Trist.
289 1094 329 1134 2,
347 1093 411 1125 227
422 1102 429 1124 :
454 1094 552 1125 Nunc
568 1094 653 1133 petit
673 1093 736 1125 Ar-

39 1142 167 1175 menius·
186 1150 327 1183 pac-erm
353 1151 442 1174 nunc
461 1142 610 1183 porrigit
635 1150 735 1173 arcus

37 1193 179 1224 Parthus
199 1200 296 1232 eques
319 1191 437 1223 timida
455 1195 620 1232 captaque
638 1191 736 1232 siqua

37 1250 153 1273 manu.
191 1259 228 1265 -
257 1241 342 1280 Inda]
377 1242 554 1281 Augustus
588 1241 664 1281 ipse
699 1241 734 1272 in

37 1291 193 1324 monum.
220 1291 350 1330 Ancyr.
376 1289 432 1322 ed.
458 1291 566 1322 Franz
588 1299 624 1332 p.
650 1290 731 1322 ⁴08:

37 1336 143 1386 Πρὸς
155 1338 224 1381 ἐμὲ
240 1335 282 1380 ,ἐξ
296 1334 428 1379 Ἰνδίας
438 1337 628 1378 βασιλέων
651 1348 736 1384 πρε-

38 1387 168 1428 σβεῖαι
211 1385 395 1428 πολλάκις
438 1383 710 1430 ἀπεστάλησαν
723 1412 732 1427 ,

39 1433 222 1471 οὐδέποτε
237 1434 310 1483 πρὸ
333 1434 472 1470 τούτου
496 1435 564 1469 τοῦ
588 1435 732 1483 χρόνου

38 1483 224 1528 &questam
265 1484 370 1533 παρὰ
409 1483 603 1529 Ῥωμαίων
645 1483 734 1530 ἡγε-

36 1535 142 1580 μόνι.
180 1538 232 1569 De
253 1536 423 1569 Indorum
445 1538 565 1568 autem
587 1535 734 1577 legatio—

37 1588 142 1621 nibus
174 1587 221 1620 ad
252 1588 449 1628 Augustum
480 1587 598 1619 missis
629 1587 732 1619 docte

38 1637 228 1679 disputavit
248 1637 363 1677 Unger
384 1637 425 1668 V.
450 1637 490 1668 R.
508 1645 542 1677 p.
562 1636 635 1668 355.
667 1635 729 1676 (Cf.

37 1688 79 1720 A.
103 1687 159 1719 W.
192 1684 352 1726 Schlegel
382 1685 733 1717 Berliner-Kalender

38 1735 135 1769 4829.
164 1743 200 1776 p.
225 1734 280 1767 48.
313 1735 352 1767 C.
383 1734 492 1766 Ritter
525 1734 644 1775 Geoqr.
668 1743 732 1765 von

37 1784 134 1817 Astora
154 1785 210 1816 IV.
236 1784 267 1816 4.
288 1792 323 1825 p.
341 1782 405 1815 488
429 1791 530 1824 seqq.
548 1783 681 1823 Benfey
697 1784 731 1814 in

37 1833 173 1867 Erschii
206 1834 243 1865 et
275 1832 424 1865 Gruberi
457 1832 600 1873 Encycl.
637 1841 666 1864 s.
696 1842 728 1864 v,

35 1883 168 1922 Indica,
191 1891 227 1924 p.
245 1882 312 1923 89.)

80 1931 219 1964 57460.
256 1931 372 1973 Fides]
411 1931 586 1972 Theognis
622 1931 729 1963 4437:

35 1979 184 2021 Πίσης,
206 1978 354 2023 μεγάλη
377 1978 480 2020 θεός.
502 1998 538 2002 -
554 1980 640 2021 Pam]
662 1980 733 2011 Eu-

37 2030 104 2071 rip.
136 2031 250 2063 Orest.
281 2030 383 2062 ⁴682:
423 2026 493 2071 τὴν
526 2027 732 2071 καλλίστην

30 2076 145 2125 θεῶν
158 2076 338 2125 Εἰρήνην.
363 2079 445 2110 Eius
461 2087 522 2109 ara
539 2080 614 2110 erat
628 2078 735 2110 Athe-

28 2129 104 2163 nis.
135 2128 213 2160 Vid.
233 2128 335 2160 Corn.
354 2129 442 2168 Nep.
466 2128 503 2159 in
528 2127 678 2159 Timoth.
698 2127 729 2159 2.

38 2178 75 2211 et
107 2186 198 2218 quae
236 2177 416 2209 adnotavit
448 2177 664 2217 Nipperdey.
692 2193 730 2199 —

39 2226 166 2266 Honos,
202 2226 263 2267 qui
286 2235 306 2257 a
335 2226 500 2257 Romanis
530 2224 731 2264 colebatur,

32 2275 182 2318 'proprie
205 2276 259 2307 est
279 2275 389 2306 Honos
415 2275 566 2313 Virtutis,
592 2274 651 2314 qui
667 2274 735 2305 vir-

27 2325 152 2357 -tutem
175 2323 421 2364 consequitur;
458 2323 522 2355 sed
550 2323 621 2354 iam
644 2331 664 2354 a
687 2323 732 2355 M.

37 2371 202 2407 Marcello
216 2371 310 2404 bello
323 2371 452 2404 Gallico
467 2371 513 2403 ad
530 2370 734 2403 Clastidium

26 2421 149 2454 -aedes
182 2429 306 2455 nouom
335 2429 379 2452 Er
402 2428 531 2452 murm
561 2422 642 2452 vota
666 2421 730 2452 est.

30 2470 113 2504 Liv.
131 2471 190 2510 27,
215 2471 269 2503 25.
296 2487 333 2493 -
350 2469 471 2510 Pudor]
495 2468 598 2510 Apud
614 2469 731 2510 EurIp,

42 2519 145 2561 Hipp.
163 2519 222 2552 77:
252 2514 447 2564 ἀκήρατον
463 2535 483 2541 -
501 2515 667 2559 λειμῶνα
681 2535 700 2541 -
715 2535 734 2540 -

31 2565 163 2608 Ἀἰδώς
177 2586 196 2592 -
212 2568 438 2610 ποταμίαισι
463 2563 619 2609 κηπεύει
646 2563 734 2612 δρό-

757 950 762 965 '
785 955 880 986 σοις.
902 963 938 969 —-
962 946 1103 987 Priscus]
1128 946 1221 987 Virg.
1234 946 1321 979 Aen.
1340 947 1378 987 6,
1395 947 1476 979 879:

783 996 846 1027 heu
854 995 970 1035 prisca
983 996 1081 1036 fides!
1106 1013 1137 1018 -
1161 996 1282 1037 redire]
1299 996 1335 1028 in
1351 997 1476 1036 terras,

785 1053 873 1086 quas
898 1052 980 1076 cum
1004 1052 1024 1075 a
1047 1043 1255 1077 mortalibus
1278 1044 1345 1077 coli
1367 1045 1479 1078 desita

784 1095 895 1132 esset,
928 1094 1063 1125 maesta
1086 1092 1291 1134 reliquerat;
1322 1094 1358 1126 id
1384 1094 1479 1136 quod

785 1144 907 1176 Graeci
931 1143 1145 1185 del-Astraea
1160 1168 1167 1182 ‚
1198 1142 1294 1188 Δίκῃ
1308 1167 1318 1182 ,
1357 1152 1480 1176 narra—

783 1193 886 1231 bant;
932 1193 1017 1224 item
1055 1192 1229 1225 Hesiodus
1256 1192 1361 1238 o'Epy-
1402 1193 1476 1225 498.

784 1241 930 1274 coetu:
961 1241 1166 1274 Λευκοῖσιν
1194 1244 1382 1289 φαρέεσσι
1409 1252 1480 1273 κα-

783 1290 1006 1337 λυψαμένργ
1019 1289 1120 1336 χρόα
1135 1289 1254 1324 καλὸν
1266 1288 1480 1323 Ἀθανάτων

781 1337 879 1383 μετὰ
933 1337 1058 1380 φῦλον
1116 1339 1198 1372 ἴτον
1257 1338 1477 1387 προλιπόντ’

782 1387 1010 1436 ἀνθρώπους
1038 1388 1160 1430 Αἰδώς
1196 1390 1262 1422 καὶ
1298 1390 1477 1431 Νέμεσις.

786 1457 822 1462 -
847 1439 1064 1479 apparetque]
1088 1438 1315 1479 Splendidam
1337 1440 1395 1471 bic
1410 1448 1479 1471 nu-

782 1488 886 1520 minis
909 1485 1136 1527 ἐπιφάνειαν
1159 1488 1342 1528 significat.
1363 1507 1400 1511 —
1418 1488 1478 1526 Co-

776 1537 850 1578 pia]
875 1536 1112 1568 abundantiae
1137 1537 1223 1574 dea;
1260 1538 1360 1569 cuius
1387 1538 1479 1569 ima—

782 1587 860 1627 gine
883 1587 1074 1627 praecipue
1098 1585 1293 1618 delectatus
1316 1595 1396 1618 esse
1411 1588 1480 1619 Au-

781 1637 904 1676 gustus
923 1635 1073 1667 videtur.
1106 1635 1170 1667 Od.
1190 1636 1203 1667 4
1224 1660 1231 1674 ,
1254 1636 1294 1667 47
1310 1661 1318 1674 ,
1341 1635 1382 1668 44
1397 1644 1476 1676 sqq.

781 1685 868 1726 Epp.
887 1685 918 1723 4,
935 1685 988 1723 42,
1003 1685 1044 1716 28
1057 1693 1111 1724 sq.
1128 1683 1197 1716 Cfr.
1208 1683 1476 1717 MiillerDenkm.

781 1734 821 1765 V.
847 1735 887 1765 N.
919 1732 994 1764 377.
1035 1733 1183 1765 Genium
1214 1734 1360 1773 Augusti
1395 1742 1477 1765 cum

782 1782 903 1823 copiae
920 1790 1029 1813 cornu
1045 1783 1220 1814 monstrat
1230 1782 1386 1814 Visconti
1399 1783 1480 1814 Mu-

780 1840 833 1863 seo
854 1831 1044 1862 Pio—Clem.
1071 1831 1103 1863 3.
1128 1830 1213 1862 Tab.
1239 1832 1271 1863 2.
1300 1849 1336 1854 -
1362 1831 1478 1872 cornu]

781 1880 903 1913 Graeci
941 1879 1052 1912 simile
1090 1879 1225 1911 habent
1255 1876 1480 1921 Ἀμαλθείας

780 1930 905 1974 κέρας.
949 1928 1053 1969 Apud
1087 1929 1261 1960 Senecam
1295 1929 1388 1961 Med.
1423 1929 1476 1960 65.

781 1979 862 2010 Paci
896 1978 962 2019 ipsi
996 1977 1162 2008 tribuitur
1191 1986 1302 2009 cornu
1334 1978 1475 2019 copiae:

780 2028 824 2059 Et
845 2036 950 2058 cornu
970 2027 1088 2058 retinet
1110 2027 1210 2058 divite
1224 2027 1366 2066 copiam.
1409 2027 1479 2058 Re-

782 2076 917 2108 centior
945 2071 1073 2117 μῦθος
1096 2075 1236 2107 videtur
1259 2075 1355 2116 apud
1377 2074 1475 2106 ovid.

781 2126 863 2158 Met.
882 2125 919 2164 9,
943 2125 997 2156 87.
1023 2123 1197 2156 Achelous
1220 2123 1264 2155 de
1283 2132 1393 2155 cornu
1409 2123 1477 2156 sibi

782 2173 827 2205 ab
852 2172 1001 2206 Hercule
1031 2174 1210 2205 truncato:
1245 2173 1370 2204 Na'ides
1397 2173 1476 2212 hoc,

777 2223 886 2263 pomis
908 2225 938 2254 et
960 2223 1061 2254 odoro
1087 2224 1170 2263 flore
1197 2222 1375 2262 repletum,
1411 2222 1479 2254 Sa-

782 2274 940 2309 crarunt‚·
974 2271 1125 2310 divesque
1153 2279 1225 2302 meo
1259 2270 1345 2302 bona
1375 2270 1480 2310 Copia

782 2330 887 2352 cornu
920 2323 976 2351 est.
1006 2338 1042 2342 ——
1069 2321 1258 2351 «Pacatum
1290 2321 1410 2351 autem
1444 2320 1480 2351 et

783 2370 942 2411 quietum
965 2369 1035 2400 iam
1058 2376 1137 2400 esse
1160 2370 1336 2400 terrarum
1353 2367 1478 2400 orbem

784 2427 865 2450 cum
881 2417 1000 2450 verbis
1015 2418 1091 2449 tum
1107 2417 1263 2449 numeris
1285 2416 1478 2449 lenioribus

784 2467 922 2508 egregie
949 2465 1140 2498 declaravit
1162 2467 1283 2507 poeta,
1309 2466 1423 2506 utqui
1443 2466 1478 2498 in

784 2516 937 2557 strophis
967 2514 1009 2547 44
1032 2516 1067 2547 et
1091 2515 1142 2547 45.
1169 2514 1355 2555 quinquies
1383 2513 1477 2546 molli

784 2574 931 2598 caesura
943 2565 1123 2597 trochaica
1134 2573 1220 2597 usus
1233 2563 1309 2596 sit.»
1323 2564 1474 2595 Smmnn.
