1722 2904
615 73 695 106 Lm.
721 72 786 104 iv]
803 73 842 105 C.
869 67 893 104 Ι.

244 175 400 226 Paulli,
432 176 663 233 purpureis
693 175 783 218 ales
809 175 1026 224 oloribus,

192 255 490 300 Comissabere
520 256 706 306 Maximi,

1441 70 1515 112 521!

1470 176 1522 218 lo

245 336 289 380 Si
320 343 486 380 torrere
518 336 638 380 iecur
666 336 840 394 quaeris
870 335 1093 380 idoneum:

187 442 379 499 Namque
410 447 453 484 et
481 440 637 485 nobilis
669 446 712 484 et
740 440 901 484 decens

244 522 295 564 Et
323 535 404 578 pro
433 520 625 564 sollicitis
655 535 740 564 non
771 521 923 565 tacitus
952 521 1039 565 reis

189 602 239 644 Et
267 608 439 645 centum
471 615 582 658 puer
611 602 765 644 artium

1476 604 1523 647 15

243 682 345 726 Late
374 682 495 740 signa
525 681 633 726 seret
661 682 834 726 militiae
864 690 982 733 tuae,

163 827 216 859 40.
237 826 435 867 porphyra&
455 826 643 868 Cruquius.

75 955 179 989 valde
213 956 388 997 gratiosus
421 955 566 996 (Seneca
602 956 767 988 Controv.

75 1006 118 1044 2,
141 1004 209 1044 42.)
255 1006 292 1037 et
324 1003 450 1037 consul
483 1013 516 1037 a.
541 1013 577 1036 u.
603 1013 635 1037 c.
668 1004 767 1043 743.,

75 1055 238 1096 tempore
271 1054 409 1095 igitur„
429 1062 501 1096 quo
532 1054 602 1086 hoc
624 1062 770 1087 carmen

76 1104 315 1145 compositum
344 1104 418 1142 est,
453 1103 595 1136 circiter
615 1103 771 1145 quadra-

75 1153 250 1194 genarius.
276 1153 449 1194 Equidem
471 1162 556 1185 reor
582 1153 770 1195 significari

78 1203 155 1235 eius
183 1200 310 1239 filium.
334 1210 443 1242 quem
466 1204 505 1234 ut
526 1201 771 1236 fidelissimum

79 1251 147 1283 sibi
163 1251 270 1283 etiam
284 1251 321 1283 in
336 1250 456 1283 exsilio
471 1252 626 1284 amicum
642 1252 771 1285 crebro

77 1299 198 1332 laudnt
229 1300 384 1333 Ovidius.
410 1301 480 1333 Cfr.
505 1301 671 1333 Bianconi
693 1302 771 1334 Let—

76 1352 145 1382 tere
175 1358 278 1390 sopra
311 1349 402 1382 Celso
434 1358 470 1391 p.
498 1350 571 1382 429.
610 1367 647 1374 -
684 1360 771 1391 pur-

70 1398 198 1441 pureis]
215 1407 428 1440 pamm-eum
442 1408 696 1441 nonnunquam
712 1409 773 1443 ap-

76 1447 228 1490 pellatur
261 1448 359 1490 quod
391 1448 521 1480 candet
557 1449 748 1491 splendore
761 1476 769 1490 ,

74 1499 115 1530 ut
147 1506 230 1530 cum
262 1497 358 1530 Pedo
390 1497 629 1532 Albinovanus
651 1500 689 1539 2,
715 1500 768 1532 62.

75 1547 184 1579 nivem
192 1555 416 1587 purpuream,
434 1548 590 1580 Lactant.
604 1548 649 1580 de
662 1549 774 1581 Phoe-

76 1597 155 1629 nice
177 1596 232 1630 74.
266 1598 366 1638 flores
387 1600 522 1629 aeterno
543 1598 631 1629 veris
651 1598 774 1630 honore

77 1645 230 1678 rubentes
249 1647 401 1682 vocant;
437 1648 474 1678 et
506 1646 653 1687 figurate
676 1648 770 1688 Virg.

77 1696 166 1727 Aen.
205 1695 220 1726 4
235 1720 243 1733 ,
276 1695 362 1727 59οε
413 1695 587 1734 lumenque
622 1696 775 1728 itwentae

74 1745 295 1784 Purpureum.
341 1744 398 1776 Sic
432 1745 539 1777 etiam
573 1746 695 1777 Graeci
727 1745 772 1778 de

78 1794 204 1834 quovis
219 1793 333 1825 nitore
348 1795 533 1834 usurpant.
557 1794 656 1826 Pind.
670 1796 771 1827 Nem.

77 1843 137 1879 44,
172 1843 237 1875 28:
282 1841 324 1874 ἐν
357 1843 592 1888 πορφυρέοις
625 1840 774 1889 ἔρνεσιν

77 1889 247 1934 (ἐλαίας).
294 1891 444 1924 Gaudere
476 1893 560 1924 item
595 1893 640 1925 de
664 1903 773 1927 cocco

77 1941 147 1973 Sat.
182 1941 221 1980 2,
257 1941 298 1978 6,
334 1942 421 1973 402;
460 1941 564 1974 rubro
591 1943 648 1974 ubi
676 1952 773 1976 cocco

79 1990 193 2023 Tincta
223 1999 324 2031 super
355 1991 453 2023 lectos
492 1992 648 2024 canderet
677 1988 775 2025 vestis

75 2034 226 2072 eburnos.
253 2039 315 2079 (Cf.
339 2041 452 2073 Lucas
473 2042 617 2081 Quaeset.
642 2042 709 2075 lex.
735 2051 771 2084 p.

76 2089 166 2130 206.)
183 2107 220 2112 -
243 2089 322 2130 ales]
345 2089 428 2122 Alae
451 2099 523 2122 non
546 2091 612 2132 ipsi
627 2092 774 2132 quidem

77 2139 205 2170 Veneri
236 2139 438 2181 tribuuntur
452 2165 460 2178 ‚
503 2140 568 2172 sed
603 2141 774 2182 quadriga

78 2186 199 2220 alitum
224 2187 384 2229 (olorum)
409 2197 475 2230 per
489 2193 611 2222 aerem
627 2190 692 2222 dea
710 2200 774 2223 ve-

78 2237 183 2268 hitur.
213 2237 265 2269 Cf.
283 2238 346 2269 Od.
365 2238 403 2277 3,
420 2239 480 2277 28,
499 2240 552 2271 45.

122 2286 175 2318 44.
201 2286 253 2318 42.
289 2287 528 2329 Comissabere]
560 2297 641 2321 cum
666 2290 775 2331 Cupi-

76 2334 201 2367 dinum
223 2337 404 2368 comitatu.
441 2338 541 2375 Quod
565 2339 697 2370 faciunt
719 2341 775 2371 iu-

77 2393 188 2416 venes
210 2393 332 2417 amore
355 2386 505 2425 incitati,
531 2387 589 2418 hic
605 2388 694 2420 deae
711 2390 775 2420 tri-

78 2433 210 2465 buitur.
259 2434 439 2474 (Ceterum
461 2436 633 2468 comissam*
655 2437 690 2468 in
714 2438 775 2469 do-

78 2491 170 2514 mum
202 2483 237 2514 in
260 2492 365 2524 prosa
389 2492 440 2515 or.
466 2485 677 2517 comissatum
710 2487 771 2518 ire.

79 2532 152 2563 Liv.
170 2531 229 2569 40,
247 2532 286 2563 7:
313 2533 398 2572 Quin
413 2533 624 2566 comissatum
640 2535 671 2574 (e
688 2543 775 2566 con-

80 2581 184 2620 vivio)
209 2582 254 2613 ad
274 2582 416 2622 fratrem
437 2583 524 2614 imus
534 2582 564 2624 1²)
599 2601 634 2606 —-
670 2584 772 2625 iecur]

81 2629 187 2662 sedes
211 2631 342 2662 amoris
366 2640 409 2663 ex
438 2633 664 2673 antiquorum
698 2634 775 2674 opi—

820 956 936 988 nione.
962 956 1032 989 Cfr.
1050 956 1114 990 Od.
1133 958 1165 996 4,
1184 957 1243 997 43,
1261 957 1303 991 4:
1327 959 1468 992 Feruens
1482 978 1524 984 --

819 1006 922 1038 iecur.
942 1006 1119 1047 (Aeschyl.
1138 1007 1297 1049 Choeph.
1314 1008 1396 1041 272:
1414 1002 1523 1055 ἧπαρ

818 1052 994 1101 θερμόν.)
1016 1055 1080 1088 Od.
1100 1057 1131 1095 4,
1149 1056 1205 1095 25,
1224 1057 1277 1089 45.
1302 1057 1391 1099 Epp.
1411 1059 1444 1098 4,
1463 1059 1517 1097 48,

820 1105 874 1137 72.
916 1122 954 1128 -
1004 1108 1167 1145 torrere:
1181 1107 1332 1147 quaer-is]
1368 1108 1445 1140 Vid.
1475 1109 1521 1141 ad

820 1153 884 1186 Od.
910 1153 948 1193 3,
975 1153 1035 1192 24,
1064 1155 1118 1186 27.
1156 1155 1216 1187 «Si
1247 1155 1308 1188 tibi
1331 1155 1419 1190 libet
1441 1159 1521 1190 aui-

820 1210 920 1235 mum
953 1202 1191 1236 adolescentis
1235 1204 1407 1243 alicuius.
1461 1207 1521 1248 qui

820 1252 932 1284 amori
963 1254 1068 1294 aptus
1096 1253 1143 1285 sit
1170 1261 1213 1285 ac
1241 1253 1343 1286 facile
1366 1254 1430 1287 tihi
1453 1255 1523 1288 ob·

820 1302 1011 1342 sequatur,
1037 1310 1159 1334 amore
1177 1302 1411 1336 accendere.»
1446 1304 1522 1337 Noli

820 1352 1028 1383 construere
1044 1359 1126 1383 cum
1143 1350 1237 1384 aliis:
1262 1353 1291 1384 si
1305 1354 1440 1392 quaeris
1452 1355 1524 1386 ido-

819 1408 917 1432 neum
930 1403 1059 1437 torrere
1083 1400 1191 1441 (quod
1213 1403 1362 1443 torreas)
1386 1403 1490 1435 iecur.

865 1449 918 1481 43.
955 1448 1008 1482 44.
1044 1450 1175 1491 nobilis]
1204 1450 1258 1483 Ad
1280 1452 1375 1484 hunc
1397 1454 1518 1494 ipsum

822 1498 987 1536 Fabium.
1023 1500 1063 1531 ut
1095 1499 1237 1532 videtur
1251 1525 1258 1538 ‚
1298 1500 1441 1534 Ovidius
1478 1512 1522 1535 ex

822 1549 932 1579 Ponto
956 1548 993 1586 4,
1017 1548 1057 1587 2,
1083 1549 1126 1580 ⁴:
1157 1550 1330 1590 Maxime,
1355 1551 1413 1591 qui
1436 1552 1523 1584 tanti

820 1606 1013 1629 ”sensuram
1043 1598 1187 1630 nominis
1207 1599 1323 1639 imples
1352 1601 1398 1632 Et
1420 1602 1524 1642 yemi-

821 1655 885 1678 nas
920 1647 1027 1678 animi
1070 1647 1240 1680 nobilitate
1284 1658 1408 1690 qemun
1458 1651 1523 1690 Qui

821 1696 914 1727 nasci
946 1699 984 1727 ut
1011 1705 1146 1737 posses,
1193 1699 1347 1736 quamvis
1378 1700 1524 1732 cecidere

822 1746 981 1784 trecenti,
1018 1747 1095 1778 Non
1117 1755 1228 1779 onmes
1249 1747 1369 1780 Fabios
1390 1748 1523 1781 abstulit

822 1803 895 1826 una
916 1795 995 1826 dies.
1024 1813 1060 1817 —
1085 1795 1210 1837 decens]
1238 1796 1519 1830 «formosus-›—

822 1853 890 1875 non
922 1843 1062 1885 tacitus]
1098 1844 1293 1886 «eloquens
1333 1855 1521 1880 causarum

822 1894 1033 1934 patronus»,
1058 1895 1098 1926 ut
1119 1893 1228 1926 Pollio
1251 1895 1314 1927 Od.
1340 1896 1380 1935 2,
1399 1897 1437 1935 4,
1455 1896 1520 1928 43;

822 1943 953 1983 Insigne
974 1943 1109 1974 maestis
1124 1944 1335 1983 praesidium
1356 1945 1434 1977 reis.

868 1992 921 2023 45.
956 1995 1086 2023 centum
1103 2001 1193 2032 puer
1213 1993 1358 2035 artium]
1392 2002 1520 2035 «quam

822 2039 982 2082 plurimis
1016 2040 1121 2073 bonis
1155 2041 1290 2075 artibus
1329 2043 1522 2075 instructus

823 2091 972 2128 iuvenis,
990 2088 1236 2131 πάντεχνος.»
1254 2092 1326 2124 Cic.
1340 2101 1405 2134 pro
1417 2093 1519 2125 Rosc.

822 2141 900 2171 Am.
923 2139 978 2172 44.
1004 2140 1086 2171 κατ’
1102 2141 1320 2185 εἰρωνείανε
1346 2142 1523 2174 inter-suos

823 2191 971 2222 omnium
1003 2191 1199 2224 deliciamm
1234 2195 1334 2232 atque
1371 2194 1523 2225 omnium

824 2240 952 2271 artium
968 2241 1139 2280 puerulos.
1180 2241 1304 2274 Catull.
1331 2242 1391 2281 42,
1409 2243 1450 2275 8:
1476 2243 1522 2275 de

823 2288 977 2322 Pollione
1027 2289 1314 2323 adolescentulo:
1372 2292 1523 2332 leporum

823 2339 975 2370 Disertus
990 2348 1079 2379 puer
1098 2343 1129 2371 et
1150 2340 1363 2380 facetiarum.
1396 2342 1522 2382 Viginti

825 2389 966 2420 circiter
1006 2397 1182 2421 annorum
1215 2388 1520 2423 adolescentulum

824 2439 908 2469 tunc
938 2437 1046 2469 fuisse
1074 2437 1266 2470 arbitratur
1287 2438 1523 2472 Walckenaer

824 2487 864 2518 ΙΙ.
892 2495 973 2528 pag.
991 2487 1067 2520 334.
1103 2487 1157 2520 Ad
1181 2487 1368 2521 formulam
1392 2492 1522 2522 centum

825 2535 887 2567 cfr.
919 2535 1029 2568 Plaut.
1055 2537 1184 2569 Pseud.
1209 2538 1247 2575 2,
1277 2537 1314 2576 3,
1344 2538 1407 2569 42;
1444 2547 1522 2570 cen-

824 2588 894 2616 tum
916 2586 1051 2617 doctum
1080 2586 1250 2619 hominum
1275 2587 1425 2619 consilia.

869 2634 922 2665 46.
947 2635 1029 2667 Late
1050 2631 1157 2676 siqua]
1195 2635 1287 2667 «Sub
1312 2637 1346 2668 te
1370 2635 1521 2670 militans
