1722 2904
206 113 288 155 348

713 115 886 148 HORATII
911 114 1137 148 CARMINUM

702 506 1018 548 cmm
1050 507 1159 547 m.

433 654 596 696 Iustum
627 657 669 694 et
698 657 896 694 tenacem
925 650 1136 708 propositi
1166 651 1306 694 virum

291 786 346 818 111.
381 786 490 818 Inscr.
515 783 606 825 volg.
642 783 694 816 Aa
715 783 893 815 Caesarem
917 782 1114 824 Auyustum.
1142 799 1179 806 -
1203 782 1256 815 Aa
1275 784 1390 817 Musas
1410 784 1451 817 de
1469 783 1616 827 damasco

247 835 284 868 b.
307 854 344 859 —-
361 835 412 868 Ad
435 835 614 876 Quirinum
634 834 703 866 siva
724 833 901 866 Romulum
924 832 958 864 S.
979 850 1016 855 —
1033 832 1084 864 Aa
1104 831 1291 874 Augustum
1312 833 1350 866 T.
1377 851 1414 856 —
1429 833 1481 866 Ad
1500 835 1617 868 Musas

247 887 286 918 de
306 885 454 927 Augusto
478 885 535 925 qui
556 885 592 916 in
609 883 782 925 proposito
807 883 941 915 videtur
962 891 1181 923 perseverare
1202 891 1233 915 c.
1262 901 1300 907 —
1340 883 1372 916 4.
1395 882 1437 925 et]
1461 893 1503 916 ac
1524 885 1549 917 F
1572 893 1616 917 ex

246 935 490 978 porphyrione
513 935 549 967 in
571 934 758 974 lemmate,
783 932 849 966 sed
871 932 968 966 idem
991 932 1107 966 schol.
1133 942 1216 966 mox
1237 937 1280 974 et,
1304 935 1345 967 ut
1366 933 1480 968 Codd.
1505 935 1588 968 mei.

248 1056 304 1087 111.
342 1054 585 1086 Constantiam
610 1054 647 1085 et
668 1052 912 1085 fortitudinem

203 1104 368 1137 Romanis
392 1105 575 1144 tamquam
597 1103 809 1144 praecipuas
833 1110 913 1134 ma-

202 1155 318 1186 iorum
340 1154 500 1193 virtutes,
527 1153 632 1185 nimis
655 1162 674 1184 a
691 1153 765 1185 suis
781 1160 913 1193 aequa—

202 1203 294 1236 libus
341 1201 543 1244 neglectas,
591 1202 911 1235 commendaturus

202 1252 365 1295 exempla
389 1251 560 1293 Pollucis,
587 1251 767 1292 Herculis,
794 1245 911 1284 Liberi

200 1303 328 1345 patris,
361 1303 510 1344 propter
539 1301 614 1334 illas
640 1302 736 1344 ipsas
759 1301 911 1333 virtutes

201 1350 295 1385 inter
327 1352 415 1384 deos
450 1353 697 1393 receptorum,
723 1350 908 1393 proponit;

201 1402 333 1444 quibus
379 1401 573 1435 admodum
616 1401 739 1433 dextre
786 1399 909 1442 paucis

201 1452 339 1492 verbis,
373 1460 418 1484 ne
447 1451 555 1484 nimia
588 1450 716 1483 evadat
739 1448 906 1489 adulatio,

202 1502 326 1534 inserit
346 1502 557 1542 Augustum.
604 1500 801 1533 Plurimum
819 1508 907 1531 vero

202 1553 411 1585 immoratur
455 1552 490 1583 in
534 1550 673 1584 Romuli
717 1549 905 1589 laudibus,

202 1602 317 1641 euius,
350 1603 390 1633 ut
411 1601 459 1633 ita
482 1601 616 1641 dicam,
647 1596 908 1646 ἀντίστροφος

202 1653 279 1684 erat
308 1652 504 1692 Augustus,
541 1650 630 1683 alter
664 1650 804 1692 imperii
837 1650 908 1682 Ro-

201 1701 296 1734 mani
319 1700 493 1741 conditor,
518 1702 625 1742 atque
643 1709 711 1742 per
726 1699 907 1741 quendam

200 1751 363 1793 poeticae
386 1751 606 1792 φαντασίας
628 1750 774 1793 plenum
796 1750 910 1791 impe-

201 1803 278 1833 tum
302 1801 332 1842 (a
349 1810 421 1842 quo
436 1810 471 1834 v.
501 1801 555 1833 69.
582 1809 621 1834 se
648 1801 725 1842 ipse
749 1798 904 1838 revocat)

201 1851 344 1892 exponit
367 1849 495 1884 elatam
519 1860 562 1883 ac
586 1849 777 1883 sublimem
800 1851 909 1882 Iuno-

201 1901 255 1934 nis
293 1899 338 1933 de
376 1900 524 1933 Romulo
559 1900 604 1933 ad
643 1901 783 1933 ceteros
817 1899 906 1931 deos

201 1951 410 1984 orationem.
449 1950 574 1992 (Quam
598 1950 745 1992 quidem
766 1950 907 1991 partem

201 2001 367 2033 carminis
402 2009 488 2033 sane
523 2000 763 2033 necessariam
796 1998 905 2031 fuisse

201 2050 281 2083 ideo
298 2050 454 2083 maxime
471 2050 641 2092 equidem
656 2049 787 2088 iudico,
806 2048 903 2090 quod

200 2097 356 2143 γνώμας
389 2108 448 2132 vv.
475 2099 607 2132 4-46.
645 2099 711 2131 etsi
743 2098 906 2138 imagini-

200 2149 270 2182 bus
293 2148 427 2190 aliquot
449 2150 591 2181 ornatas
614 2149 649 2181 in
672 2149 746 2180 tam
761 2146 904 2180 sublimi

202 2200 359 2232 carmine
406 2199 571 2241 excipere
610 2197 768 2231 debebat
803 2196 903 2230 locus

201 2259 286 2282 vere
311 2258 394 2282 cum
418 2249 580 2291 poeticus
603 2249 680 2281 tum
703 2248 811 2280 etiam
827 2256 905 2280 ora—

201 2299 331 2338 torius,
361 2300 508 2341 propter
531 2299 600 2331 hoc
623 2299 740 2340 ipsum
763 2297 809 2330 ad
832 2298 903 2329 Ro-

202 2357 390 2380 manorum
414 2349 593 2389 ingenium
617 2356 725 2389 quam
748 2347 902 2380 maxjme

201 2397 407 2438 appositus;
454 2406 563 2438 quem
598 2398 658 2439 qui
691 2397 902 2439 praesertim

201 2448 347 2488 propter
369 2446 612 2488 inaequalem,
643 2449 683 2480 ut
706 2446 903 2489 opinaban-

201 2498 277 2535 tur,
303 2496 347 2528 ad
372 2498 534 2529 ceterum
557 2500 702 2529 carmen
726 2497 902 2529 rationem

202 2555 244 2578 ac
279 2545 459 2586 quandam
494 2548 529 2578 et
571 2547 829 2579 sententiarum
867 2547 904 2579 et

201 2595 395 2628 verborum
418 2595 689 2628 redundantiam
722 2596 902 2637 vitupera—

202 2646 301 2683 runt,
327 2644 528 2678 libertatem
552 2646 696 2687 vimque
720 2644 821 2686 lyrici
843 2654 903 2687 ge-

202 2696 295 2728 neris
320 2704 401 2728 sese
425 2704 552 2738 parum
575 2704 682 2728 nosse
707 2695 800 2729 clare
823 2704 904 2738 pro-

961 1051 1045 1085 fessi
1068 1052 1174 1094 sunt.)
1220 1052 1294 1085 Hac
1321 1053 1400 1095 ipsa
1422 1053 1582 1086 oratione
1603 1054 1660 1088 in-

961 1101 1091 1134 ductus
1115 1103 1172 1134 est
1186 1101 1319 1135 Merula
1330 1127 1338 1142 ,
1363 1103 1403 1134 ut
1416 1102 1517 1135 Ennii
1531 1111 1659 1137 versus

961 1150 1130 1185 disiectos
1167 1152 1215 1184 ita
1253 1154 1487 1194 componeret
1532 1152 1656 1187 Annal.

962 1200 1036 1233 Lib.
1067 1201 1096 1234 i.
1134 1210 1170 1244 p.
1200 1201 1276 1235 430.
1305 1203 1432 1235 Hess.:
1479 1203 1661 1244 Respondet

959 1251 1042 1283 Iuno
1075 1252 1240 1284 Saturnia
1271 1255 1390 1284 sancta
1420 1253 1579 1286 deam:
1605 1270 1659 1278 --

959 1301 1118 1333 Romulus
1149 1302 1186 1334 in
1210 1302 1303 1334 caelo
1329 1311 1406 1334 cmm
1431 1302 1483 1335 dis
1501 1303 1660 1345 genitali-

959 1349 1019 1382 bus
1047 1360 1164 1383 aevom
1183 1352 1317 1394 Deqat:
1348 1360 1431 1385 cum
1456 1353 1555 1395 prior
1579 1361 1661 1386 ver-

959 1400 1091 1434 siculus
1119 1410 1139 1433 a
1169 1400 1340 1434 Columna
1373 1403 1527 1435 reiectus
1555 1402 1659 1436 sitin

958 1452 1048 1483 Ann.
1073 1451 1149 1484 Lib.
1176 1451 1208 1484 6.
1256 1452 1390 1485 Verum
1421 1461 1506 1485 cum
1534 1461 1592 1486 res
1614 1453 1660 1486 sit

957 1509 1105 1542 prorsus
1139 1502 1290 1542 incerta,
1329 1502 1480 1535 Ennium
1513 1502 1659 1535 Horatio

957 1552 1038 1583 ante
1074 1550 1197 1584 oculos
1219 1551 1327 1584 fuisse
1351 1551 1570 1584 contendere
1592 1561 1660 1585 no-

957 1599 1030 1633 lim.
1085 1601 1188 1640 Quod
1221 1602 1342 1634 autem
1373 1602 1548 1634 Iunonem
1584 1603 1659 1634 tam

958 1659 1085 1683 severe
1109 1651 1276 1684 Romanis
1307 1650 1521 1684 interdicere
1546 1651 1656 1694 fingit,

957 1709 1003 1732 ne
1045 1709 1204 1742 unquam
1248 1701 1437 1733 restituant
1475 1701 1657 1743 antiquam

956 1749 1052 1782 illam
1074 1751 1215 1783 Troiam
1249 1750 1332 1792 (non
1362 1749 1460 1791 quod
1482 1751 1568 1783 tunc
1589 1750 1659 1784 flo-

957 1799 1062 1832 rebat
1097 1799 1228 1841 Ilium),
1268 1800 1306 1832 id
1339 1800 1507 1842 equidem
1541 1809 1586 1833 ex
1614 1809 1658 1833 eo

958 1848 1105 1882 ductum
1127 1851 1213 1891 puto
1226 1875 1234 1890 ,
1259 1849 1357 1891 quod
1379 1858 1465 1883 casu
1487 1848 1659 1883 recorda-

956 1900 1014 1932 tus
1043 1900 1140 1932 esset
1167 1898 1357 1941 aliquando
1387 1899 1478 1934 illius
1501 1899 1547 1932 de
1571 1900 1660 1933 Cae-

956 1957 1037 1981 sare
1060 1949 1214 1982 rumoris
1230 1974 1238 1989 ,
1263 1949 1363 1982 cuius
1385 1949 1548 1982 meminit
1568 1949 1659 1982 Sue—

956 1999 1073 2031 tonius
1097 1998 1200 2031 Caes.
1225 1998 1301 2039 79„
1330 1998 1394 2031 uhi
1415 1999 1509 2031 inter
1530 2006 1658 2032 causas

956 2047 1077 2081 caedis
1089 2048 1253 2081 Caesaris
1264 2048 1357 2081 hanc
1369 2056 1514 2090 quoque
1529 2047 1655 2081 refert:

957 2097 1045 2137 Quin
1077 2097 1178 2130 etiam
1210 2097 1314 2130 varia
1344 2098 1441 2140 fama
1467 2097 1660 2138 percrebuit

954 2147 1183 2189 migraturum
1211 2147 1454 2180 Aleoewndm'mn
1479 2147 1532 2180 vel
1559 2147 1658 2180 Ilium

954 2197 1128 2229 translatis
1160 2197 1260 2229 simul
1290 2196 1406 2238 opibus
1434 2197 1568 2238 imperii
1589 2205 1656 2230 ex-

954 2246 1138 2287 hamusque
1169 2247 1272 2279 Italia
1305 2246 1479 2280 delentibus
1511 2249 1543 2279 et
1568 2252 1656 2287 praa

954 2297 1127 2329 cua-atione
1177 2296 1272 2329 Urbis
1318 2296 1436 2329 micis
1479 2296 1654 2337 permissa.

954 2347 1032 2379 Non
1067 2346 1165 2388 quod
1205 2346 1404 2387 Augustus,
1457 2345 1658 2379 dominator

957 2396 1060 2429 nimis
1095 2394 1242 2429 callidus
1280 2404 1323 2428 ac
1360 2395 1536 2438 prudens,
1586 2395 1657 2428 hoc

954 2445 1050 2478 idem
1086 2444 1272 2479 consilium
1307 2453 1466 2487 unquam
1495 2444 1654 2487 agnum

954 2494 1088 2528 nullum
1123 2495 1218 2528 enim
1251 2495 1356 2528 huius
1385 2495 1438 2528 rei
1467 2494 1657 2536 vestigium

953 2545 1058 2578 nobis
1081 2546 1264 2578 servatum
1289 2545 1361 2584 est,
1387 2553 1455 2578 nec
1477 2543 1653 2589 profecto,

953 2596 982 2628 si
1017 2596 1086 2628 hoc
1126 2596 1243 2628 animo
1284 2593 1469 2635 volvisset,
1518 2593 1651 2627 Horatii

954 2646 1031 2678 erat
1054 2646 1085 2678 ei
1110 2644 1179 2678 tale
1202 2645 1424 2687 propositum
1439 2643 1596 2677 carmine
1619 2643 1656 2676 in

953 2694 1077 2737 volgus
1112 2695 1207 2728 edito
1242 2693 1469 2732 dissuadere;
1505 2692 1587 2733 sed,
1619 2693 1655 2725 ni
