1722 2904
555 35 632 68 Lm.
658 34 712 66 IV.
762 34 799 67 C.
826 33 895 67 XV.

1435 32 1516 73 625

300 139 412 182 lnter
442 138 574 182 iocosi
604 151 783 182 munera
810 137 951 181 Liberi

362 219 468 262 Cum
498 218 618 276 prole
648 218 939 276 matronisque
970 219 1146 266 nostris.

417 299 508 343 Rite
539 299 646 343 deos
676 299 795 356 prius
825 299 1064 357 apprecati.

299 404 459 448 Virtute
489 404 654 448 functos
682 417 803 448 more
830 410 998 461 patrum
1028 403 1163 447 duces

303 483 435 542 Lydis
465 485 644 527 remixto
674 485 862 527 carmine
897 483 1010 528 tibiis

1462 486 1518 525 30

357 564 613 620 Troiamque
642 571 686 607 et
712 563 925 608 Anchisen
953 572 997 609 et
1024 563 1162 608 almae

417 645 673 701 Progeniem
696 645 878 706 ‘Veneris
909 658 1126 689 canemus.

78 804 214 840 lehi-ata
245 807 310 840 est.
339 821 374 829 -
400 805 510 847 Lydis]
535 805 646 847 Epod.
670 806 708 845 9,
739 807 772 838 5.

78 856 196 898 Eurip.
212 854 341 888 Bacch.
360 854 443 887 ⁴26:
466 850 550 886 Ἀνὰ
565 852 606 887 δὲ
627 851 775 894 βάκχια

78 901 254 948 συντόνῳ
285 903 463 961 Κέρασαν
496 899 648 948 ἧδυβόᾳ
675 904 775 950 Φρυ-

78 955 170 998 γίων
192 949 325 987 Αὐλῶν
339 950 536 995 πνεύματι.
562 952 659 986 Plato
675 952 772 986 Polit.

78 1003 110 1037 3.
128 1012 165 1046 p.
193 1003 269 1036 398.
287 1002 346 1035 E.:
383 1003 489 1043 Τίνες
511 995 581 1035 οὖν
602 1001 775 1044 μαλακαί

77 1062 120 1085 τε
133 1052 200 1086 καὶ.
213 1049 445 1094 ξυμποτικαὶ
459 1048 536 1084 τῶν
553 1047 774 1097 ἁρμονιῶν;

75 1097 204 1142 ’,Ιαστί
228 1095 255 1144 ἧ
276 1099 309 1133 δ’
334 1096 391 1142 ὅς,
415 1101 481 1134 καὶ
502 1099 661 1141 λυδιστί,
678 1100 775 1134 αἴτι-

78 1161 142 1192 νες
162 1161 188 1191 χ
350 1147 569 1184 καλοῦντοα.
612 1148 776 1192 Ταύταις

79 1194 169 1241 οὖν,
193 1211 224 1232 ω
246 1198 353 1241 φίλε,
381 1199 445 1233 ἐπὶ
466 1198 683 1243 πολεμικῶν
705 1197 775 1232 ἀν-

78 1247 179 1306 δρῶν
209 1245 294 1282 ἴσθ’
326 1244 352 1282 ὅ
385 1259 421 1282 τι
454 1247 613 1296 χρήσει,·
652 1246 776 1283 Οὐδα-

79 1297 186 1343 μῶς,
221 1308 323 1342 εφη,
358 1295 455 1331 ἀλλὰ
477 1296 687 1332 κινδυνεύει
710 1309 775 1332 σοι

79 1347 234 1396 δωριστὶ
263 1346 462 1382 λείπεσθαι
491 1349 559 1382 καὶ
580 1351 772 1394 φρυγιστί.

79 1398 185 1431 Arist.
201 1396 301 1430 Polit.
323 1398 356 1438 7,
369 1397 402 1436 8,
416 1398 456 1430 7:
484 1396 553 1430 Δεῖ
561 1396 637 1431 τῶν
651 1396 777 1431 τοιού-

79 1456 155 1480 των
169 1443 365 1493 ἁρμονιῶν
389 1441 580 1480 ἅπτεσθαι
594 1466 615 1473 -
629 1467 650 1473 -
664 1444 720 1480 ετι
734 1446 776 1481 δὲ

80 1494 186 1538 εἴτις
199 1496 282 1529 ἐστι
294 1493 454 1539 τοιαύτη
474 1494 551 1529 τῶν
565 1493 773 1554 ἁρμονιῶν,

81 1541 107 1588 ἢ
130 1546 278 1604 πρέπει
287 1543 344 1592 ’τῇ
374 1546 451 1578 τῶν
479 1544 623 1579 παίδων
647 1543 775 1590 ἡλικίᾳ

79 1591 144 1628 διὰ
164 1591 211 1628 τὸ
232 1581 424 1628 δύνασθαι
443 1593 598 1639 κόσμον
617 1597 649 1629 τ’
671 1592 776 1636 ἔχειν

80 1638 166 1688 ἅμα
197 1644 265 1678 καὶ
297 1643 490 1685 παιδείαν,
530 1641 616 1679 οἷον
647 1642 674 1689 ἤ
707 1644 776 1679 λυ-

81 1693 183 1727 διστὶ
216 1694 396 1735 φαίνεται
431 1695 663 1729 πεπονθέναι
698 1693 776 1739 μά-

9 1751 16 1756 ·
81 1742 194 1777 λιστα
214 1741 291 1776 τῶν
312 1741 519 1791 ἁρμονιῶν.
543 1745 677 1786 Lydiae
692 1746 777 1778 har-

16 1806 17 1809 *
82 1793 221 1827 moniae
254 1801 343 1826 usus
381 1795 458 1827 erat
492 1796 705 1837 praesertim
741 1795 777 1827 in

83 1841 406 1885 supplicationibus.
446 1843 544 1875 Pind.
570 1843 710 1886 Olymp.
734 1842 775 1884 5,

84 1891 143 1924 ⁴9:
178 1889 270 1931 Ζεῦ,
287 1910 343 1917 --
353 1888 493 1933 Ἱκέτας
522 1892 636 1925 σέθεν
663 1902 778 1950 ερχο-

81 1949 159 1983 μαι
188 1939 340 1982 Λυδίοις
376 1937 511 1974 ἀπύων
550 1941 593 1975 ἐν
629 1939 775 1983 αὐλοῖς.

84 1990 249 2024 Carmina
271 1993 392 2024 tamen
413 1990 471 2023 ina
493 1991 529 2024 in
550 1991 694 2024 laudem
712 2000 779 2024 ve-

85 2040 202 2072 terum
234 2039 368 2073 ducum
402 2041 642 2073 Romanorum
669 2040 780 2082 Lydia

825 807 920 839 enim
936 807 1081 839 minime
1098 805 1263 846 curabat.
1286 816 1358 849 quo
1374 808 1520 846 tandem

824 857 992 897 quattuor
1016 855 1282 890 harmoniarum
1304 858 1520 892 Graecarum

824 914 956 946 genere
990 906 1125 938 cantica
1158 906 1224 939 ista
1247 906 1451 940 citarentur.
1481 926 1517 932 —-

823 955 979 995 romi-tto]
1003 955 1044 988 Α.
1067 956 1105 988 P.
1131 955 1212 988 ⁴5⁴:
1247 956 1295 988 sic
1315 957 1403 989 ver-is
1431 957 1521 999 falsa

823 1004 983 1036 νοητὴ-σεε.
1022 1004 1098 1037 Hoc
1121 1012 1265 1046 quoque
1287 1014 1322 1038 v.
1341 1005 1401 1038 tali
1416 1007 1522 1048 signi-

824 1053 987 1085 ficatione
1016 1061 1082 1095 pro
1111 1055 1308 1094 permiscere
1329 1053 1426 1089 solus
1448 1056 1522 1089 Ho—

824 1102 933 1134 ratius
964 1110 1051 1135 usus
1081 1102 1233 1135 videtur.
1286 1103 1422 1137 Seneca
1455 1105 1519 1147 Ep.

824 1151 879 1183 7⁴.
904 1153 1051 1193 usurpat
1080 1160 1146 1193 pro
1167 1160 1286 1185 rursus
1305 1152 1453 1186 misem-e.
1481 1173 1518 1179 —

823 1201 945 1241 almae]
973 1202 1189 1243 perpetuum
1217 1201 1366 1235 Veneris
1394 1201 1523 1236 ἐπιθε-

824 1259 903 1282 τον.
941 1251 1083 1283 Lucret.
1114 1251 1150 1290 ⁴,
1186 1251 1219 1283 2.
1258 1270 1294 1275 —
1328 1253 1524 1294 Progeniem

827 1299 1152 1342 Veneris1„Aeneam
1174 1309 1217 1333 ac
1244 1301 1356 1334 totam
1378 1303 1522 1343 gentem

824 1348 947 1381 Iuliam
962 1357 982 1381 a
998 1347 1090 1388 Iulo,
1114 1349 1263 1382 Veneris
1286 1352 1436 1392 nepote,
1461 1359 1523 1383 or-

824 1399 909 1430 tam.
948 1416 984 1421 —
1020 1395 1141 1431 Venus
1170 1398 1351 1437 *Anchisen
1388 1400 1423 1432 in
1463 1399 1522 1432 Ida

824 1448 946 1480 monte
969 1448 1088 1480 visens
1112 1448 1328 1490 conspicitur
1357 1449 1394 1481 in
1417 1457 1523 1490 egre-

825 1497 880 1537 gio
911 1504 1021 1538 opere
1051 1497 1187 1530 caelato
1218 1497 1315 1539 apud
1346 1497 1522 1540 Millingen

823 1546 903 1578 Aac.
926 1547 1018 1579 Mon.
1043 1547 1084 1578 11.
1117 1547 1170 1579 ⁴2.
1205 1546 1396 1588 Inghirami
1430 1547 1519 1580 Gall.

825 1595 897 1627 Om.
922 1595 949 1627 1.
974 1596 1012 1627 T.
1030 1594 1084 1628 54.
1113 1613 1150 1619 —
1186 1596 1356 1629 Ceterum
1376 1597 1524 1638 Augusti

825 1644 949 1677 laudes
976 1644 1022 1676 ab
1051 1645 1197 1677 Horatio
1223 1646 1424 1687 propositas
1448 1645 1523 1679 ele-

825 1695 949 1735 ganter
963 1694 1011 1726 ita
1026 1693 1232 1736 complexus
1248 1696 1303 1728 est
1324 1696 1361 1728 in
1375 1703 1522 1728 nummo

825 1752 890 1776 suo
903 1744 939 1776 L.
954 1743 1141 1777 Mescinius
1162 1743 1269 1777 Rufus
1293 1745 1416 1777 111.vir
1431 1744 1526 1788 apud

825 1793 943 1825 Riccio
971 1793 1019 1825 M.
1045 1793 1083 1825 F.
1110 1793 1149 1825 R.
1177 1802 1213 1834 p.
1243 1792 1326 1826 ⁴45:
1362 1795 1388 1826 I.
1412 1794 1450 1826 Ο.
1474 1795 1522 1827 Μ.

826 1843 861 1875 S.
878 1843 914 1875 P.
934 1843 971 1883 Q.
993 1843 1031 1875 R.
1061 1843 1096 1874 V.
1114 1843 1149 1874 S.
1166 1843 1230 1875 PR.
1255 1843 1291 1875 S.
1316 1844 1402 1877 ΙΜΡ.
1429 1843 1521 1876 CAE.

828 1892 956 1933 QVOD.
988 1892 1081 1924 PER.
1112 1892 1181 1924 EV.
1207 1893 1246 1925 R.
1278 1893 1314 1926 P.
1338 1893 1397 1925 IN.
1420 1892 1520 1926 ΔΜΡ.

826 1941 920 1982 ATQ.
958 1940 1079 1973 TRAN.
1115 1941 1151 1973 S.
1186 1941 1223 1974 E.
1284 1942 1364 1983 (Iovi
1400 1942 1523 1982 optimo

826 1991 978 2023 mam'mo
1009 1990 1153 2023 Senatus
1170 1991 1377 2031 populusque
1397 1991 1525 2023 Roma-

827 2049 909 2079 nus,
945 2043 1021 2072 voto
1042 2042 1190 2080 suscepto
1206 2049 1274 2080 pro
1295 2040 1401 2072 salute
1422 2040 1526 2081 impe-

58 2131 64 2136 ἢ
83 2087 268 2121 harmonia
289 2089 448 2122 canenda
470 2090 527 2122 vix
556 2090 650 2122 serio
673 2090 777 2130 dixit,
826 2089 955 2122 ratoris
969 2088 1143 2128 Caesaris,
1169 2090 1257 2129 quod
1274 2098 1338 2130 per
1359 2098 1435 2122 eum
1455 2098 1524 2123 res-

84 2138 124 2170 ut
153 2136 271 2171 multis
300 2138 457 2178 videtum
492 2138 558 2171 sed
579 2139 680 2179 Lydis
701 2147 781 2171 me·
824 2137 961 2179 publica
1003 2138 1040 2169 in
1084 2138 1248 2179 ampliore
1292 2141 1394 2179 atque
1425 2142 1523 2171 tran-

85 2193 165 2219 rum
188 2188 242 2219 est
256 2186 433 2221 ἐπίθετον
455 2189 646 2230 poeticum.
674 2189 779 2220 Po'eta
802 2206 807 2229 ι
830 2187 931 2228 quiue
952 2189 1043 2220 statu
1064 2187 1139 2228 est.)

208 2652 327 2682 Homr.
350 2660 422 2682 vot.
446 2653 466 2682 1.
509 2661 560 2682 ει).
584 2660 682 2683 »mon
706 2653 750 2681 ΙΙΙ.
