1722 2904
205 93 286 135 458

725 94 896 126 HORATII
918 93 1142 127 CARMINUM

429 198 634 254 Sparsum
664 196 854 240 odoratis
886 197 1110 241 humerum
1143 198 1328 256 capillis,

431 278 578 329 Qualis
610 285 683 321 aut
710 278 863 322 Nireus
894 278 969 321 fuit
999 286 1071 322 aut
1101 293 1264 337 aquosa

1593 278 1645 321 ⁴5

596 361 757 416 Raptus
788 359 842 403 ab
873 360 960 403 Ida.

289 481 339 512 45.
367 489 485 512 nereus
511 479 546 511 T.

201 587 274 625 quis
314 586 349 617 in
382 585 463 617 urbe
486 602 505 607 -
530 603 548 608 -
571 585 724 617 subsellia
751 586 898 625 posuisse

199 637 349 668 sedensve
383 636 477 667 ludos
507 638 654 675 spectare
683 635 788 667 vellet.
836 635 898 666 Vi-

200 685 328 717 delicet
349 684 570 726 praecedunt
592 685 626 716 in
649 686 801 725 utroque
818 683 896 716 loco

199 735 355 767 actiones
389 734 553 774 posuisse,
595 734 761 774 posuisse,
809 732 897 766 sub—

200 786 397 825 sequuntur
418 793 590 823 recreare,
615 787 774 824 spectare.
824 782 894 816 Cfr.

199 836 312 867 Haase
343 835 378 866 in
410 834 526 875 Reisig
557 835 594 866 L.
625 835 681 866 Gr.
713 842 792 875 pag.
819 833 893 865 500.

198 883 359 916 Nonnulli
390 892 527 915 meram
557 891 636 915 esse
667 883 896 928 περίφρασιν

199 934 385 975 opinantur
408 941 489 974 pro:
517 934 635 974 «ponit
658 934 693 964 et
715 934 894 970 recreat3»

199 984 329 1025 quippe
346 992 426 1015 cum
447 983 552 1015 totius
569 983 772 1015 certaminis
788 991 895 1015 scena

198 1034 243 1066 sit
264 1034 299 1066 in
322 1033 533 1075 praesentia.
581 1032 826 1074 Significantur
846 1034 897 1064 ta-

197 1092 279 1115 men
310 1084 547 1124 spectatores,
583 1083 643 1124 qui
675 1091 800 1115 omnes
824 1091 894 1114 non

197 1134 271 1166 sine
303 1132 535 1165 admiratione
566 1132 610 1164 de
641 1130 894 1165 adolescentuli

196 1182 332 1215 fastidio
356 1182 447 1214 inter
470 1191 509 1214 se
537 1181 835 1223 colloquebantur
859 1183 895 1214 et

195 1235 279 1265 tunc
304 1233 339 1264 et
361 1233 497 1274 postea.

239 1282 291 1315 44.
327 1282 486 1323 odoratis]
522 1289 603 1314 rosa
633 1282 669 1313 et
691 1282 890 1322 unguentis.

196 1333 362 1371 «Quietus
397 1331 482 1363 dum
517 1331 650 1370 adstat,
688 1339 795 1362 aurae
830 1339 893 1363 co-

194 1391 272 1414 mas
295 1390 378 1414 suas
394 1390 459 1423 per
474 1381 643 1413 humeros
659 1380 788 1413 effusas
804 1388 894 1412 ven-

195 1431 292 1464 tilare
317 1431 524 1473 permittit.»
555 1431 778 1463 Chaeremon
798 1430 891 1472 apud

194 1481 428 1520 Athenaeum,
443 1490 477 1522 p.
491 1481 554 1513 608
564 1481 612 1513 d.:
631 1477 760 1522 Κόμαι
775 1479 816 1512 δὲ
828 1491 894 1523 κη-

195 1529 384 1578 ροχρῶτες
410 1527 462 1571 ὦς
488 1527 711 1574 ἀγάλματος
734 1526 892 1563 Αὖτοῖσι

194 1579 471 1627 βοστρύχοισιν
481 1579 788 1623 ἑκπεπλασμέναι
796 1580 894 1614 Ξου-

193 1631 323 1663 θοῖσιν
342 1628 500 1673 ἀνέμοις
516 1628 732 1677 ἐνετρύφων
750 1629 894 1677 φορού-

193 1690 316 1723 μεναι.
335 1683 385 1713 De
399 1680 539 1713 flabello
551 1680 620 1712 noli
638 1681 804 1722 cogitare,
820 1689 893 1712 ma-

193 1732 286 1763 xime
310 1732 457 1772 propter
479 1741 512 1763 v.
539 1731 615 1770 leni,
654 1739 736 1763 cum
768 1732 891 1763 contra

194 1780 334 1812 flabello
357 1781 526 1822 agitentur
549 1789 668 1812 aurae.

239 1830 290 1861 45.
330 1830 381 1862 46.
418 1831 554 1872 Nireus]
591 1829 687 1862 Iliad.
723 1828 768 1869 β,
805 1830 890 1861 673:

193 1877 346 1925 Νιρεύς,
383 1876 427 1921 ὃς
455 1877 659 1920 κάλλιστος
686 1876 786 1925 ἀνὴρ
815 1875 891 1912 ὑπὸ

935 579 1052 616 Ἴλιον
1103 578 1220 627 ἦλθεν

1274 583 1357 618 Τῶν
1404 579 1529 618 ἄλλων
1569 585 1645 619 Λα-

948 632 1051 666 ναῶν
1094 634 1172 676 μετ“
1210 630 1396 678 ἀμύμονα
1431 634 1642 678 Πηλείωνα.

949 685 1096 724 Quintus
1127 686 1199 717 Sm.
1226 685 1263 725 7,
1289 686 1325 717 7.
1363 685 1482 731 Νιρέα
1513 685 1565 726 θ’,
1601 682 1646 727 ὃς

946 732 1188 791 μακάρεσσιν
1233 730 1488 779 ἀειγενέεσσιν
1533 733 1644 779 ἐώκει

947 781 1088 816 Koma*
1112 784 1141 816 τ’
1163 780 1303 832 ἀγλαιη
1330 794 1389 817 τε·
1424 783 1492 832 βίῃ
1515 783 1546 817 δ’
1571 781 1644 818 οὐκ

946 826 1149 876 α’λκιμοςς
1123 843 1202 877 ηεν.
1227 834 1280 867 Ab
1293 834 1473 876 Eurypylo
1486 835 1644 868 occisum

947 883 1030 916 dicit
1045 884 1140 916 idem
1164 884 1201 924 6,
1220 884 1295 916 372.
1326 883 1486 916 Gerhard
1503 878 1642 926 Vaseriy

945 934 1001 966 111.
1031 934 1068 966 T.
1103 934 1291 966 CCXXVII.
1338 934 1451 976 Epod.
1488 934 1547 975 45,
1579 934 1641 966 22:

944 984 1132 1039 Fcrmaque
1152 984 1268 1016 vincas
1288 984 1406 1017 Nirea.
1437 1002 1474 1008 —
1503 984 1641 1026 aquosa]

946 1026 1121 1067 Homerus
1155 1031 1369 1076 πιδήεσσαν
1401 1034 1507 1067 vocat
1543 1033 1639 1067 Iliad.

943 1081 984 1123 λ,
1011 1083 1084 1116 483.
1111 1085 1147 1116 et
1180 1083 1367 1125 aliquoties
1398 1082 1640 1117 πολυπίδακα

943 1133 1096 1166 maxime
1113 1134 1261 1175 propter
1275 1133 1494 1166 Simoentem
1511 1134 1547 1166 et
1561 1133 1643 1167 Sca-

944 1182 1144 1214 mandrum.
1168 1201 1204 1205 —
1229 1183 1371 1224 Raptus]
1397 1182 1640 1224 Ganymedes,

943 1235 1065 1274 raptus
1089 1233 1243 1274 primum
1267 1241 1287 1264 a
1310 1231 1454 1265 Tantalo
1479 1232 1589 1274 (Oros.
1609 1234 1640 1273 4,

943 1282 1009 1323 42.)
1046 1290 1242 1323 rursusque
1277 1291 1297 1314 a
1329 1283 1424 1315 love.
1461 1281 1558 1315 Iliad.
1595 1292 1640 1321 v.

942 1332 1017 1364 232.
1051 1331 1178 1364 Strabo
1211 1331 1264 1364 43.
1296 1340 1331 1374 p.
1357 1332 1433 1365 587.
1461 1350 1498 1356 —
1524 1333 1644 1374 Gany-

943 1381 1057 1414 medis
1087 1382 1209 1423 raptus
1241 1382 1296 1414 est
1325 1381 1366 1414 iu·
1392 1382 1535 1423 egregio
1563 1390 1643 1414 mo-

943 1432 1113 1462 numento
1137 1431 1224 1463 Mus.
1249 1431 1426 1464 Pio-Clem.
1452 1431 1508 1464 ΠΙ.
1530 1432 1567 1463 Τ.
1586 1430 1639 1464 49.

943 1481 1133 1522 Inghirami
1158 1480 1245 1513 Gall.
1271 1481 1342 1514 Om.
1367 1482 1393 1513 1.
1412 1481 1449 1514 T.
1467 1481 1515 1521 8.,
1541 1481 1642 1514 cuius

943 1529 1126 1572 exemplar
1149 1529 1275 1562 deberi
1297 1529 1438 1563 videtur
1456 1530 1639 1569 Leochari,

943 1588 1051 1620 quam
1067 1580 1182 1621 ipsam
1199 1580 1390 1621 imaginem
1409 1579 1641 1622 descripsisse

943 1630 1146 1662 existimant
1175 1630 1323 1662 Statium
1354 1629 1464 1662 Theb.
1492 1630 1529 1670 4,
1553 1628 1638 1662 548:

942 1680 1027 1711 Hinc
1048 1679 1212 1721 Phry-qius
1231 1680 1332 1721 fulvis
1353 1682 1493 1712 venator
1514 1678 1643 1712 tollitur

943 1729 1022 1767 alis:
1060 1730 1223 1771 Garqara
1253 1730 1404 1762 desidunt
1434 1728 1583 1771 surgenti
1610 1730 1642 1760 et

945 1780 1043 1812 Troia
1065 1780 1202 1818 recedit;
1237 1780 1335 1812 Stant
1356 1779 1473 1812 maesti
1494 1778 1638 1818 comites,

940 1831 1135 1871 frustraque
1145 1829 1301 1862 sonantia
1315 1830 1437 1861 lamam
1449 1829 1518 1860 Ora
1528 1836 1637 1867 canos,

941 1878 1159 1920 umbramque
1177 1882 1294 1920 petunt
1309 1882 1339 1911 et
1361 1879 1476 1911 nubila
1497 1878 1636 1910 latrant.

774 2283 1046 2299 l
