1722 2904
635 73 712 106 Lm.
739 73 794 104 111.

842 72 880 104 c.
906 71 993 104 xxi.
1460 68 1533 111 461

381 180 583 222 Promere
613 175 878 233 languidiora
908 175 1019 218 vina.

266 279 359 321 Non
387 277 477 327 ille,
508 289 767 334 quamquam
808 274 1036 318 Socraticis
1065 273 1208 316 madet

270 357 564 407 Semonibus,
596 363 637 400 te
667 355 865 413 negleget
892 342 1117 398 horridus:

1493 354 1540 395 ¹0

323 440 527 481 Narratur
555 444 598 480 et
626 436 753 494 prisci
785 435 956 479 Catonis

188 559 240 591 ιο.
265 558 411 599 ωριεροι
432 557 520 596 sTe,
544 554 690 589 Bentleii
711 554 890 597 plerique,
920 554 1050 587 LctFJ:
1081 554 1222 596 neglegit
1243 553 1378 596 Βι»,γμ,
1406 555 1494 586 pou.
1524 532 1526 534 ’

146 612 218 641 tres
228 634 236 648 ,
268 606 446 641 Bentleius
458 632 465 645 ,
496 607 540 639 Μ.

100 713 427 753 rem-amphoram.
445 731 481 734 —
492 711 619 743 iubente
628 710 793 752 Promere]

101 763 156 795 Sic
183 761 414 803 iungendum,
445 770 533 793 non:
573 760 738 793 Descende
752 776 795 783 —-

99 813 271 851 Pmmere,
296 812 355 843 «ut
366 818 546 852 promas.»
571 811 676 842 Recte
699 809 795 841 enim

99 861 248 893 Steiner:
263 861 318 892 «Si
329 868 484 900 promere
493 868 574 891 cum
586 859 794 900 imperativo

100 910 263 942 Descende
306 909 469 949 coniungi
506 907 674 940 voluisset
711 910 796 949 poe-

100 960 154 999 ta,
178 958 276 991 haud
300 957 407 990 dubie
435 958 635 999 scripsisset
664 957 797 998 tanqui-

102 1008 176 1040 clius
199 1008 332 1047 virumn,
356 1016 427 1039 non
453 1007 667 1048 languidiora
689 1007 793 1046 vina,

101 1066 184 1090 cum
197 1066 267 1089 una
282 1055 337 1089 illa
354 1057 456 1095 testa,
476 1064 583 1097 quam
594 1055 793 1097 alloquitur,

100 1106 201 1149 plura
225 1107 306 1138 vina
332 1106 513 1138 continere
541 1107 601 1136 aut
627 1113 793 1146 promere

100 1165 172 1189 non
196 1156 319 1198 possit.
358 1156 402 1187 At
416 1155 613 1187 rectissime
630 1163 669 1187 se
686 1154 795 1186 habet

99 1204 191 1247 plur.
214 1213 383 1238 numerus
405 1212 487 1236 cum
509 1213 542 1235 v.
561 1203 687 1235 iubente
712 1212 796 1235 con-

101 1256 260 1287 iunctus:
299 1253 484 1286 Descende
497 1278 505 1292 ,
531 1254 681 1285 Corvino
708 1262 795 1295 pos—

101 1305 203 1337 cente
228 1304 312 1336 vina
332 1301 569 1346 languidiora,
610 1302 712 1344 quale
741 1305 796 1336 est

103 1354 215 1392 istuc,
256 1351 417 1394 quadiu
442 1352 528 1384 mihi
553 1361 676 1384 servas
703 1353 795 1384 anti-

100 1402 344 1444 quissimum.»
371 1418 408 1423 —
432 1401 666 1442 languidiora]
699 1400 794 1433 bona

100 1451 370 1492 significatione,
396 1450 569 1482 «mitiora.
582 1463 597 1478 ι)
649 1450 700 1483 Cf.
729 1450 792 1483 Od.

137 1550 169 1582 9.
182 1550 235 1581 40.
259 1548 695 1588 «Socraticis-sermonibus,
710 1558 796 1590 qua-

100 1599 152 1632 les
166 1599 390 1641 reperiuntur
404 1599 557 1630 maxime
574 1599 668 1639 apud
685 1599 798 1631 Plato-

100 1651 185 1681 nem
200 1649 236 1680 et
249 1647 520 1689 Xenophontem
535 1648 571 1679 in
586 1648 793 1690 Symposiis,

101 1697 192 1730 adeo
214 1698 344 1737 madet,
379 1698 519 1738 penitus
546 1696 702 1729 imbutus
728 1699 792 1737 est,

101 1749 141 1780 ut
155 1756 278 1780 eorum
294 1747 452 1788 ipsorum
467 1746 618 1779 formam
629 1756 670 1778 ac
682 1748 795 1782 totum

101 1805 213 1838 genus
224 1796 297 1828 suis
309 1795 535 1828 sermonibus
550 1795 693 1836 referat,
712 1806 795 1830 cum

101 1846 193 1878 inter
234 1845 368 1877 amicos
412 1846 618 1878 versatur.»
666 1845 795 1879 Plinius

101 1895 188 1937 Epp.
213 1894 252 1934 3,
288 1895 349 1934 42,
387 1895 400 1926 4
422 1903 430 1925 z
468 1895 511 1926 sit
542 1896 718 1935 expedita,
754 1897 797 1928 sit

97 1953 208 1985 parca
244 1943 412 1985 (coena);
451 1944 631 1981 Socraticis
666 1948 796 1977 tantum

101 1993 304 2026 sermonibus
323 1993 484 2031 abundet3
510 1994 641 2026 etenim
664 1995 796 2027 Horatii

100 2043 211 2076 verba
233 2043 270 2075 in
289 2042 469 2084 proverbii
483 2052 594 2085 prope
610 2045 797 2076 consuetu-

102 2092 222 2125 dinem
242 2093 426 2124 venemnt.
453 2093 591 2124 Madere
612 2093 687 2125 sine
710 2094 798 2125 ima-

102 2142 181 2183 gine
204 2142 259 2173 est
283 2140 530 2173 «abundare».
578 2141 724 2174 Martial.
755 2143 767 2174 4
786 2168 793 2182 ,

102 2191 162 2231 39,
187 2190 227 2222 3:
252 2190 428 2230 Cecropiae
447 2191 601 2222 madidus
620 2191 797 2231 Latiaeque

102 2241 284 2279 Minenme,
300 2240 337 2271 id
349 2242 413 2279 est,
434 2240 490 2272 «in
500 2241 660 2282 utrisque
672 2240 796 2274 litteris

103 2288 254 2322 multum
264 2298 307 2321 ac
318 2298 425 2331 saepe
437 2291 632 2322 versatus.»
650 2290 750 2322 Idem
762 2290 793 2330 6,

104 2338 162 2379 44,
181 2339 194 2371 4
212 2348 220 2370 :
247 2339 352 2371 credis
365 2342 397 2370 te
410 2357 429 2362 -
443 2357 463 2362 -
481 2340 587 2371 solum
600 2340 704 2371 multo
715 2349 797 2380 per-

103 2388 269 2420 maduisse
289 2389 367 2420 sale.
406 2406 443 2411 —
474 2389 635 2430 neyleyet]
679 2391 794 2429 «tum,

103 2446 188 2470 cum
210 2437 305 2479 apud
326 2446 384 2470 me
408 2438 507 2469 erit.»
542 2439 659 2479 Longe
683 2439 796 2479 aptius

105 2487 160 2519 est
173 2495 281 2527 quam
294 2495 477 2528 praesens.
504 2487 559 2519 Sic
572 2487 727 2519 futurum
738 2497 794 2520 vv.

103 2536 158 2567 24.
183 2536 219 2567 et
240 2535 295 2567 23.
322 2554 359 2559 -
383 2535 547 2577 hom-iaus]
582 2536 705 2568 «nimis
734 2537 797 2568 tri-

105 2584 168 2616 stis
190 2593 232 2616 ae
253 2593 451 2617 morosus.»
489 2584 654 2618 Resolve:
680 2587 794 2625 «Non,

105 2634 293 2675 propterea
325 2633 420 2674 quod
454 2633 602 2667 fortasse
633 2634 796 2667 horridus

845 709 904 749 sit,
930 711 965 741 te
990 707 1186 750 negliget;»
1212 710 1250 740 ut
1272 708 1359 750 Epp.
1378 710 1413 748 4,
1439 710 1476 749 7,
1501 709 1537 741 2:

843 759 990 791 mendax
1011 759 1190 790 ἀθείαστον.
1220 758 1308 800 Epp.
1326 759 1364 797 2,
1390 759 1429 798 2,
1456 759 1537 791 495;

844 817 988 850 spargas
1008 811 1069 840 tua
1086 808 1260 849 prodigus.

889 858 941 890 44.
968 858 1021 889 42.
1048 858 1155 898 prisci
1178 857 1321 899 Catonis]
1347 857 1538 890 Censorius

844 908 878 939 h.
889 906 911 939 l.
929 907 1032 939 unice
1044 907 1147 948 aptus
1160 908 1232 945 est;
1255 915 1339 939 nam
1354 907 1383 940 is
1395 908 1541 948 propter

843 956 964 989 nescio
984 964 1094 997 quam
1115 955 1278 989 festivam
1293 956 1537 989 morositatem

843 1007 949 1046 atque
984 1004 1094 1037 multa
1136 1007 1172 1037 et
1209 1004 1326 1047 lepida
1365 1001 1541 1045 ἀποφθέ-

842 1063 971 1098 γματα
991 1063 1183 1096 personam
1198 1054 1345 1096 gerebat
1360 1055 1456 1097 apud
1469 1056 1540 1088 Ro-

843 1113 967 1136 manos
1003 1104 1221 1145 posteriores
1257 1104 1412 1138 mediam
1450 1105 1543 1137 inter

843 1154 1072 1187 severitatem
1095 1155 1131 1185 et
1146 1154 1277 1186 iocum.
1302 1154 1432 1187 Firmat
1446 1154 1540 1187 hanc

843 1203 1115 1245 explicationem
1137 1204 1223 1245 Epp.
1242 1204 1280 1243 2,
1304 1204 1342 1244 2,
1368 1204 1448 1236 446;
1478 1213 1541 1236 vo-

841 1252 962 1284 cabula
976 1270 996 1276 -
1010 1270 1030 1275 -
1043 1253 1166 1292 priscis
1190 1256 1376 1284 memorata
1404 1253 1541 1285 Catoni-

842 1302 911 1333 bus.
938 1302 1051 1341 Quam
1071 1302 1296 1334 Horatianam
1312 1302 1541 1335 consuetudi-

843 1360 926 1384 nem
949 1352 1073 1383 secuta
1096 1351 1203 1383 etiam
1232 1350 1382 1392 Sulpicia
1407 1353 1477 1384 Sat.
1502 1361 1536 1384 V.

843 1400 905 1433 48:
948 1401 1054 1441 prisci
1090 1401 1251 1432 sententia
1286 1401 1345 1432 dia
1382 1401 1537 1439 Catonis3

844 1451 978 1482 imitata
1012 1451 1066 1482 est
1099 1450 1194 1482 enim
1227 1450 1297 1482 Sat.
1329 1451 1367 1489 4,
1399 1451 1440 1490 2,
1471 1450 1537 1483 32;

843 1500 1003 1532 sentencia
1026 1499 1084 1530 dia
1099 1499 1242 1532 catonis.
1269 1499 1340 1532 Cfr.
1359 1498 1446 1531 plut.
1462 1501 1537 1532 Cat.

845 1549 928 1581 mai.
953 1549 1007 1580 25.
1026 1547 1150 1580 collato
1166 1549 1323 1589 Lessing.
1348 1549 1404 1581 ed.
1423 1550 1539 1581 Lach-

846 1607 953 1630 mann
974 1598 1030 1629 111.
1055 1606 1090 1639 p.
1117 1597 1192 1630 424.
1234 1598 1296 1638 (De
1318 1599 1470 1632 Uticensi
1483 1598 1541 1631 alii

845 1649 1075 1689 acceperunt,
1098 1648 1180 1688 quia
1195 1646 1283 1679 Plut.
1301 1648 1376 1680 Cat.
1394 1649 1479 1680 min.
1499 1649 1537 1680 6:

845 1694 1082 1743 προῖόντι·τῷ
1097 1693 1224 1742 χρόνῳ
1239 1693 1409 1738 μάλιστα
1424 1706 1542 1743 προσ-

844 1747 924 1779 ίετο
955 1747 1094 1784 πίνειν,
1140 1741 1239 1778 ὥστε
1282 1744 1466 1787 πολλάκις
1498 1746 1541 1779 ἐν

845 1794 936 1839 οἴνῳ
958 1793 1100 1838 διάγειν
1122 1796 1176 1836 εἰς
1199 1791 1352 1841 ὄρθρον.
1399 1797 1538 1828 Seneca

845 1845 890 1878 de
905 1844 1094 1886 Tranquill.
1113 1846 1149 1884 4,
1167 1846 1227 1877 45;
1254 1845 1335 1877 Cato
1347 1846 1425 1877 vino
1440 1846 1541 1878 laxa—

844 1895 901 1927 bat
936 1895 1086 1926 animum
1120 1895 1210 1926 curis
1236 1895 1379 1934 publicis
1409 1895 1540 1937 fatiya-

844 1949 925 1979 tum.
942 1963 962 1967 —
977 1962 996 1967 —
1012 1944 1129 1977 Catoni
1157 1944 1298 1976 ebrietas
1326 1944 1451 1977 obiecta
1478 1949 1538 1978 est.

844 1995 933 2028 Tum
950 1994 1055 2034 prisci
1079 1992 1252 2034 explicant
1277 1995 1442 2026 «severi»
1457 2020 1464 2034 ‚
1499 1995 1540 2027 ut

846 2043 968 2079 Catull.
986 2042 1133 2084 Epithal.
1154 2043 1234 2076 459.
1246 2044 1542 2085 priwipraecestta

839 2093 1003 2134 parentis.
1029 2093 1100 2125 Cic.
1117 2101 1182 2134 pro
1207 2092 1325 2125 Caelio
1349 2092 1407 2126 44:
1432 2102 1542 2126 severe

845 2146 876 2174 et
900 2142 1051 2183 graviter
1083 2145 1114 2173 et
1141 2142 1252 2181 prisce
1285 2150 1396 2183 ayere.
1442 2143 1537 2183 virg.

847 2192 964 2233 Copae
986 2201 1020 2223 v.
1052 2190 1113 2224 34:
1147 2191 1197 2223 Ah
1220 2195 1351 2232 pereat,
1384 2193 1438 2224 cai
1465 2195 1541 2224 sum

843 2242 955 2281 prisca
984 2240 1181 2281 supercilia!
1226 2241 1311 2281 Sed,
1346 2243 1385 2273 ut
1414 2249 1541 2274 verum

846 2289 972 2330 fatear,
1008 2291 1047 2321 ut
1079 2290 1162 2331 apta
1199 2289 1339 2323 duobus
1375 2290 1449 2323 aliis
1486 2289 1540 2323 lo-

846 2340 898 2371 cis
935 2339 1075 2371 Catonis
1112 2339 1282 2374 Uticensis
1316 2341 1371 2372 est
1407 2341 1539 2372 mentio

848 2388 921 2429 (Od.
941 2389 976 2428 4,
1003 2388 1063 2428 42,
1088 2388 1142 2420 35.
1167 2389 1205 2428 2,
1230 2389 1268 2429 4,
1292 2388 1374 2430 24.),
1399 2390 1447 2422 ita
1462 2390 1540 2422 ine-

846 2439 906 2479 pta
939 2438 1044 2479 atque
1078 2438 1278 2479 importuna
1311 2440 1406 2471 esset
1434 2439 1471 2471 h.
1498 2437 1537 2478 l.,

845 2486 907 2518 ubi
920 2488 1026 2528 poeta
1040 2486 1165 2519 leviter
1179 2488 1324 2519 iocatur.
1351 2489 1539 2520 Praeterea

846 2534 956 2567 multo
984 2535 1110 2568 melius
1138 2537 1303 2578 antiquae
1331 2537 1402 2569 iam
1424 2536 1539 2568 famae

846 2585 1010 2617 convenit
1029 2594 1063 2617 x.
1087 2589 1267 2626 narratur,
1292 2594 1400 2626 quam
1416 2585 1539 2618 Catoni

845 2634 988 2675 minori,
1012 2636 1139 2676 poetae
1159 2643 1202 2668 ex
1224 2636 1324 2677 parte
1340 2633 1466 2667 saltem
1480 2643 1540 2667 ae-
