1722 2904
579 69 715 103 unm.
762 69 891 103 CARM.
918 70 959 102 11.

290 175 441 231 Neque
472 174 679 217 excitatur
707 172 888 217 classico
917 172 1040 216 miles
1070 173 1175 216 truci
1188 207 1203 233 ‚·

1426 67 1501 110 65!

1482 174 1507 214 ωε

345 255 496 312 Neque
525 254 670 298 horret
699 254 851 297 iratum
879 267 1024 302 mare,

289 337 531 393 Forumque
560 335 663 377 vitat
691 342 734 378 et
762 333 951 392 superba
981 335 1136 378 civium

348 416 639 459 Potentiorum
668 415 822 458 limina.

290 496 400 553 Ergo
430 503 502 538 aut
530 495 673 539 adulta
702 496 851 539 vitium
880 496 1115 553 propagine

343 576 459 620 Altas
488 577 655 619 maritat
684 576 867 634 populos
881 611 890 625 ‚

1461 578 1508 620 io

288 659 370 699 Aut
399 657 440 699 in
472 657 651 700 reducta
680 657 791 700 valle
822 658 1100 714 mugientium

149 790 182 821 5.
206 789 275 820 Noc
295 790 320 820 t.
349 806 384 812 —-
410 789 442 820 6.
466 789 534 820 Nec
556 787 658 827 bed,t
682 791 717 820 et
742 787 931 821 Bentleius.
954 807 989 812 -
1016 789 1047 821 9.
1074 790 1210 822 “duellae
1229 799 1261 821 υ.
1282 791 1465 832 propagini

110 838 233 870 Bothe.
271 855 310 862 -
347 838 412 870 Vv.
438 837 500 877 ⁴0,
527 837 589 873 ⁴3.
617 837 668 870 ⁴4.
710 838 767 876 44,

794 839 855 877 42,
881 838 923 870 45
951 839 1019 870 cet.
1074 840 1112 870 G.
1138 838 1320 872 Fabricius
1343 840 1461 875 4574..

110 887 151 919 Η.
177 886 375 930 Stephanus
398 887 517 926 4577.,
543 887 629 919 Cod.
666 885 787 920 Altort'.
814 887 865 929 (⁴2),
890 887 1148 928 Mitscherlich,
1182 889 1347 932 Doering.
1394 890 1465 923 Sed

107 934 278 969 librorum
300 935 463 969 ordinem
485 937 638 970 restituit
659 936 776 979 Regel.

71 1062 145 1086 cere
167 1053 275 1086 mlum
293 1053 353 1086 aab
375 1062 519 1086 vomere.
547 1070 586 1076 —
616 1053 762 1096 Solutus]

67 1103 148 1144 equi
160 1111 278 1144 neque
285 1102 348 1136 dat
356 1111 475 1144 neque
482 1103 610 1145 accipit
616 1103 726 1135 tenori
731 1129 738 1134 .
744 1114 762 1131 ι

110 1152 206 1185 5-8.
232 1152 357 1195 Neque]
383 1153 526 1193 «Neque
548 1151 674 1185 militat
694 1161 763 1184 nec

70 1202 310 1234 mercaturam
324 1203 469 1234 exercet
489 1210 558 1235 nec
581 1203 762 1243 tamquam

66 1251 219 1292 petitor,
241 1259 346 1290 reus,
369 1250 582 1291 advocatus,
612 1259 763 1284 aecusa-

64 1300 122 1331 tor
135 1298 285 1332 forensia
298 1298 408 1332 habet
421 1300 560 1341 negotia
569 1324 578 1340 ,
596 1309 663 1332 nee
679 1309 762 1332 cum

66 1347 195 1381 nullius
216 1349 263 1381 sit
283 1347 409 1388 cliens,
444 1357 550 1381 mane
570 1351 762 1391 patronum

67 1397 264 1439 superbum
279 1397 432 1430 salutare
449 1407 597 1431 necesse
616 1398 760 1431 habet.»

68 1463 108 1470 —
124 1446 303 1488 ‹zu-icam]
328 1456 370 1480 «e
389 1456 516 1480 somno
531 1448 578 1480 ad
592 1457 760 1489 pugnam,

64 1495 174 1528 tubae
221 1496 362 1528 terribili
402 1497 546 1529 sonan.»
594 1497 761 1538 (Ennius.)

66 1544 190 1577 Tibull.
215 1546 253 1585 4,
278 1546 317 1585 4,
342 1545 382 1579 4:
406 1547 537 1579 Martia
557 1547 611 1578 cui
634 1554 764 1578 somnos

68 1594 209 1627 classico
225 1595 328 1635 piata
347 1595 473 1636 fugent.
501 1614 538 1619 —
572 1595 628 1628 Ad
650 1597 762 1628 totum

67 1642 186 1680 locum
198 1644 263 1676 cfr.
276 1644 370 1685 V‘irg.
383 1645 509 1686 Georg.
534 1646 555 1677 2
570 1671 579 1684 ,
603 1645 667 1678 493
680 1653 760 1686 sqq.

67 1691 260 1725 Columella
283 1694 394 1726 Praei.
420 1694 453 1735 S.
479 1695 512 1726 7.

107 1741 140 1774 9.
175 1742 230 1774 40.
262 1743 374 1785 Ergo]
410 1743 554 1784 «Igitur,
595 1751 678 1775 cum
715 1742 761 1775 ab

66 1791 240 1823 eiusmodi
273 1792 370 1824 tricis
401 1791 493 1824 liber
520 1793 587 1831 sit,
620 1793 764 1829 ηιατὴίιαι

71 1839 219 1873 arbores
232 1841 398 1881 vitibus,-
421 1842 519 1883 quod
532 1841 685 1874 verbum
700 1851 763 1873 ru—

1 1887 4 1890 ’
69 1889 240 1922 sucorum
250 1890 434 1932 proprium
451 1893 517 1922 est.
557 1891 609 1923 Cf.
624 1889 760 1922 Colum.

67 1939 127 1978 44,
152 1938 196 1978 ²2,
223 1939 279 1971 79.
312 1956 350 1962 —
399 1940 515 1972 Vitam
548 1941 762 1972 rusticorum

68 1986 236 2020 Italorum
274 1989 413 2030 egregie
455 1989 625 2021 describit
661 1989 760 2021 ovid.

66 2037 156 2069 Fast.
177 2036 218 2076 4,
236 2037 295 2070 694
312 2046 392 2079 sqq.
412 2054 449 2061 —
463 2038 661 2080 propagine]
682 2039 763 2071 vitis

43 2085 276 2119 ramusculis
309 2087 346 2119 iu
380 2089 513 2119 terram
543 2088 698 2120 curvatis
720 2096 764 2120 ac

66 2133 215 2173 defixi83
238 2135 334 2168 unde
362 2145 445 2168 cum
475 2136 654 2169 radicibus
676 2137 763 2169 actis

69 2183 347 2222 convaluissent,
383 2186 486 2217 tertio
517 2194 609 2217 anno
641 2186 764 2217 adultis

67 2232 215 2266 arbores
249 2235 514 2267 maritabantur.
553 2253 589 2258 —
637 2236 730 2267 Altos
744 2253 764 2258 -

62 2283 217 2323 populos]
238 2284 348 2316 Varro
370 2285 437 2316 RB.
457 2285 494 2324 4,
512 2285 552 2316 8:
585 2284 643 2316 Ubi
664 2294 764 2316 -na-

66 2334 147 2363 tiara
168 2332 324 2372 mdo,
355 2333 399 2365 ibi
422 2333 523 2364 cums
542 2333 619 2364 vitis
643 2334 761 2365 tollen—

46 2381 133 2421 da,
158 2382 246 2421 quod
266 2382 418 2422 inpar-tu
431 2386 462 2414 et
477 2382 635 2414 alenonio
647 2385 763 2414 vinum

49 2438 134 2461 ,ηοιι
154 2433 191 2462 ut
213 2431 248 2462 in
270 2431 373 2463 calice
394 2431 527 2470 quaer-it
541 2440 684 2471 aquam,
708 2433 764 2464 sed

65 2478 185 2516 solemn
211 2480 304 2512 unde
328 2481 398 2511 iam
422 2481 507 2512 Cato
530 2483 762 2522 praeceptum

67 2526 188 2559 dedit:
240 2530 349 2568 Quam
390 2529 588 2560 altissimam
631 2530 763 2562 vincam

67 2577 179 2616 facito.
204 2577 326 2616 Albas,
351 2577 447 2618 quod
463 2576 539 2609 aliis
554 2577 687 2619 placet,
706 2578 762 2611 vel

66 2628 253 2667 propterea
286 2626 535 2665 reficiendum,
572 2627 666 2668 quod
697 2636 762 2668 po-

810 1053 915 1096 pulus
949 1056 1046 1096 nigra
1087 1057 1206 1088 minus
1245 1057 1358 1089 densa
1402 1055 1483 1090 tolio
1498 1083 1506 1096 ‚
1541 1052 1545 1053 ⁷

808 1103 944 1146 palmiti
977 1103 1138 1146 pluribus
1183 1105 1348 1138 indurato
1381 1107 1483 1139 annis
1496 1132 1505 1145 ,

811 1162 921 1195 quem
943 1155 1123 1186 draconem
1143 1154 1339 1195 vocabant,
1363 1156 1510 1188 marita-

811 1202 929 1235 batur.
954 1202 1040 1236 Plin.
1058 1204 1099 1235 H.
1115 1205 1157 1236 N.
1176 1204 1217 1236 47
1229 1229 1238 1243 ,
1253 1203 1317 1243 23,
1333 1204 1389 1236 35.
1418 1206 1509 1237 «Po-—

810 1252 915 1294 pulus
934 1253 1007 1284 alta
1026 1253 1160 1294 pariter
1182 1253 1311 1285 dicitur
1331 1251 1352 1285 a
1373 1252 1508 1286 Tibullo

812 1302 852 1341 4,
869 1301 908 1342 4»,
926 1302 1006 1338 39»,
1025 1302 1112 1334 celsa
1126 1311 1147 1334 a
1163 1302 1325 1334 Phaedro
1339 1302 1373 1342 3,
1386 1303 1441 1342 47,
1457 1302 1505 1342 4.,

805 1351 1043 1391 procerissima
1054 1353 1127 1384 Cic.
1141 1352 1187 1384 de
1195 1353 1300 1393 Legg.
1315 1353 1347 1391 4,
1357 1353 1413 1385 5.»
1426 1353 1506 1384 Pu.

812 1399 1005 1433 Columella
1028 1402 1067 1440 5,
1091 1401 1130 1440 6,
1150 1401 1195 1434 4:
1230 1402 1333 1433 Vitem
1354 1402 1508 1434 rna-‘rime

806 1450 951 1490 populus
970 1450 1102 1482 videtur
1122 1451 1231 1490 alere,
1255 1452 1372 1483 deinde
1383 1451 1506 1484 flamus.

856 1500 892 1531 44
913 1517 934 1523 -
950 1499 1003 1532 44.
1035 1501 1118 1531 Post
1143 1500 1343 1532 Fabricium
1369 1502 1406 1532 et
1427 1501 1509 1532 Ste-

811 1548 969 1589 phanum
990 1548 1090 1580 multi
1106 1549 1194 1581 Edd.
1209 1575 1217 1588 ,
1242 1549 1351 1581 etiam
1364 1550 1502 1582 Mitsch.

812 1599 848 1629 et
863 1598 1017 1638 Doering
1027 1622 1035 1636 ,
1060 1606 1233 1631 versuum
1247 1598 1410 1631 ordinem
1425 1607 1510 1631 con—

812 1648 865 1678 tra
889 1646 1002 1678 Codd.
1033 1647 1082 1678 ita
1110 1648 1352 1687 inverterunt,
1387 1650 1428 1680 ut
1453 1651 1509 1681 est

812 1696 847 1727 iu
870 1695 979 1727 Varr.·
996 1697 1112 1735 Lect.,
1145 1705 1217 1738 quo
1244 1698 1369 1729 vitium
1399 1699 1509 1730 mari-

813 1744 981 1777 tationem
1011 1746 1177 1778 continuo
1211 1747 1392 1788 exciperet
1421 1748 1509 1779 insi-

812 1794 915 1825 tionis
938 1793 1052 1826 simile
1081 1804 1183 1836 opus.
1230 1797 1299 1828 Sed
1329 1805 1400 1828 non
1429 1797 1507 1829 sine

811 1845 887 1874 arte
910 1844 1065 1884 primum
1088 1846 1265 1877 memorat
1289 1846 1413 1878 vitium
1437 1845 1510 1878 cul-

812 1894 948 1931 turam,
976 1892 1106 1925 deinde
1130 1895 1242 1926 otium
1265 1894 1397 1927 domini
1420 1903 1508 1927 suos

812 1949 938 1981 greges
980 1950 1046 1982 per
1087 1942 1268 1975 sinuosam
1309 1943 1508 1977 convallem

812 1998 955 2031 sparsos
984 1999 1068 2023 cum
1104 1990 1234 2023 laetitia
1262 1992 1509 2035 contemplan-

812 2040 856 2071 tis
870 2065 878 2077 ‚
911 2041 987 2072 tum
1009 2049 1134 2074 rursus
1156 2043 1295 2082 gratum
1316 2043 1508 2083 putationis

813 2090 849 2120 et
870 2088 1041 2121 insitionis
1064 2098 1173 2131 opus,
1198 2090 1295 2132 quod
1310 2091 1457 2132 quidem
1470 2092 1506 2124 in

812 2146 975 2170 mensem
1003 2139 1166 2171 Martium
1195 2140 1391 2179 incidebat,
1422 2150 1506 2174 cum

811 2187 987 2218 maritatio
1005 2187 1106 2219 fieret
1119 2197 1244 2221 mense
1261 2189 1421 2227 Octobri-t
1454 2191 1507 2223 sic

786 2244 790 2282 3
812 2238 974 2268 naturam
998 2237 1111 2278 ipsam
1134 2241 1279 2271 secutus
1295 2243 1505 2281 perpetuam

787 2283 854 2316 ⁴ac
887 2287 1034 2326 propter
1066 2286 1134 2318 hoc
1166 2287 1285 2327 ipsum
1314 2289 1506 2322 iucundam

811 2335 903 2366 vitae
942 2335 1094 2367 rusticae
1138 2337 1345 2370 varietatem
1382 2339 1502 2379 pingit.

812 2384 870 2415 «ln
904 2383 1025 2416 verbis
1058 2385 1179 2417 autem
1212 2386 1277 2417 Aut
1304 2387 1339 2418 in
1368 2388 1506 2419 reducta

813 2431 895 2464 nihil
919 2432 1041 2464 diutini
1062 2435 1180 2475 operis
1201 2437 1273 2473 est,
1299 2435 1363 2467 sed
1386 2435 1505 2470 brevis

812 2482 947 2513 tantum
987 2482 1201 2515 intermissio
1242 2486 1276 2516 et
1319 2483 1502 2526 voluptas,

811 2532 1024 2572 prospectus
1073 2534 1314 2565 armentorum
1352 2542 1506 2575 pascen-

813 2579 918 2618 tium,
944 2580 1003 2620 qui
1027 2589 1097 2612 uon
1120 2581 1228 2613 modo
1252 2583 1506 2616 intermarita-

811 2629 942 2661 tionem
978 2630 1013 2661 et
1046 2630 1266 2669 insitionem,
1307 2633 1371 2665 sed
1396 2634 1501 2666 etiam
