1722 2904
556 50 635 83 ΗΒ.
658 49 715 82 111.
762 48 801 80 C.
826 46 943 79 XXlX.

232 155 531 211 Quodcunque
569 158 682 195 retro
714 158 800 201 est,
832 149 988 193 efficiet
1017 161 1159 204 neque

288 235 486 292 Diffinget
516 232 804 289 infectumque
834 228 1009 278 reddet,

344 315 470 368 Quod
499 314 666 371 fugiens
695 310 829 356 semel
859 310 965 353 hora
995 310 1118 352 vexit.

234 424 419 465 Fortuna
448 433 580 463 saevo
609 417 720 462 laeta
748 416 919 474 negotio
949 423 992 458 et

232 500 399 545 Ludum
428 499 681 543 insolentem
710 497 862 542 ludere
892 496 1086 554 pertinax

1453 495 1506 534 350

287 583 554 624 Transmutat
583 580 769 623 incertos
798 578 1007 626 honores,

345 663 466 705 Nunc
494 660 619 710 mihi,
650 673 764 703 nunc
792 658 863 702 alii
892 658 1088 715 benigna.

233 767 380 811 Laudo
409 772 675 817 manentem;
707 765 743 808 si
773 763 940 808 celeres
969 762 1106 820 quatit

235 849 424 899 Pennas,
456 847 628 903 resigno
657 858 770 903 quae
801 843 919 888 dedit
948 850 991 886 et
1018 856 1116 885 mea

152 954 206 988 54.
229 955 354 987 Pinnas
374 954 416 994 B,
440 955 480 986 ut
503 952 605 986 solet.

66 1041 199 1073 Verum
232 1040 389 1074 secunda
422 1047 575 1082 persona
609 1038 761 1071 hominis

67 1091 162 1123 esset
195 1089 321 1123 stolide
354 1089 551 1131 pervicacis
589 1087 761 1120 adversus

68 1139 174 1172 deum
195 1137 448 1172 immortalium
470 1146 615 1170 numen.

109 1187 164 1221 45.
188 1188 255 1220 sole
271 1188 379 1230 puro]
403 1187 454 1220 Ex
474 1196 509 1219 v.
534 1189 694 1226 occupato
715 1185 762 1217 ad

67 1237 159 1269 haec
189 1246 247 1270 vv.
283 1236 393 1269 elice:
446 1235 684 1268 «inusti-ato.»
723 1252 760 1257 —

67 1286 220 1328 maun]
257 1287 354 1319 «Non
383 1287 428 1318 ita
452 1284 596 1317 abolere
619 1284 759 1326 poterit,

68 1337 109 1367 ut
129 1336 226 1368 omni
256 1335 386 1368 effectu
417 1334 453 1367 id
486 1336 607 1367 careat
621 1359 629 1373 ,
666 1332 762 1375 quod

67 1384 139 1417 iam
159 1385 375 1426 praeteriit.»

109 1433 165 1466 47.
189 1433 245 1466 48.
267 1432 438 1475 Difflnqet]
464 1432 668 1465 «Diversam
690 1431 764 1463 sor-

69 1491 166 1516 mam
200 1483 234 1515 ei
265 1481 472 1524 praebebit.
507 1489 655 1523 prorsus
678 1479 764 1512 illud

69 1531 304 1564 immutabit.»
332 1549 368 1555 -
398 1531 557 1572 Infectam
578 1529 766 1571 (unqesche-

67 1580 141 1622 hen)
185 1580 297 1622 gradu
329 1579 507 1621 aliquanto
550 1579 665 1611 maius
710 1579 766 1610 est

69 1638 178 1671 quam
210 1630 347 1662 imm
375 1627 632 1670 (um-kunqslos).
680 1627 765 1659 Fre-

68 1687 182 1720 quens
198 1678 293 1720 apud
302 1679 425 1720 poetas
442 1677 628 1710 sententia.
653 1676 766 1707 Theo-

68 1728 145 1769 gnis
171 1727 256 1760 583:
290 1723 398 1759 Ἀλλὰ
412 1724 461 1758 τὰ
475 1725 547 1768 μὲν
570 1723 767 1771 προβέβη-

67 1786 156 1816 κεν,
201 1772 407 1819 ἀμήχανόν
456 1775 538 1808 ἐστι
585 1773 765 1818 γενέσθω

65 1821 187 1871 Ἇργά.
232 1824 544 1866 Pind.01ymp.2‚
564 1825 616 1856 45
650 1824 766 1855 Simo—

69 1876 171 1908 nides
186 1885 221 1918 p.
240 1876 316 1908 ⁴⁴5.
334 1875 463 1907 Schn.:
489 1871 542 1907 Τὸ
565 1871 663 1931 yde
660 1882 767 1916 γεγε-

68 1925 235 1968 ναμένον
276 1920 400 1957 οὐκέτ’
439 1920 601 1970 ἄρεκτον
643 1932 763 1955 εσται.

19 1987 27 1989 *
68 1975 228 2016 Agathou
249 1973 345 2015 apud
375 1974 516 2006 Aristot.
551 1973 630 2006 Eth.
655 1973 694 2011 6,
719 1973 764 2004 2:

69 2021 201 2056 Μάνου
231 2021 304 2079 γὰρ
334 2018 454 2055 αὐτοῦ
478 2023 543 2054 καὶ
565 2019 658 2062 θεὸς
679 2031 767 2053 στε-

70 2073 262 2131 elamat,
292 2068 470 2116 Ἀγένητα
492 2074 639 2109 ποιεῖν,
675 2066 765 2102 ἅσσ’

70 2132 120 2154 αν
141 2134 167 2168 ῃ
191 2122 446 2167 πεπραγμένα.
481 2120 567 2153 Plin.
592 2121 633 2152 H.
659 2121 700 2152 N.
726 2121 764 2157 ⁶2,

71 2172 112 2203 7:
137 2172 233 2204 Deus
247 2171 375 2202 nullum
397 2170 506 2202 habet
526 2170 561 2201 in
580 2169 767 2210 praeterita

70 2221 124 2252 ius
138 2223 379 2260 praeterquam
400 2220 581 2252 oblivionis.
615 2236 652 2241 ——
682 2218 768 2249 hora

69 2270 180 2311 vexit]
216 2270 370 2308 «avexit,
407 2268 566 2308 abstulit,
602 2267 698 2300 velut
732 2268 766 2299 in

72 2318 251 2361 praeteriti
280 2319 451 2360 temporis
474 2318 679 2358 voraginem
703 2317 769 2348 de-

73 2369 240 2406 mersit=;
265 2376 356 2407 non,
379 2369 419 2399 ut
442 2366 498 2399 alii
520 2366 659 2398 volunt:
687 2365 768 2397 «ad-

72 2418 183 2456 vexit,
218 2416 368 2455 attulit»;
413 2425 484 2457 quo
517 2425 587 2448 non
617 2415 769 2456 quadrat

75 2475 108 2498 v,
141 2466 253 2504 senwl,
289 2467 342 2498 ein
373 2465 432 2506 fiir
453 2465 603 2504 allemal,
640 2466 679 2495 ut
701 2464 764 2496 Od.

120 2563 175 2596 49.
200 2563 254 2595 50.
280 2562 546 2604 saevo-negotio]
584 2571 766 2601 «munere,

77 2621 147 2653 quo
170 2611 338 2653 fungitur,
365 2611 479 2644 omnia
504 2612 579 2644 sine
602 2610 670 2643 ulla
695 2610 768 2644 cle-

810 1037 942 1069 mentia
970 1045 1013 1068 ac
1042 1044 1151 1078 saepe
1180 1035 1371 1069 crudeliter
1394 1035 1509 1069 admi-

810 1085 980 1118 nistrandi
990 1082 1011 1125 ,”
1024 1085 1198 1118 formandi
1222 1094 1417 1127 rursusque
1441 1086 1510 1118 im-

811 1135 1004 1168 mutandi.»
1047 1153 1083 1157 —
1122 1135 1230 1177 laeta]
1277 1136 1328 1168 De
1371 1135 1510 1167 fortuna

810 1184 932 1217 Boeth.
970 1185 1075 1217 Cous.
1112 1183 1198 1216 Phil.
1223 1185 1263 1224 2,
1291 1185 1332 1216 4ε
1369 1185 1511 1226 ¹‹Jemitmx

811 1235 900 1266 dura
921 1241 1003 1272 quos
1023 1233 1121 1274 secie,
1146 1234 1232 1265 ridet
1243 1242 1254 1271 ‚·
1290 1234 1346 1265 Sic
1368 1234 1431 1265 tua
1454 1234 1509 1265 lu-

811 1284 880 1323 dit,
919 1284 966 1315 sie
998 1292 1078 1315 suas
1094 1282 1219 1323 probat
1249 1283 1348 1315 vires.
1396 1283 1508 1315 Dante

810 1332 951 1365 Inferno
974 1333 1006 1365 7.
1024 1332 1230 1364 memoratis
1246 1330 1447 1363 mortalium
1463 1331 1510 1364 de

811 1385 962 1416 Fortuna
996 1383 1248 1424 querimoniis:
1283 1383 1345 1415 Ma
1369 1383 1435 1414 ella
1463 1382 1510 1416 s’d

812 1433 926 1473 beata,
968 1442 986 1465 e
1015 1432 1067 1464 cio
1094 1441 1160 1464 non
1187 1433 1265 1470 ode,·
1298 1432 1367 1464 Con
1399 1433 1511 1464 l'altre

808 1483 919 1523 prime
940 1485 1093 1514 creature
1115 1482 1194 1513 lietu
1210 1481 1307 1513 Volve
1321 1490 1384 1513 sua
1397 1490 1506 1522 spera,

811 1541 829 1564 e
852 1531 950 1563 beata
972 1532 1001 1562 si
1021 1531 1115 1572 yode.
1144 1547 1181 1553 —
1206 1531 1319 1562 ludere
1337 1530 1510 1571 pertinax]

813 1582 848 1613 in
870 1589 976 1621 prosa
993 1589 1045 1611 or.
1073 1580 1327 1622 «pertinaciter
1347 1578 1509 1612 ludens.»

813 1630 944 1662 Liuium
970 1630 1083 1661 ludere
1111 1628 1247 1660 dixerat
1276 1629 1347 1660 iam
1376 1629 1511 1661 Teren-

814 1680 884 1711 tius
907 1678 1067 1711 Euuueh.
1092 1677 1130 1716 3,
1150 1678 1188 1716 5,
1215 1677 1268 1710 38.
1294 1677 1454 1710 Palladas
1476 1678 1512 1709 in

814 1730 918 1762 Anth.
944 1727 1015 1761 Pal.
1040 1729 1081 1760 11.
1107 1727 1194 1760 304:
1218 1723 1405 1771 Παὶγνιόν
1431 1727 1512 1761 ἐστι

816 1776 945 1820 Τύχης
976 1773 1158 1822 μερόπων
1189 1775 1298 1817 βίος,
1338 1776 1509 1823 οἰκτράς,

816 1824 983 1870 ἀλήτης,
1033 1823 1212 1858 Πλούτου
1264 1826 1329 1858 καὶ
1381 1828 1513 1869 πενίης

815 1874 985 1919 μεσσόθι
1012 1871 1263 1920 ῥεμβόμενος.
1310 1874 1385 1907 Καὶ
1420 1873 1513 1916 τοὺς

815 1925 888 1969 μὲν
908 1922 1134 1967 κατάγουσα
1156 1921 1271 1955 πάλιν
1293 1922 1512 1969 σφαιρηδὸν

816 1971 956 2030 ἀείρει,
982 1971 1081 2013 Τοὺς
1103 1971 1133 2004 δ’
1151 1968 1230 2004 ἀπὸ
1245 1970 1321 2004 τῶν
1343 1971 1513 2012 νεφελῶν

817 2025 871 2065 εἰς
899 2020 1021 2065 Ἀΐδην
1058 2019 1227 2064 κατάγει.
1278 2021 1434 2054 Iuvenal.
1470 2023 1509 2062 6,

818 2074 903 2106 608;
930 2073 1163 2111 Secretumque
1183 2070 1245 2103 sibi
1259 2071 1398 2103 mimum
1408 2074 1514 2112 parat

818 2121 1005 2164 (Fortuna).

861 2171 915 2203 53.
941 2169 994 2202 54.
1026 2169 1230 2210 manentem]
1266 2169 1386 2201 Exstat
1408 2178 1515 2202 num-

817 2228 898 2252 mus
910 2218 1097 2251 Commodi
1111 2218 1244 2257 rarior,
1261 2218 1297 2249 in
1313 2226 1385 2258 quo
1401 2218 1514 2260 figura

818 2267 1002 2300 muliebris
1045 2266 1167 2306 sedet,
1219 2266 1342 2299 dextra
1380 2276 1515 2308 equum

818 2317 972 2357 capistro
1007 2317 1182 2354 retinens,
1229 2316 1367 2348 sinistra
1402 2326 1513 2350 cornu

818 2366 940 2406 copiae
958 2373 1041 2396 cum
1056 2365 1263 2406 epigraphe:
1288 2365 1516 2397 FORTVNAE

815 2415 974 2447 MANEN
977 2414 1023 2445 TI.
1039 2432 1074 2436 —
1086 2414 1224 2455 Pennas]
1238 2414 1402 2455 Aeschyl.
1418 2414 1514 2456 apud

818 2463 915 2496 Stob.
939 2462 1009 2495 Ecl.
1029 2463 1131 2504 phys.
1149 2464 1174 2495 1.
1200 2472 1236 2504 p.
1258 2463 1334 2495 200.
1358 2463 1403 2495 de
1427 2464 1513 2495 For-

819 2515 926 2545 tuna:
959 2507 998 2544 “A
1021 2522 1062 2544 τε
1094 2510 1206 2559 χάρις
1241 2510 1381 2554 λάμπει
1420 2512 1515 2558 Περὶ

818 2559 892 2594 σὰν
917 2563 1083 2607 πτέρυγα
1108 2563 1289 2608 χρυσέαν.
1325 2561 1395 2594 Cfr.
1425 2562 1514 2594 Voss

817 2611 950 2651 mythol.
986 2611 1045 2643 Br.
1081 2613 1120 2643 ll.
1148 2620 1182 2652 p.
1209 2611 1263 2644 44.
1297 2629 1331 2634 —-
1367 2611 1512 2652 resiyno]
