1722 2904
642 90 775 123 unna.

844 90 973 123 canu.
998 88 1054 122 ix.
1480 86 1564 128 693

614 390 1063 432 cmlx.

284 498 466 551 Quando
494 503 715 554 repostum
744 496 992 541 Caecubum
1019 496 1075 540 ad
1104 496 1234 540 festas
1262 496 1399 553 dapes

340 578 508 622 Victore
546 576 685 620 laetus
714 577 900 621 Caesare

283 659 442 702 Tecum
471 657 553 701 sub
583 657 667 700 alta
701 683 758 690 -
786 657 850 701 sic
878 658 967 700 lovi
995 652 1162 715 grasum
1190 683 1246 689 —
1274 658 1428 706 domo,

339 739 470 782 Beate
499 738 749 788 Maecenas,
779 737 926 781 bibam

285 819 474 862 Sonante
501 818 679 861 mixtum
707 818 821 861 tibiis
850 831 1023 862 carmen
1053 817 1167 877 lyra,
1535 820 1560 860 ὃ

340 900 431 942 Hac
458 899 657 948 Dorium,
690 897 772 941 illis
801 897 1065 941 barbarum?

201 993 258 1026 lx.
282 994 392 1027 lusor.
415 992 507 1034 volg.
531 993 582 1025 Ad
602 993 845 1032 Maecenatem,
872 993 909 1025 et
930 993 982 1025 sic
1005 1001 1036 1025 c.
1075 1010 1113 1016 —
1153 993 1244 1026 Bello
1267 994 1425 1026 adversus
1446 994 1516 1027 An-
1550 1029 1557 1036 ,

159 1043 287 1075 tonitam
299 1046 331 1076 ot
345 1043 565 1083 Cleopatram.
591 1042 751 1084 Dexi-qnae
763 1042 849 1074 votis
862 1042 1038 1075 victoffmn
1050 1043 1252 1076 Caesari-313.
1270 1060 1306 1066 —
1326 1044 1356 1078 4.
1377 1045 1518 1084 Quando

159 1102 180 1126 ο
200 1096 369 1135 repostum
390 1093 535 1125 auctore
557 1093 633 1125 Nic.
659 1093 803 1125 Heinsio
824 1091 937 1124 Bentl.
965 1092 1000 1116 -”
1027 1092 1058 1125 3.
1084 1093 1185 1125 dorm
1206 1093 1242 1125 F.
1271 1111 1307 1117 —
1343 1094 1377 1126 5.
1400 1094 1518 1126 mimis

161 1151 182 1175 e
197 1142 340 1176 duobus
354 1141 514 1176 Lambini
529 1141 641 1175 Codd.
666 1140 777 1174 Beutl.
816 1141 871 1181 (Ut
891 1149 976 1181 nos,
1001 1149 1128 1174 omnes
1151 1142 1261 1174 nostri
1284 1143 1320 1174 et
1334 1142 1515 1182 Pottierii.)

157 1223 215 1255 lx.
239 1221 404 1257 Ultimum
418 1223 488 1255 hoc
501 1222 650 1265 Epodou
665 1230 811 1254 carmen

115 1272 236 1305 statim
246 1273 330 1313 post
338 1274 526 1313 aoeeptum
536 1272 693 1314 primum
704 1271 813 1303 victo—

114 1321 189 1353 riae
210 1321 375 1354 Actiacae
405 1321 471 1362 (IV.
495 1322 584 1354 Non.
607 1320 809 1362 septembr.

114 1378 148 1402 a.
169 1379 207 1403 ιι.
229 1379 262 1402 c.
283 1370 374 1412 723.)
403 1370 567 1403 nuntium
598 1370 695 1402 domi
724 1378 811 1402 suae

112 1419 296 1461 potantem
337 1427 377 1452 so
414 1427 630 1460 componere
674 1418 812 1459 fingens

113 1468 228 1509 optat,
243 1469 285 1500 ut
297 1476 384 1500 mox
403 1467 471 1500 sibi
485 1467 703 1499 concedatur
716 1466 811 1509 apud

18 1506 19 1510 ¹
87 1517 356 1550 -uaeoenatem
391 1517 554 1549 Caesaris
584 1516 739 1548 reditum
768 1525 811 1548 ac

114 1566 333 1608 trimphum
362 1565 546 1598 celebrare
575 1564 668 1597 laeto
690 1566 812 1597 convi-

113 1615 183 1647 vio.
229 1615 408 1648 Posterius
430 1615 499 1646 hoc
522 1623 667 1647 carmen
687 1614 810 1656 Epodo

115 1664 147 1696 4.
170 1664 333 1706 proxime
354 1663 537 1705 praecedit
559 1663 624 1696 Od.
643 1664 683 1704 4,
706 1664 760 1696 37.

158 1713 232 1747 4-4.
265 1714 485 1755 reponunt]-
468 1714 609 1746 «vinum
634 1714 811 1747 interioris

114 1763 219 1796 none
226 1764 520 1805 reservatumque
529 1763 575 1795 ad
583 1763 660 1796 dies
667 1763 810 1796 festos.»

117 1829 155 1835 —
182 1811 382 1854 emaum]
416 1812 502 1844 Plin.
535 1813 577 1845 Η.
608 1814 649 1844 N.
680 1812 738 1851 44,
764 1813 808 1844 6:

114 1860 263 1893 caecubo
282 1864 358 1894 erat
377 1862 579 1903 ymen-omas
599 1862 811 1894 celeberrima

113 1910 150 1942 in
176 1910 384 1950 palustribus
409 1911 575 1958 populetis
610 1911 686 1942 sina
707 1911 811 1951 Amy—

113 1959 221 1992 done.
235 1958 411 1991 etsta-ab.
426 1961 459 1991 5.
471 1968 508 2001 p.
522 1960 580 1991 234
598 1960 634 1992 d.
646 1959 711 1992 234
722 1969 756 1992 a.
769 1978 808 1983 --

50 2036 66 2051 ⁷.
113 2007 173 2039 sub
200 2007 283 2050 aua]
317 2008 353 2040 in
383 2009 471 2040 turri
506 2008 811 2050 (Thurmpalast

112 2057 242 2098 Voss),
272 2065 380 2098 quam
403 2057 585 2098 dicebant,
620 2059 809 2090 Maecena-

113 2107 228 2146 tiana,
252 2107 319 2138 sita
340 2107 376 2139 in
390 2107 501 2139 hortis
515 2106 714 2148 Esquilinis.
742 2107 806 2139 Od.

113 2155 155 2195 3,
177 2155 240 2195 29,
264 2156 317 2188 40.
351 2156 575 2197 (Maecenatis
598 2156 726 2189 domus
749 2165 809 2189 sa-

113 2203 348 2237 luberrimum
375 2205 533 2237 habehat
560 2206 679 2238 situm.
710 2206 806 2237 Suet.

113 2253 188 2285 Oct.
213 2253 274 2285 72:
302 2255 480 2295 Augustus
501 2255 685 2296 aeger-in
713 2255 809 2286 domo

112 2303 314 2335 Maecenatis
339 2303 492 2335 cubabat.
532 2303 602 2336 Cfr.
627 2303 807 2336 Fraudsen

112 2353 332 2394 Maooenoep.
351 2353 414 2384 440
429 2353 497 2394 sq.)
513 2371 549 2376 —
574 2353 706 2385 sio-Iovi
724 2362 809 2394 yra-

113 2401 195 2442 tum]
221 2401 365 2433 «Eidem
387 2402 477 2439 Iovi,
502 2402 562 2442 qui
590 2402 732 2434 Caesari
754 2403 809 2433 vi-

114 2450 266 2482 ctoriam
292 2450 487 2489 concessit,
523 2452 710 2493 acceptum
733 2452 805 2490 est,

114 2500 154 2531 ut
176 2508 258 2531 eam
280 2498 401 2531 debito
424 2499 531 2531 modo
547 2499 807 2533 celebremus.»

116 2566 153 2571 —-
177 2548 287 2590 Beate]
312 2547 520 2589 «opulente,
544 2549 673 2590 cuique
689 2549 807 2582 omnia

114 2606 158 2628 ex
179 2599 262 2629 voto
284 2596 449 2636 cedunt»,
473 2598 512 2629 ut
534 2597 597 2629 Od.
624 2598 660 2635 4,
686 2597 727 2634 4,
753 2597 806 2631 44.

114 2646 186 2678 Cic.
201 2646 246 2678 de
258 2646 315 2678 Or.
328 2647 360 2678 2.
375 2646 406 2686 g.
422 2645 502 2679 444:
520 2648 667 2678 istam„
678 2648 809 2687 sapien-

860 1221 947 1253 tiam
966 1221 1206 1254 Scaevolam
1226 1225 1259 1254 et
1279 1225 1466 1254 ceter-onom
1487 1222 1563 1254 boa-

859 1274 972 1303 torum
993 1270 1060 1303 otio
1081 1272 1309 1303 concedamus.
1335 1290 1372 1294 —
1391 1271 1560 1310 «Quando

860 1321 907 1353 M.
934 1320 1085 1352 Antonio
1121 1322 1158 1352 et
1190 1319 1394 1362 Cleopatra,
1430 1321 1561 1361 quibus

861 1370 933 1402 iam
954 1378 1072 1411 pugna
1090 1370 1233 1402 Actiaca
1248 1371 1323 1402 tam
1337 1371 1560 1411 improspere

861 1419 987 1458 cessit,
1017 1427 1166 1464 prorsus
1188 1420 1370 1460 oppressis
1393 1427 1561 1452 reverso-

861 1477 932 1509 que
955 1468 1109 1500 Caesare
1125 1469 1274 1500 Romam
1290 1469 1325 1500 in
1342 1469 1417 1501 eius
1433 1469 1561 1501 trium-

861 1517 923 1559 phi
944 1517 1121 1549 honorem
1142 1519 1268 1559 potare
1291 1518 1384 1549 inter
1405 1526 1471 1550 nos
1493 1526 1560 1558 po—

862 1567 1063 1599 terimus‘t»
1101 1568 1175 1599 Nec
1202 1576 1290 1599 vero
1314 1576 1357 1599 ex
1386 1567 1456 1598 hoc
1479 1576 1560 1599 car-

861 1616 957 1648 mine
1002 1614 1115 1656 colligi
1157 1616 1276 1657 potest
1316 1617 1559 1648 Maecenatem

861 1673 945 1698 cum
966 1666 1123 1705 Augusto
1151 1666 1188 1696 et
1220 1665 1372 1706 Agrippa
1403 1665 1558 1697 adfuisse

861 1715 896 1746 in
919 1714 996 1746 acie
1019 1714 1174 1746 Actiaca.

903 1764 936 1795 5.
954 1763 987 1795 6.
1011 1763 1170 1804 sonante]
1194 1764 1451 1805 symphoniam
1466 1763 1560 1805 (car-

859 1812 948 1854 men)
976 1812 1060 1844 dicit
1088 1821 1132 1845 ex
1161 1812 1245 1844 artis
1267 1813 1426 1844 musicae
1453 1822 1560 1854 prae-

861 1862 974 1903 ceptis
1007 1861 1206 1894 alternatim
1244 1870 1325 1894 sese
1361 1863 1559 1903 excipiente

860 1912 966 1952 atque
1011 1911 1078 1942 rite
1127 1911 1324 1952 composita
1373 1911 1558 1943 harmonia

859 1961 1011 2002 Phrygia
1045 1960 1147 2002 (tibiis
1180 1959 1331 2000 duabus)
1361 1962 1398 1992 et
1430 1962 1558 1993 Dorica

859 2009 975 2051 (lyra),
1002 2008 1201 2041 cuiusmodi
1223 2009 1436 2050 symphonia
1460 2010 1560 2043 femi-

859 2067 926 2090 nae
963 2057 1080 2098 lyram
1117 2057 1240 2089 dextra
1273 2057 1410 2099 plectro
1449 2059 1533 2092 soris
1549 2085 1556 2098 ,

858 2108 998 2140 sinistra
1032 2106 1148 2147 digitis
1181 2107 1276 2139 intus
1310 2109 1556 2147 percutientis.

858 2156 1010 2188 tibicinis
1032 2165 1115 2188 cum
1137 2155 1231 2188 tibiis
1256 2155 1403 2197 paribus
1425 2157 1558 2189 dextris

859 2208 895 2238 et
916 2205 1084 2244 sinistris,
1114 2207 1149 2236 et
1171 2205 1336 2237 canti-icis
1359 2214 1442 2238 cum
1466 2208 1558 2239 notis

858 2255 1004 2287 musicis
1028 2262 1194 2294 expressa
1212 2255 1267 2286 est
1282 2254 1317 2285 in
1332 2254 1451 2287 tabula
1468 2256 1559 2288 Her-

858 2302 1040 2335 culanensi
1071 2302 1183 2334 Musei
1212 2302 1403 2336 Borbonici
1425 2304 1502 2336 Vol.
1528 2306 1554 2337 1.

858 2352 1073 2384 Tab.XXXI.
1100 2351 1171 2383 Cir.
1189 2351 1252 2383 Od.
1268 2351 1306 2390 4,
1322 2352 1379 2391 45,
1394 2353 1447 2385 30.
1466 2353 1507 2393 4,
1524 2355 1554 2392 4,

857 2401 900 2433 23
916 2409 970 2442 sq.
999 2419 1036 2423 —
1061 2401 1134 2432 Hac
1147 2401 1302 2443 Dorium]
1326 2402 1426 2434 Pind.
1445 2401 1495 2434 Ol.
1515 2404 1554 2438 4

859 2450 917 2481 47ῑ
954 2445 1052 2480 ἀλλὰ
1076 2448 1227 2494 Δωρίαν
1249 2445 1329 2482 ἀπὸ
1359 2448 1558 2495 φόρμιγγα

858 2496 1061 2530 πασσάλου
1077 2495 1257 2540 λάμβαν’.
1284 2496 1378 2541 (Τὴν
1392 2499 1556 2545 Δωριστὶ

858 2544 1063 2606 ἁρμονίαν)
1095 2549 1320 2592 πολεμικοῖς
1351 2547 1515 2596 ἀνδράσι
1538 2570 1557 2576 -

857 2617 876 2622 -
898 2594 1147 2644 ἁρμόζουσαν
1176 2601 1277 2631 meat
1306 2599 1478 2632 Plutarch
1509 2601 1555 2633 de

859 2649 945 2681 Mus.
961 2657 992 2680 c.
1012 2649 1067 2680 47
1084 2658 1119 2690 p.
1138 2649 1231 2681 4436.
1246 2659 1276 2681 c.
1301 2668 1335 2672 -
1361 2649 1554 2692 barbonem]
