1722 2904
246 136 328 177 374·

764 136 935 168 HORATll
960 136 1185 169 CARMINUM

720 487 1082 556 'eamn
1120 513 1190 552 v.

553 583 591 609 ‘t-

468 647 597 691 Caelo
623 653 841 690 tonantem
871 645 1135 690 credidimus
1164 646 1311 689 lovem

469 719 687 786 Regnai'e:
719 741 928 794 praesens
959 727 1085 770 divus
1116 726 1346 770 habebitur

827 800 854 810 x<

332 886 373 918 V.
398 887 508 919 Inscr.
534 885 624 928 volg.
673 887 710 918 In
732 886 865 918 laudem
888 885 1041 918 Caesaris
1061 884 1212 926 Auyusu.
1252 903 1288 907 —
1326 884 1378 916 Ad
1400 884 1513 917 divum
1532 884 1652 927 Aum-

288 938 375 967 stwm
396 935 482 968 Bbc.
511 954 546 958 —
572 936 610 967 In
633 936 790 968 honorem
811 934 952 977 Auqusca·
975 934 1035 966 ST.
1111 937 1113 939 ’

286 1080 327 1111 V.
355 1079 564 1116 «Phraates,
592 1086 675 1110 cum
699 1086 730 1109 a.
755 1086 789 1109 u.
817 1086 847 1110 c.
867 1077 942 1109 73⁴.

242 1128 354 1161 filium
377 1129 509 1161 Romae
533 1127 718 1160 detentum
741 1135 783 1159 ea
804 1126 882 1168 lege
899 1126 944 1158 ab

242 1178 399 1220 Augusto
422 1178 637 1219 recepisset,
668 1177 707 1209 ut
730 1177 888 1218 captivos
910 1177 946 1209 et

243 1228 341 1269 signa
380 1226 542 1260 militaria
578 1227 696 1260 Crassi
736 1228 773 1259 et
805 1227 945 1259 Antonii

243 1277 404 1311 cladibus
436 1277 567 1309 amissa
601 1277 824 1315 restitueret,
861 1276 945 1308 huic

242 1330 364 1360 tamen
387 1327 428 1358 ut
449 1325 690 1366 satisfaceret,
726 1325 824 1358 haud
846 1326 945 1367 prius

246 1375 380 1419 impelli
414 1377 545 1418 potuit,
582 1384 691 1417 quam
722 1385 764 1408 ea
797 1375 842 1408 ab
871 1378 945 1408 Au-

243 1428 366 1469 gusto,
403 1435 512 1468 quem
546 1427 582 1459 in
611 1427 730 1459 Asiam
762 1426 944 1459 traiecisse

244 1478 281 1509 et
305 1476 352 1508 ad
367 1477 506 1517 Syriam
527 1484 642 1517 usque
659 1477 868 1518 pervenisse
885 1484 946 1509 sa-

244 1527 289 1559 tis
321 1525 524 1566 constabat,
561 1525 656 1558 bello
686 1527 879 1568 repetitum
902 1527 945 1558 iri

244 1576 337 1608 fama
362 1575 640 1618 percrebuisset.
674 1576 757 1608 Erat
778 1577 808 1608 is
832 1585 945 1609 annus

243 1634 278 1658 u.
305 1635 336 1658 c.
363 1625 438 1658 734.
471 1626 569 1664 Quae
592 1634 652 1658 res
677 1626 742 1658 etsi
766 1635 810 1658 ex
832 1626 945 1668 pactis

244 1684 327 1708 cum
362 1675 500 1707 Parthis
535 1676 582 1707 ita
617 1677 715 1708 esset
738 1677 942 1716 transacta,

242 1726 442 1766 Augustum
466 1726 602 1764 tamen,
628 1725 725 1766 quod
741 1725 816 1758 solo
834 1726 946 1758 nomi-

244 1775 298 1806 nis
337 1775 391 1806 sui
425 1775 562 1806 terrore
597 1775 789 1814 Phraaten,
830 1777 869 1807 ut
903 1784 944 1807 ea

244 1825 370 1863 staret,
397 1824 588 1865 adegisset,
614 1825 660 1856 ita
679 1833 760 1857 sese
777 1824 943 1857 extulisse

245 1875 400 1913 constat,
437 1875 476 1905 ut
499 1874 675 1906 maximae
699 1874 809 1906 instar
830 1874 945 1906 victo-

246 1924 319 1955 riae
343 1923 605 1955 restitutionem
634 1923 737 1956 istam
760 1923 942 1963 habuerit,

246 1973 477 2013 orationeque
494 1974 531 2004 et
545 1981 630 2004 arcu
646 1972 847 2014 triumphali
859 1999 866 2012 ,
885 1973 946 2005 de-

246 2022 354 2063 nique
378 2022 534 2054 nummis
558 2031 649 2063 quae
682 2021 943 2062 celebraretur,

246 2070 388 2112 dignam
412 2070 562 2103 duxerit.
612 2071 681 2103 Cfr.
712 2072 861 2104 Dionem
884 2072 943 2112 54,

244 2121 299 2152 8.»
325 2121 584 2154 Mirscnssnmcn.
612 2121 855 2162 (Nummorum
869 2121 946 2154 illo-

246 2180 327 2204 rum
364 2172 449 2204 satis
487 2171 726 2213 frequentium
763 2173 945 2214 inscriptio

246 2220 303 2252 vel
327 2220 535 2262 simpliciter
551 2222 678 2254 Smms.
705 2223 872 2254 Rae-rpus
887 2221 944 2253 vel

246 2270 374 2303 Smms.
429 2271 618 2304 Pfflrfflffls.
676 2272 843 2304 Rncssms
888 2270 944 2302 vel

246 2320 350 2352 wa.
387 2321 447 2352 Er.
482 2321 576 2354 szv.
616 2322 732 2354 ΜιιιΤ.
770 2322 808 2354 Α.
845 2323 941 2354 ΡΛΜ.

245 2371 367 2402 Βεσνι».
394 2369 517 2403 Miiller
549 2371 688 2403 Denkm.
725 2371 765 2403 V.
799 2373 840 2403 N.
865 2371 940 2403 354.

246 2419 378 2452 Eckhel
402 2421 442 2452 D.
461 2421 500 2452 N.
526 2420 582 2451 VI.
605 2429 639 2462 p.
661 2421 735 2453 40⁴.
755 2421 825 2453 Cfr.
845 2421 943 2453 Wei-

246 2469 348 2501 chert
371 2469 415 2500 de
438 2470 543 2501 Vario
567 2478 646 2510 pag.
673 2469 761 2510 373.)
794 2488 829 2493 —-
858 2469 944 2502 vol-

246 2519 338 2559 garis
373 2520 450 2550 erat
484 2518 573 2550 haec
608 2518 691 2551 olim
726 2520 853 2561 opinio.
901 2521 945 2552 At

244 2569 391 2609 propter
435 2568 662 2609 gra‘vissimas
710 2570 864 2601 rationes
909 2571 945 2601 et

247 2617 379 2649 Franke
404 2618 439 2649 F.
466 2618 549 2649 Hor.
577 2626 610 2659 p.
639 2618 712 2650 489,
739 2620 774 2650 et
805 2618 945 2651 Liibker

246 2667 314 2698 hoc
350 2675 493 2698 carmen
530 2668 648 2708 potius
682 2669 762 2700 ante
797 2668 882 2700 cives
915 2671 946 2700 et

245 2717 341 2757 siqua
363 2716 527 2748 militaria
542 2725 563 2747 a
578 2717 707 2749 Parthis
729 2721 941 2759 recuperata,

996 1086 1039 1109 ac
1061 1076 1293 1119 probabiliter
1316 1076 1362 1109 ad
1385 1086 1416 1109 a.
1443 1077 1518 1110 728.
1543 1076 1601 1110 vel
1617 1077 1693 1110 729.

996 1126 1226 1159 referendum
1249 1134 1329 1159 esse
1352 1127 1562 1159 statuerunt.
1589 1128 1592 1129 ’

1039 1176 1071 1208 4.
1111 1175 1221 1218 Caelo]
1256 1176 1366 1217 lungo
1404 1176 1496 1208 caelo
1529 1185 1694 1218 reynero,

995 1227 1034 1257 ut
1057 1227 1186 1258 Lucan.
1205 1225 1243 1266 3,
1269 1225 1350 1258 3⁴8:
1372 1226 1536 1266 sortisque
1557 1226 1697 1258 deorum

993 1276 1157 1317 [quar-mn
1177 1275 1319 1308 mortale
1340 1284 1444 1317 glenus
1459 1284 1525 1316 por
1551 1276 1702 1317 fulmina

995 1328 1126 1357 tantvm
1163 1325 1271 1358 Sciret
1306 1325 1415 1357 adhuc
1454 1325 1546 1358 caelo
1590 1325 1639 1358 sol

993 1384 1138 1417 regnare
1154 1375 1345 1407 Tonantem.
1369 1373 1434 1407 Alii
1449 1375 1567 1408 minus
1582 1376 1693 1408 recte:

996 1425 1039 1466 (e)
1069 1425 1160 1457 caelo
1193 1428 1373 1458 tonantem.
1411 1443 1448 1448 —
1484 1425 1684 1458 credidimus
1694 1442 1701 1452 *-

996 1476 1179 1516 «’semper,
1212 1476 1320 1516 atque
1345 1475 1550 1507 etiamnunc
1577 1474 1699 1521 οιῚεείἰ·Ι

996 1532 1111 1556 mus.»
1137 1523 1236 1565 (oePro
1253 1525 1352 1556 certo
1375 1523 1553 1558 habemus
1574 1525 1685 1557 Iove..

995 1573 1084 1606 caeli
1122 1581 1204 1606 esse
1240 1581 1383 1615 regem,
1432 1574 1515 1615 quia
1553 1574 1662 1606 tonat.
1687 1578 1697 1610 j

996 1625 1113 1656 Gnoss.
1139 1623 1228 1664 Am.)
1692 1662 1697 1668 y,

1038 1672 1112 1706 2-4.
1141 1673 1312 1716 praesens]
1336 1669 1540 1715 ἐπιφανής.
1580 1673 1637 1706 Sic
1661 1673 1668 1680 “

996 1723 1151 1755 nummis
1186 1723 1220 1755 di
1247 1726 1436 1763 praesentes
1469 1724 1506 1756 et
1529 1732 1590 1764 pr
1607 1736 1647 1751 a.
1690 1762 1693 1764 q

994 1772 1120 1804 tissimi.
1169 1773 1404 1814 spanhemius
1438 1773 1464 1805 1.
1499 1781 1579 1815 pag.
1615 1771 1683 1806 426

994 1823 1124 1854 Auson.
1152 1819 1254 1855 Caes.
1279 1823 1318 1855 2:
1354 1823 1552 1864 Augustum
1581 1823 1682 1855 Rou-

993 1872 1032 1903 In
1054 1872 1153 1903 terris
1169 1873 1318 1912 positum
1332 1872 1473 1914 credidit
1494 1880 1562 1904 esso
1583 1872 1623 1904 de
1659 1885 1661 1888 ’

995 1920 1065 1954 Cfr.
1092 1921 1154 1953 Od.
1183 1922 1219 1961 ⁴,
1245 1922 1301 1961 42,
1327 1922 1382 1954 5⁴.
1422 1920 1460 1961 4,
1487 1921 1545 1961 ⁴43
1572 1921 1626 1955 43.
1683 1931 1685 1933 ¹

994 1970 1176 2013 Britamnis]
1206 1970 1333 2003 Strabo
1362 1970 1394 2004 4.
1418 1980 1456 2013 p.
1480 1971 1565 2004 200:
1598 1971 1636 2004 N

993 2021 1127 2062 μέντοι
1159 2018 1236 2052 τῶν
1269 2018 1468 2054 δυναστῶν
1493 2031 1592 2062 τινες
1616 2017 1669 2054 τῶ
1688 2047 1690 2050 f

994 2066 1135 2103 αὐτόθι
1158 2068 1415 2117 πρεσβεύσεσι
1438 2071 1505 2104 καὶ
1516 2071 1665 2118 ’θεραπε

994 2130 1056 2161 αις
1084 2117 1470 2163 κατασκευασάμενοι
1496 2118 1568 2164 τὴν
1598 2130 1641 2154 π
1656 2135 1684 2149 .,

994 2169 1174 2216 Καίσαρα
1210 2166 1280 2202 τὸν
1312 2167 1512 2210 Σεβαστὸν
1546 2169 1660 2211 φιλία-

994 2216 1230 2262 ἆναθήματά
1241 2229 1282 2252 τε
1293 2215 1491 2263 ἀνέθηκαν
1501 2216 1605 2264 ἐν.τῷ
1618 2219 1666 2253 Kr

995 2268 1159 2313 πιτωλίῳ
1174 2270 1240 2302 καὶ
1256 2270 1403 2303 οἰκείαν
1418 2267 1559 2309 σχεδόν
1573 2279 1609 2303 τι
1624 2278 1665 2302 π
1720 2283 1722 2312 1

994 2317 1234 2365 ρεσκεύασαν
1263 2323 1346 2360 τοῖς
1368 2315 1571 2362 Ῥωμαίοις
1597 2314 1643 2352 ὃλ
1720 2315 1722 2321 ’

993 2367 1064 2412 τὴν
1086 2368 1220 2412 νῆσον.
1246 2370 1335 2403 Satis
1358 2369 1592 2412 hyperbolice
1606 2379 1630 2412 p
1658 2383 1664 2398 ·

994 2422 1074 2462 pter
1096 2421 1185 2452 haec
1206 2421 1455 2453 Britannorum
1477 2420 1592 2453 officia
1608 2429 1628 2453 e
1656 2432 1670 2456 μ

994 2471 1190 2511 Augustum
1213 2471 1250 2502 et
1273 2469 1535 2512 expeditionem
1557 2469 1592 2502 in
1612 2471 1658 2502 Pa

995 2520 1075 2552 thos
1098 2520 1346 2561 praeparatam
1368 2520 1558 2560 utramque
1576 2518 1671 2558 natis

995 2578 1078 2601 nem
1102 2569 1136 2601 in
1159 2568 1336 2601 dicionem
1365 2569 1559 2600 Romanam
1584 2567 1674 2600 red

995 2619 1088 2651 ctam
1113 2626 1194 2651 esse
1220 2618 1304 2650 dicit
1318 2617 1373 2650 vel
1390 2618 1506 2659 potius
1521 2617 1660 2650 vaticin

995 2670 1069 2707 tur,
1107 2677 1189 2700 mox
1216 2667 1290 2700 fore
1301 2692 1317 2708 ,,
1344 2668 1383 2699 ut
1405 2668 1442 2699 et
1463 2666 1519 2699 illa
1542 2668 1578 2699 et
1600 2666 1659 2699 ha

995 2718 1212 2750 domaretur.
1228 2735 1262 2739 —
1276 2717 1402 2750 Graves
1413 2718 1533 2750 autem
1545 2717 1651 2749 Persa
1663 2731 1665 2742 ε
