1722 2904
580 66 715 100 ιιΒΕιι.
762 64 892 98 cinni.
917 65 943 97 1.
978 41 982 43 ’

1433 59 1516 102 649

303 172 415 216 Satis
446 184 665 228 superque
694 182 763 212 me
790 168 1030 226 benignitas
1061 174 1131 210 tua

358 251 537 295 Ditavit:
567 249 682 294 haud
710 262 942 307 paravero,

302 332 430 385 Quod
459 339 533 375 aut
560 344 716 375 avarus
744 337 792 374 ut
820 329 1024 374 Chremes
1054 335 1168 372 terra
1197 342 1415 385 premam.

358 412 602 456 Discinctus
631 418 705 454 aut
733 410 911 468 perdam
944 423 1092 467 nepos.

166 569 221 603 34.
243 569 385 610 perdor·
405 572 444 601 ut
464 577 564 609 nepos
584 567 767 606 bSod,LCt
780 593 789 607 ,
812 566 991 600 Bentleius
1005 593 1013 606 ,
1039 567 1074 599 F.

83 711 300 744 intermediis
321 710 439 743 eidem
461 710 629 743 adiectis·
642 735 650 749 ,
680 710 776 751 quod

82 762 242 804 optatum
263 760 423 803 profecto
445 760 550 793 nimis
579 759 777 793 absurdum

82 810 229 849 fuissem
265 810 382 843 minus
404 810 510 842 etiam
532 809 687 851 loquitur
711 809 777 841 «de

84 858 216 893 Luculli
230 858 427 892 Tusculano
448 860 509 891 aut
530 859 576 891 de
591 858 671 891 villa
694 858 777 891 inde

82 918 104 942 a
127 907 279 942 Tusculo
300 917 415 950 usque
438 908 485 941 ad
500 908 674 947 Circeios,
692 908 778 940 Latii

83 957 271 1000 oppidum,
321 959 487 991 continuo
521 958 635 990 tractu
666 957 779 999 perti-

84 1008 233 1046 nente-;
257 1015 350 1048 quae
373 1006 524 1039 aliorum
545 1007 778 1048 interpretum

83 1058 167 1090 sunt
176 1056 373 1099 opiniones.
396 1056 483 1089 Tres
505 1056 608 1098 igitur
629 1063 690 1088 res
705 1055 780 1096 pri-

85 1106 216 1139 marias
248 1105 341 1138 inter
372 1103 600 1147 locupletium
633 1113 780 1146 posses-

83 1155 204 1189 siones
231 1156 437 1194 enumerat,
470 1153 650 1187 latifundia
686 1154 777 1195 agri,

85 1212 219 1246 pasma
230 1229 239 1244 ‚
261 1202 381 1237 villam
397 1213 550 1237 amoeno
564 1204 633 1236 situ
647 1203 782 1244 magni-

84 1253 152 1286 fiee
174 1254 399 1286 exstructam.
442 1272 479 1277 -
499 1253 630 1295 tanqu]
656 1253 781 1285 Inscri-

83 1302 158 1344 ptio
187 1311 210 1335 a
237 1303 307 1335 Fea
336 1311 381 1335 ex
408 1303 505 1335 Grut.
534 1303 617 1342 879,
646 1301 678 1335 4.
714 1301 781 1334 ad-

84 1352 217 1394 scriptu
237 1351 424 1385 subditicio
447 1353 513 1385 est.

127 1401 182 1434 3⁴.
198 1401 254 1434 32.
284 1401 376 1434 Satis
391 1400 568 1442 superque]
592 1400 704 1443 Epod.
724 1400 777 1439 ⁴7,

86 1450 148 1482 ⁴9:
188 1450 276 1482 Dedi
298 1451 381 1483 sacis
410 1460 573 1492 mer-quo
592 1459 780 1491 poenarum

84 1498 776 1540 tibi.!1dsententiamcf.0d.2,⁴8,⁴2:

84 1551 316 1589 mpoeentom
324 1549 779 1591 mnieanarqior-atlaqtto,

86 1597 572 1631 Smisboamunicissabinis.
597 1599 661 1631 Od.
676 1599 709 1638 3,
724 1598 778 1637 46,

21 1643 25 1645 ’
87 1647 147 1680 38:
170 1647 524 1688 Noesipluravelim,
540 1649 782 1680 tudaredeno-

85 1705 153 1738 σω.
171 1697 253 1738 (Sat.
270 1697 304 1736 2,
322 1697 356 1737 6,
372 1697 417 1738 4.)
429 1714 466 1721 -
487 1698 594 1731 Verba
603 1698 725 1737 antini,
742 1697 782 1728 ut

86 1744 260 1778 luvenalis
281 1746 351 1786 ait,
370 1747 502 1788 profert
522 1746 781 1789 simplicissima

88 1795 126 1827 et
150 1794 198 1827 ad
223 1794 431 1837 pedestrem
452 1797 649 1828 orationem
670 1804 781 1837 prope

88 1843 306 1877 accedentia.
362 1845 420 1877 Sic
451 1847 591 1887 gratum
623 1846 780 1878 animum

87 1894 274 1926 verissime
307 1893 529 1927 demonstrat
561 1903 628 1927 nec
662 1895 781 1926 tamen

89 1942 136 1975 ad
164 1942 274 1976 vilem
305 1943 544 1977 adulationem
584 1943 780 1977 descendit.

88 1993 231 2031 Moneo,
256 1993 339 2034 quia
354 1992 533 2034 Gargallus
555 1993 679 2025 festive
695 1992 784 2025 sub-

89 2042 192 2074 iecit:
230 2042 351 2074 Antoni
380 2043 511 2084 gladios
531 2043 642 2082 potuit
671 2045 783 2074 conte—

88 2099 224 2130 mnere,
247 2091 296 2123 sic
315 2091 344 2123 si
367 2091 489 2122 Omnia
510 2092 657 2123 divisset.

68 2139 75 2142 '
133 2139 188 2172 33.
212 2139 265 2172 34.
301 2140 652 2182 wammchrenoes]
677 2140 783 2172 Vete—

90 2197 150 2221 res
165 2189 296 2221 Horatii
316 2189 530 2231 interpretes
551 2198 621 2221 non
643 2189 688 2221 de
709 2190 784 2221 Me-

91 2236 234 2276 nandri,
259 2237 323 2270 sed
346 2238 391 2269 de
415 2239 566 2270 Terentii
594 2238 782 2270 Chremete

91 2286 200 2318 verba
235 2287 383 2326 faciunt,
430 2286 524 2319 unde
555 2286 784 2327 corrigendus

92 2336 248 2369 Meineke
291 2335 336 2368 ad
369 2336 549 2368 Menandri
583 2336 635 2367 Fr.
665 2345 699 2376 p.
728 2336 781 2367 80.

94 2384 157 2417 Ed.
175 2393 229 2426 pr.
243 2410 251 2424 ,
276 2385 456 2425 ceteroqui
479 2383 710 2426 probabiliter
724 2383 786 2416 do-

826 718 912 742 cens
945 709 980 741 h.
1004 707 1027 740 l.
1052 717 1123 740 non
1156 709 1309 750 cogitare
1336 709 1518 743 Horatium

826 758 871 791 de
906 757 1088 791 Menandri
1127 757 1307 791 Thesauro
1321 783 1329 797 ,
1374 758 1409 790 in
1447 767 1519 799 quo

826 817 935 841 senex
965 808 1174 840 thesaurum
1204 807 1349 849 quidem
1378 809 1414 841 in
1440 817 1518 840 mo-

826 858 998 889 numento
1020 855 1229 896 occultarat,
1254 856 1320 889 sed
1340 866 1412 890 non
1434 866 1521 889 ava-

826 907 926 939 ritiae
942 914 1049 939 eausa
1059 932 1067 943 ,
1091 915 1219 939 verum
1232 908 1273 939 ut
1286 906 1357 940 filio
1371 907 1519 949 prodigo

826 956 1026 998 patrimonii
1041 957 1181 997 partem
1196 957 1366 989 servaret.
1391 957 1519 989 Contra

826 1006 862 1037 in
906 1004 973 1037 alia
1018 1004 1134 1045 aliqua
1174 1005 1357 1038 Menandri
1403 1005 1519 1038 sabula

827 1050 1030 1097 δανειστὴς
1073 1053 1255 1100 Χρέμης,
1304 1053 1522 1101 πρεσβύτης

827 1101 1060 1149 φιλοκερδής
1094 1102 1257 1145 (Alciphr.
1281 1104 1370 1146 Epp.
1394 1105 1434 1144 3,
1458 1104 1519 1144 3.),

828 1153 972 1186 avaritia
988 1151 1168 1194 jmpulsus
1190 1153 1398 1186 thesaurum
1419 1153 1523 1186 vide—

828 1204 886 1235 tur
908 1202 1098 1235 defodisse.
1126 1220 1163 1225 -
1187 1203 1385 1244 Diae-inetur]
1410 1201 1524 1235 «solu-

828 1254 882 1290 ta,
912 1251 993 1284 laxa
1014 1254 1114 1284 veste
1143 1251 1329 1292 indutus»,
1359 1253 1401 1284 ut
1428 1251 1524 1285 sole-

827 1302 915 1335 bant
940 1302 1088 1343 ‹ptodire
1122 1302 1286 1335 homines
1318 1301 1444 1335 molles
1480 1311 1524 1335 ac

828 1352 912 1384 luxu
934 1351 1106 1383 dissoluti.
1138 1351 1220 1392 (Sat.
1246 1352 1285 1391 4,
1309 1353 1347 1391 2,
1372 1352 1440 1393 25.)
1466 1353 1524 1385 Sic

829 1400 921 1433 Sulla
942 1402 1132 1442 optimates
1153 1402 1295 1443 saepius
1320 1401 1521 1441 admonuit,

828 1451 869 1481 ut
890 1449 1016 1482 Iulium
1039 1450 1230 1483 Caesarem
1261 1451 1350 1483 male
1366 1451 1525 1491 praecin-

829 1503 919 1531 ctum
966 1508 1108 1540 puer-mn
1153 1503 1318 1531 caverent.
1378 1501 1522 1532 Sueton.

830 1548 893 1580 lul.
908 1548 961 1581 45.
978 1566 1017 1571 —
1037 1549 1182 1589 perdam
1191 1549 1302 1589 nepos]
1321 1548 1526 1591 Ampleetor

829 1597 1018 1630 lectionem
1053 1597 1194 1630 Codicis
1222 1599 1456 1640 antiquissimi
1483 1600 1521 1631 B.

830 1649 919 1679 Nam
951 1651 990 1679 ut
1021 1647 1067 1679 ab
1100 1648 1142 1680 iis
1165 1648 1341 1680 intrusum
1363 1648 1522 1687 videtur,

831 1697 891 1737 qui
924 1697 982 1729 hic
1016 1705 1159 1738 quoque
1175 1722 1183 1737 ‚
1219 1697 1525 1738 quemadmodum

830 1746 866 1777 in
879 1746 1073 1787 praecedd.
1093 1749 1132 1778 ut
1147 1747 1297 1779 aiv-omes
1309 1772 1317 1787 ,
1342 1755 1526 1789 compara·

830 1796 935 1828 tionis
958 1795 1166 1837 particulam
1191 1797 1427 1837 requirerent.
1465 1796 1526 1828 Est

831 1846 952 1877 autem
985 1845 1123 1886 potius:
1163 1846 1339 1886 «perdam,
1373 1841 1526 1885 ἄσωτος

831 1889 919 1925 ὧν.»
942 1894 994 1926 Ac
1008 1893 1169 1926 similiter
1181 1893 1294 1935 Epod.
1311 1895 1351 1933 2,
1367 1895 1400 1926 5.
1429 1894 1526 1926 haud

830 1943 934 1985 pauci
968 1943 1081 1975 Codd.
1111 1952 1154 1975 ex
1187 1942 1293 1984 gloss.
1332 1942 1523 1976 exhibent:

830 1993 1523 2032 Nequeeaecitaturclassicoutmlosmei

835 2059 873 2065 —
889 2041 1001 2083 nepos}
1015 2042 1282 2074 Multorsohn.
1307 2042 1408 2074 Voss.
1439 2042 1528 2081 «Ns-

831 2099 892 2124 ros
906 2090 1106 2123 luxuriosus
1121 2100 1143 2123 a
1158 2091 1281 2123 Tuscis
1296 2091 1445 2128 dicitur;
1468 2090 1526 2123 vel

831 2148 982 2173 NEPOTES
1008 2141 1092 2172 sunt
1112 2138 1311 2172 luxuriosae
1334 2141 1426 2172 vitae
1459 2140 1527 2172 ho-

833 2190 947 2221 mines
973 2188 1153 2230 appellati,
1192 2189 1288 2231 quod
1321 2198 1391 2221 non
1414 2190 1527 2230 magis

833 2239 887 2270 his
920 2246 979 2270 res
1012 2246 1076 2270 sua
1110 2237 1287 2271 familiaris
1317 2247 1424 2271 curae
1459 2240 1523 2277 est,

834 2295 940 2327 quam
972 2287 1029 2319 iis.
1069 2286 1197 2327 quibus
1230 2289 1333 2329 pater
1364 2296 1527 2328 avusque

833 2336 994 2366 vivunt.»
1035 2336 1159 2367 Fssrns
1181 2335 1313 2369 Miilleri
1340 2345 1419 2377 pag.
1449 2336 1524 2368 ⁴65.

835 2384 904 2416 Cir.
927 2383 1049 2417 Miiller
1070 2385 1230 2417 Emis-ker
1251 2387 1275 2418 1.
1302 2394 1337 2427 p.
1361 2386 1435 2417 277.
