1722 2904
688 87 823 122 LmEn.
870 88 999 121 CARM.
1023 89 1110 121 xvi.

1549 88 1630 130 733

291 192 442 249 Neque
472 178 713 235 intumescit
741 189 824 234 alta
853 190 1013 248 viperis
1043 190 1210 234 humus.

235 271 450 329 Pluraque
479 270 625 315 felices
654 271 923 314 mirabimur:
954 278 1001 314 ut
1031 285 1173 329 neque
1202 270 1332 328 largis

291 354 491 409 Aquosus
521 352 661 394 Eurus
690 365 793 394 arva
823 351 944 394 radat
974 351 1206 402 imbribus,

194 431 414 490 ‘Pinguia
443 445 523 475 nec
552 431 678 475 siccis
709 437 887 474 urantur
915 431 1078 474 semina
1107 431 1271 489 glebis,

288 512 525 569 Utrumque
556 525 659 568 rege
689 518 955 568 temperante
985 511 1197 555 caelitum.

234 593 325 634 Non
356 591 439 635 huc
468 594 608 649 Argoo
638 591 856 634 contendit
885 592 1047 649 remige
1078 593 1225 649 pinus,

264 717 319 749 52.
342 717 411 749 Nec
433 716 547 756 bSTc,
573 717 641 749 LCt
666 718 701 748 et
723 715 913 749 Bentleius.
941 717 1060 758 (Deest
1081 717 1138 749 bic
1162 726 1195 748 v.
1221 717 1255 750 in
1271 718 1323 758 B.)
1346 736 1381 740 —
1408 719 1489 751 Sine
1513 720 1584 752 sus-

220 765 359 798 ficiente
382 766 589 798 auctoritate
614 766 681 798 Fea
704 774 760 797 vv.
786 766 837 797 sic
861 765 1058 798 collocavit:
1095 766 1154 805 56,
1172 766 1209 798 6⁴
1225 792 1233 805 ,
1258 767 1311 805 62,
1337 768 1460 806 57-60,
1481 768 1535 801 63.

177 875 243 908 alte
264 876 459 923 umescit.
481 895 518 899 —
535 876 731 918 intumescit]
755 877 794 908 ut
809 877 875 908 Lu-

176 934 255 958 can.
281 925 319 965 8,
344 925 427 958 370:
461 925 517 957 ubi
539 929 633 958 terra
654 925 804 965 tumebit,
836 925 872 957 id

923 872 1067 916 νοῦσος
1111 874 1266 914 ἐνοχλεῖ
1279 885 1287 894 ·
1313 864 1336 902 ⁷-
1361 896 1382 902 -
1407 875 1513 920 ζώεις
1552 878 1626 926 γὰρ

922 920 1130 967 ἀμέμπτως
1158 921 1302 968 Αὖγαΐς
1323 925 1365 959 ἐν
1387 927 1623 975 καθαραῖσιν

176 976 241 1014 eet,
267 973 440 1007 excelsior
455 975 521 1006 erit
537 977 572 1007 et
588 977 795 1014 montuosa;
820 975 871 1007 sic
919 971 1111 1016 Ὀλύμπου
1151 973 1317 1017 πλησίον
1350 971 1463 1018 ὄντος
1506 979 1617 1020 (quae

175 1024 245 1056 hoc
266 1032 410 1065 quoque
433 1022 528 1056 loco:
555 1033 615 1057 «se
632 1023 780 1063 extollit,
805 1025 874 1056 sich

176 1072 304 1112 erhebt,
327 1074 353 1104 ε’
369 1073 541 1104 innalza.»
571 1072 686 1105 Nolim
702 1074 799 1105 certe
815 1082 874 1104 ex-

175 1120 308 1163 plicare
344 1130 434 1154 «non
468 1121 528 1154 alit
559 1123 701 1163 viperas
733 1130 873 1154 veneno

175 1170 376 1210 tumidas-35»
406 1171 473 1203 sed
501 1171 616 1203 refero
645 1171 692 1203 ad
722 1179 874 1213 serpen-

175 1219 264 1252 tium
295 1220 544 1261 reptationem,
581 1229 651 1261 qua
674 1219 873 1252 alternatim

175 1277 257 1301 sese
288 1268 449 1301 attollunt
471 1271 578 1311 atque
607 1270 793 1302 incurvant
814 1279 875 1301 ra-

173 1318 334 1360 ptimque
357 1319 568 1358 extendunt,
594 1319 684 1351 adeo
707 1320 746 1350 ut
766 1328 873 1361 prae-

177 1368 301 1400 sertim
323 1376 367 1400 ex
389 1367 581 1410 longinquo
602 1369 787 1410 spectanti,
812 1368 873 1401 ubi

175 1417 231 1449 est
263 1416 390 1449 horum
427 1417 604 1459 reptilium
636 1417 800 1450 celeriter
832 1427 872 1450 se

174 1466 384 1498 motantium
399 1465 603 1504 multitudo,
622 1466 736 1499 solum
753 1468 872 1508 ipsum

174 1523 214 1548 se
243 1516 278 1547 in
301 1514 411 1547 altum
438 1515 557 1548 levare
588 1517 694 1557 atque
718 1517 873 1549 intume-

174 1572 277 1596 scere
298 1564 482 1603 videatur;
507 1565 544 1596 id
559 1565 656 1606 quod
670 1573 777 1607 saepe
794 1566 870 1607 ipse

172 1613 262 1651 vidi,
287 1614 557 1653 amoenissima,
590 1614 732 1655 viperas
755 1615 783 1647 si
808 1624 871 1646 ex-

174 1663 332 1704 ceperis,
364 1662 483 1695 Italiae
505 1663 607 1704 prata
628 1664 795 1705 ripasque
821 1664 871 1694 ri-

173 1718 299 1743 vorum
315 1720 461 1754 semper
482 1711 657 1744 solitarius
679 1712 872 1753 perambu-

172 1758 262 1792 lans.
290 1777 326 1783 —
351 1761 406 1803 Ad
435 1769 513 1793 rem
542 1762 657 1802 ipsam
687 1762 749 1794 cfr.
774 1762 867 1802 Virg.

177 1810 238 1841 Ge.
255 1809 294 1849 2,
320 1809 402 1841 ⁴53:
426 1811 494 1842 Nec
510 1811 604 1850 rapit
625 1810 798 1842 immensos
812 1819 871 1842 or-

161 1858 229 1890 'bos
238 1867 302 1898 per·
315 1858 451 1891 humum
465 1868 570 1899 neque
584 1862 676 1891 tanto
688 1860 873 1900 Squameus

174 1907 211 1939 in
236 1907 365 1950 spiram
394 1911 506 1940 tractu
530 1917 563 1940 se
592 1910 716 1950 colliyit
737 1910 869 1951 anquis.

218 1956 336 1989 53-56.
370 1957 590 1989 mirabimur:
623 1958 670 1999 ue]
707 1959 777 1991 Cfr.
806 1958 868 1991 Od.

173 2004 212 2045 3,
246 2004 286 2044 4,
324 2005 462 2038 43-46.
495 2024 531 2029 -
562 2007 722 2047 Aquosus]
757 2008 871 2040 Eurus

174 2054 281 2086 etiam
309 2056 420 2096 magis
450 2064 558 2096 quam
580 2057 715 2088 Auster
736 2056 870 2089 imbres

173 2102 286 2135 affert.
327 2104 450 2136 Caton.
475 2105 548 2136 Dir.
573 2104 631 2137 38:
657 2106 770 2137 Eurus
789 2109 871 2146 agat

171 2152 317 2184 mixtam
342 2153 438 2193 fulva
466 2153 609 2194 caliyine
630 2154 760 2186 nubem.
799 2155 870 2186 Lu—

174 2210 251 2233 can.
270 2202 284 2233 ⁴
302 2226 310 2241 ,
334 2202 417 2234 2⁴9:
441 2203 484 2234 Et
504 2203 649 2235 madidis
670 2204 756 2235 Euri
777 2213 870 2236 reso-

174 2250 263 2282 lutae
283 2250 418 2292 [latibus
438 2251 545 2291 Alpes.
572 2251 641 2284 Cfr.
659 2253 751 2285 Voss
765 2253 867 2292 myth.

173 2298 233 2330 Br.
258 2299 283 2330 1.
308 2308 343 2340 p.
367 2299 443 2331 263.
477 2318 512 2323 —
543 2309 631 2332 arva
656 2301 768 2343 radat]
795 2301 870 2333 «di-

175 2345 249 2379 luat
277 2349 384 2389 atque
416 2348 599 2390 provolvat
631 2350 666 2382 in
694 2351 870 2382 torrentes

174 2404 218 2428 ac
239 2396 420 2429 flumina.»
445 2398 582 2430 Lucret.
601 2399 640 2438 5,
665 2400 746 2431 257:
776 2400 871 2439 ripas

171 2445 330 2477 radentia
350 2447 492 2487 flumina
505 2448 640 2479 rodunt.
662 2466 697 2470 —
714 2448 867 2489 Pinyuia]

176 2493 348 2527 «fecundo
371 2504 478 2528 succo
501 2496 673 2537 turgida.»
700 2515 734 2519 —
761 2495 871 2528 urcin-

175 2543 242 2585 tur]
265 2544 368 2576 Anth.
394 2544 465 2576 Pal.
483 2545 524 2577 11.
542 2553 578 2586 p.
597 2544 672 2578 845.
698 2545 743 2577 de
766 2547 871 2578 Prota

176 2593 211 2623 in
234 2591 359 2625 beatas
392 2592 523 2626 insulas
554 2594 775 2626 transvecta:
815 2591 869 2626 Οὔ

177 2638 321 2682 χειμών
354 2639 467 2673 λυπεῖ
496 2642 554 2682 (τ’,
590 2637 636 2674 οὗ
671 2640 786 2684 καῦμ’
823 2638 869 2676 οὗ

922 1024 1067 1065 quidem
1102 1033 1193 1056 nova
1227 1025 1368 1058 videtur
1401 1027 1541 1069 imago).
1584 1047 1619 1052 —

921 1074 1141 1114 temperante]
1181 1073 1362 1116 «benigne
1403 1077 1450 1109 ita
1491 1078 1620 1111 mode-

923 1125 1041 1162 rante,
1078 1125 1118 1155 ut
1148 1132 1215 1156 nec
1244 1125 1341 1158 nimii
1371 1134 1414 1158 ac
1437 1128 1529 1159 noxii
1561 1136 1623 1160 ca-

923 1172 1008 1204 dant
1030 1171 1164 1204 imbres
1187 1181 1304 1213 neque
1328 1173 1412 1207 solis
1427 1178 1547 1209 aestus
1563 1186 1623 1210 se-

923 1223 1022 1262 getes
1038 1222 1204 1253 torreat.»
1240 1222 1381 1256 Fundus
1403 1226 1623 1266 φαντασίας

924 1272 978 1303 est
1008 1269 1135 1311 Odyss.
1161 1268 1197 1309 δ,
1222 1271 1298 1303 566.
1325 1272 1360 1303 in
1390 1271 1546 1313 Elysioz‘
1568 1271 1621 1307 Οὐ

924 1318 1097 1359 νιφετός,
1130 1315 1210 1351 οὔτ’
1239 1315 1291 1364 ἄρ
1319 1318 1464 1362 χειμών
1487 1321 1619 1364 πολύς,

924 1364 1012 1401 οὔτε
1027 1369 1109 1400 ποτ’
1126 1364 1294 1414 ὄμβρος,
1308 1365 1397 1401 Ἀλλ’
1411 1371 1487 1403 αἰεὶ
1501 1370 1623 1412 Ζεφύ-

922 1427 1007 1464 ροιο
1030 1413 1115 1460 λιγύ
1130 1420 1330 1459 πνείοντας
1347 1415 1471 1462 ἀήτας
1483 1417 1621 1454 ’,Ωκεα-

921 1464 989 1508 νὸς
1022 1463 1176 1510 ἀνίησιν
1209 1463 1431 1509 ἀναψύχειν
1464 1466 1619 1517 ἀνθρώ-

922 1526 1030 1557 πους.
1047 1535 1083 1539 -
1098 1518 1149 1548 De
1167 1518 1510 1558 transpositionibus,
1529 1529 1619 1561 quas

922 1565 1078 1598 nonnulli
1102 1566 1159 1597 hic
1183 1565 1300 1597 facere
1323 1566 1527 1607 voluerunt,
1559 1578 1621 1602 re-

922 1618 978 1648 cte
1013 1616 1061 1646 ita
1095 1615 1251 1656 disputat
1286 1616 1451 1648 Iahnius:
1494 1619 1620 1651 «Poeta

919 1665 1076 1706 primum
1100 1673 1161 1696 eas
1184 1664 1378 1697 insularum
1401 1665 1539 1699 illarum
1554 1667 1622 1700 do-

921 1715 992 1752 tes⁷
1030 1722 1122 1754 quae
1151 1714 1245 1744 terra
1277 1714 1350 1755 ipsa
1375 1716 1617 1755 continentur,

919 1771 975 1793 vv.
1002 1761 1118 1794 43-52.
1145 1761 1354 1804 descripsit,
1381 1763 1510 1796 deinde
1533 1774 1592 1798 res
1610 1791 1617 1803 ,

921 1820 1013 1852 quae
1037 1812 1257 1844 extrinsecus
1271 1813 1438 1852 veniunt,
1471 1813 1621 1846 subiun-

920 1861 980 1892 xit.
1005 1861 1112 1892 Terra
1147 1861 1223 1902 ipsa
1254 1860 1338 1893 nihil
1369 1862 1403 1893 in
1433 1871 1472 1895 se
1505 1865 1620 1896 conti-

921 1911 1000 1948 net,
1035 1909 1130 1950 quod
1155 1911 1215 1941 aut
1238 1911 1331 1950 agris
1354 1913 1415 1942 aut
1437 1911 1560 1946 incolis
1583 1915 1620 1945 et

921 1958 1086 1999 gregibus
1117 1960 1260 1997 noceat,
1298 1968 1414 2000 neque
1444 1962 1619 1994 extrinse-

922 2016 984 2040 cus
1020 2007 1111 2040 mala
1145 2008 1302 2040 veniunt.
1350 2010 1488 2042 Etenim
1516 2019 1620 2051 agros

923 2065 1038 2098 neque
1069 2057 1198 2089 nimiae
1230 2055 1369 2098 pluviae
1393 2060 1522 2091 vexant
1552 2069 1619 2092 nec

921 2106 1060 2138 siccitas
1088 2106 1218 2144 exurit,
1255 2105 1389 2138 incolae
1413 2115 1433 2137 a
1456 2109 1619 2149 peregri—

920 2156 974 2187 nis
1005 2154 1137 2187 dolosis
1165 2163 1236 2186 non
1268 2154 1469 2194 turbantur.
1506 2166 1620 2198 pecu-

920 2203 984 2235 des
1013 2203 1167 2244 denique
1197 2202 1298 2236 nullis
1326 2205 1495 2245 contagiis
1517 2205 1620 2238 labo-

920 2254 1009 2284 rant.
1056 2253 1164 2292 Igitur
1187 2260 1303 2292 neque
1331 2253 1535 2286 hominibus
1558 2264 1620 2287 ne-

920 2310 990 2342 que
1014 2301 1179 2342 gregibus
1202 2301 1396 2342 quidquam
1419 2303 1619 2336 timendum

921 2351 1010 2383 est.»

963 2399 1080 2431 57-69.
1113 2400 1188 2431 Non
1209 2399 1283 2439 huc]
1309 2400 1482 2432 «Intactae
1500 2400 1618 2433 adhuc

921 2449 1003 2479 sunt
1031 2446 1164 2480 insulae
1196 2446 1273 2479 illae
1296 2447 1423 2480 heatae
1446 2457 1467 2480 a
1490 2450 1618 2481 nauta-

920 2505 1001 2528 rum
1043 2497 1158 2529 omnis
1199 2497 1339 2538 generis
1377 2499 1614 2538 commercio,

921 2545 1083 2587 adeoque
1113 2546 1334 2578 innocentiae
1366 2545 1511 2587 plenae,
1550 2548 1617 2580 ita-

921 2602 990 2635 que
1014 2603 1080 2627 nos
1104 2603 1246 2636 quoque
1275 2593 1323 2626 ibi
1352 2595 1416 2627 tuti
1439 2595 1572 2629 erimus
1595 2605 1615 2628 a

920 2643 1032 2682 vitiis,
1070 2652 1162 2684 quae
1186 2642 1231 2675 illi
1256 2642 1457 2685 ubicunque
1481 2646 1615 2686 ponunt
