1722 2904
155 88 237 130 492

668 88 840 122 HORATII
865 87 1092 123 CARMINUM

383 192 450 235 Sis
480 191 580 235 licet
608 191 725 242 felix,
757 191 1006 249 ubicunque
1037 191 1191 242 mavis,
1239 214 1242 217 ·

379 274 429 316 Et
458 286 624 316 memor
652 272 803 323 nostri,
837 271 1031 323 Galatea,
1065 271 1205 322 vivaS,

379 355 525 412 Teque
556 367 638 397 nec
667 353 816 397 laevus
845 359 961 396 vetet
991 353 1055 396 ire
1085 352 1208 409 picus

1551 352 1603 396 ⁴5

546 435 635 478 Nec
662 447 773 491 vaga
801 434 960 477 cornix.

379 540 466 584 Sed
494 540 641 590 vides,
673 544 833 596 quanto
864 537 1050 595 trepidet
1081 538 1264 583 tumultu

377 622 543 664 Pronus
575 620 721 664 Orion.

782 621 870 677 Ego
901 618 1006 676 quid
1036 618 1090 662 sit
1119 625 1211 664 ater

378 701 565 745 Hadriae
594 701 694 744 novi
725 700 845 744 sinus
876 706 919 744 et
948 699 1055 757 quid
1085 699 1209 744 albus

242 822 292 854 45.
320 821 430 854 laevos
453 821 597 862 antiqua
620 820 794 862 scriptura
817 820 856 852 B.
884 818 932 842 —‘
944 823 1031 853 vetet
1050 820 1278 861 BhSTc,CtF:
1309 824 1402 855 votat
1423 830 1444 854 e
1468 822 1554 856 Cod.

195 871 362 904 Vaticano
394 871 493 911 (Pott.
520 869 586 910 47.)
611 871 654 911 L,
690 868 802 903 Bentl.
826 870 871 903 M.
915 868 967 909 (Ut
997 879 1081 913 nos,
1114 870 1159 912 J.)
1186 890 1223 896 -
1249 871 1302 904 47.
1327 871 1472 913 trepidat
1491 872 1555 905 BS.

198 922 278 962 (non
301 921 400 962 ch.)

195 1026 247 1058 43.
283 1026 337 1058 Sis
368 1026 452 1068 licet]
487 1027 701 1060 Tenerrimis
732 1028 849 1061 versi-

150 1075 235 1115 bus,
271 1075 433 1108 dolorem
457 1076 502 1108 de
526 1077 662 1109 amicae
686 1077 849 1110 discessu

149 1133 334 1166 premens,
369 1126 468 1166 huic,
501 1126 699 1159 dummodo
723 1136 849 1159 aman-

149 1173 192 1205 tis
230 1175 651 1215 memoriam-retineat,
698 1175 849 1209 liberam

148 1222 397 1264 proficiscendi
414 1225 594 1266 optionem
611 1225 688 1265 dat,
714 1226 851 1258 denuo-

149 1279 219 1313 que
243 1274 357 1313 optat,
384 1281 428 1305 ne
452 1272 564 1306 ullum
587 1282 695 1306 omen
717 1275 849 1306 adver-

149 1329 230 1352 sum
264 1320 409 1353 abeunti
444 1323 602 1363 eveniat,
640 1323 706 1355 sed
739 1323 848 1355 maris

149 1369 391 1411 periculorum
422 1372 523 1404 anxie
554 1381 635 1405 eam
665 1372 845 1404 admonet.

151 1438 186 1441 —
223 1420 312 1452 Licet
348 1420 383 1452 h.
416 1419 438 1452 l.
467 1429 537 1453 non
577 1427 862 1463 «quamquam,

148 1468 257 1508 etsi»,
283 1469 349 1501 sed
372 1470 406 1501 in
430 1471 612 1511 precando
636 1472 845 1513 usurpatur,

147 1518 186 1549 ut
220 1517 294 1550 fere
330 1518 426 1550 idem
459 1520 505 1551 sit
538 1520 645 1561 atque
674 1521 710 1552 in
739 1529 845 1562 prosa

147 1568 237 1598 orat.
257 1576 349 1608 «per
367 1576 459 1600 me».
485 1569 585 1614 Ovid.
603 1570 685 1602 Met.
705 1569 742 1609 3,
760 1569 845 1602 405:

147 1615 203 1647 Sic
225 1620 314 1649 amet
335 1618 394 1649 iste
416 1617 506 1658 licet,
542 1618 589 1650 sic
610 1627 677 1651 non
694 1620 849 1659 potiatur

146 1669 273 1698 amato.

190 1715 243 1747 45.
263 1715 315 1747 46.
341 1715 455 1748 laevus
468 1734 484 1740 -
493 1716 602 1758 picus]
622 1717 726 1758 Apud
742 1716 847 1750 Plau-

145 1766 222 1797 tum
239 1765 343 1805 (Asin.
362 1766 395 1805 2,
415 1766 446 1804 4,
466 1766 532 1806 42.)
547 1766 701 1798 faustum
717 1767 771 1799 est
786 1775 848 1799 au·-

145 1814 296 1855 gurium.
334 1814 404 1846 Sed
427 1823 514 1847 num
537 1815 571 1847 in
594 1816 649 1848 his
666 1815 844 1848 ominibus

145 1863 345 1896 doctrinam
388 1863 595 1904 auguralem
637 1863 727 1897 alter
763 1866 844 1897 uter

144 1913 249 1953 poeta
283 1914 448 1945 accurate
483 1914 651 1954 servarit,
688 1913 844 1946 dubitari

144 1962 274 2003 potest.
324 1963 384 2003 (De
414 1962 481 1994 hac
509 1972 549 1995 re
577 1963 842 1995 accuratissime

144 2010 300 2052 disputat
308 2011 339 2043 J.
352 2011 486 2043 Grimm
499 2012 611 2044 Gesch.
623 2013 656 2044 d.
671 2013 844 2045 deutschen

142 2060 221 2100 Spr.
247 2069 323 2102 cap.
349 2061 416 2093 XL.
442 2062 540 2093 Recht
568 2062 641 2093 und
665 2061 778 2104 Link.)
804 2080 840 2084 —

141 2110 237 2152 velet]
264 2110 433 2142 Tenerior
455 2111 512 2142 hic
536 2119 664 2143 sensus
686 2112 840 2151 videtur,

142 2160 182 2191 ut
219 2168 344 2192 rursus
383 2160 535 2192 infausta
574 2160 672 2201 signa
711 2160 843 2202 depre-

143 2210 261 2248 cetur,
298 2217 407 2249 quam
430 2210 460 2241 si
482 2209 652 2242 Lambino
676 2211 713 2242 et
733 2210 843 2242 Bent-

142 2256 210 2289 leio
247 2257 481 2299 probantibus
521 2267 605 2291 cum
643 2267 715 2291 uno
751 2258 838 2291 Cod.

141 2306 251 2338 Vatic.
278 2306 374 2347 legas
395 2310 494 2339 vetat.
535 2309 587 2341 Ita
608 2309 703 2341 enim
726 2309 842 2341 totum

141 2355 260 2388 locum
283 2357 365 2389 inde
389 2366 407 2389 a
431 2366 465 2389 v.
485 2359 516 2390 7.
537 2359 680 2400 exponit
701 2359 841 2391 Britan-

142 2414 226 2438 nus:
254 2406 362 2438 «Siste
383 2405 592 2449 paullisper,
620 2407 707 2440 dum
722 2408 841 2440 omina

143 2455 312 2496 capimus.
339 2456 381 2488 Et
403 2456 563 2497 profecto
587 2456 701 2490 fausta
725 2458 842 2489 conci-

142 2506 296 2536 nuerunt
311 2514 408 2538 aves.
430 2504 542 2538 Salvis
558 2507 724 2548 auspiciis
740 2506 839 2539 abire

143 2554 274 2594 poteris
288 2556 340 2593 et,
357 2554 542 2595 ubicumque
555 2556 673 2595 mavis,
691 2555 840 2589 feliciter

142 2603 249 2635 vitam
272 2612 389 2644 agere.
437 2605 511 2636 Nec
534 2604 647 2638 laevus
665 2605 761 2646 picus
779 2614 840 2638 ne-

143 2660 211 2692 que
235 2661 325 2694 vaya
347 2653 467 2686 corneas
487 2657 577 2687 vetat
604 2657 641 2691 te,
664 2655 730 2695 ire,
768 2663 838 2697 quo

898 1027 996 1061 libet.
1044 1027 1115 1060 Sed
1138 1026 1227 1060 illud
1241 1026 1384 1060 interim
1398 1034 1470 1059 non
1484 1025 1598 1067 vides,

900 1077 997 1119 quod
1020 1076 1186 1110 omnibus
1207 1076 1374 1118 auspiciis
1390 1076 1505 1109 maius
1522 1077 1600 1109 est?

899 1127 990 1159 cet.»
1026 1145 1062 1150 —
1087 1126 1220 1168 corni-v]
1249 1126 1344 1167 Virg.
1370 1124 1442 1158 Ecl.
1469 1124 1508 1165 9,
1538 1124 1596 1158 ⁴4:

899 1177 994 1216 Quod
1015 1176 1080 1208 nisi
1101 1184 1153 1208 me
1171 1193 1192 1199 -
1209 1193 1230 1199 -
1250 1174 1334 1208 Ante
1355 1175 1493 1207 sinistra
1514 1183 1602 1208 cava

896 1225 1075 1257 monuisset
1095 1225 1137 1257 ab
1159 1225 1233 1257 ilice
1253 1224 1386 1256 cornix.
1407 1241 1444 1247 —
1462 1224 1598 1256 Novem

898 1275 963 1307 ista
998 1275 1117 1307 omina
1153 1274 1284 1316 partim
1316 1272 1429 1313 laeta,
1468 1272 1599 1314 partim

898 1324 1070 1364 adversa,
1096 1324 1204 1356 nimia
1219 1321 1395 1360 nonnullis
1411 1322 1485 1355 visa
1498 1322 1598 1361 sunt;
1634 1318 1638 1329 '

897 1374 963 1406 sed
994 1374 1088 1406 hanc
1128 1372 1418 1414 superstitionem
1447 1369 1600 1413 popula-

897 1431 977 1456 rem
998 1420 1111 1455 semel
1140 1421 1291 1463 poeticis
1326 1419 1507 1454 coloribus
1534 1429 1599 1452 or-

897 1482 983 1505 nare
1007 1481 1072 1504 suo
1095 1472 1172 1504 iure
1197 1469 1310 1503 voluit
1329 1470 1447 1512 po'eta.

896 1539 899 1541 ·
941 1522 994 1555 47,
1011 1522 1065 1555 48.
1080 1521 1220 1562 trepidet
1229 1519 1383 1562 tumultu]
1396 1528 1450 1562 pr.
1467 1528 1599 1561 «quan-

897 1573 933 1604 to
957 1571 1065 1604 Orion
1088 1571 1241 1612 agitetur
1263 1568 1452 1607 tumultu»,
1476 1569 1514 1601 id
1529 1570 1595 1609 est,

898 1622 1070 1663 «quantas
1094 1618 1329 1662 tempestates
1352 1619 1509 1660 inquieta
1532 1626 1597 1651 sua

896 1671 931 1703 vi
967 1671 1148 1703 concitans
1176 1678 1307 1710 pronus
1333 1668 1380 1701 ad
1429 1676 1599 1701 occasum

896 1720 1054 1760 festinet,
1079 1720 1194 1752 ruat.»
1219 1737 1257 1742 —
1280 1719 1426 1759 Pronus,
1449 1719 1490 1751 ut
1504 1718 1599 1751 dovo-

894 1778 962 1801 oeus
989 1769 1052 1802 Od.
1082 1769 1119 1809 4,
1144 1768 1204 1808 28,
1229 1768 1284 1800 24.
1308 1768 1349 1800 Α.
1375 1767 1410 1800 d.
1435 1767 1477 1800 V.
1512 1767 1597 1800 Idus

895 1818 1102 1858 Novembr.,
1119 1818 1212 1850 teste
1223 1816 1332 1850 Plinio
1346 1817 1399 1857 48,
1413 1816 1450 1849 34
1460 1841 1482 1857 .,
1500 1816 1598 1849 Orio-

895 1868 950 1901 nis
972 1866 1110 1909 gladius
1133 1866 1298 1899 occidere
1313 1866 1444 1908 incipit.
1483 1866 1591 1898 Leon.

895 1918 973 1949 Tar.
991 1917 1096 1949 Anth.
1115 1914 1187 1948 Pal.
1204 1916 1232 1948 I.
1245 1924 1281 1957 p.
1296 1915 1380 1948 385:
1404 1913 1596 1961 δνοφερῆς

894 1963 1049 2008 κύματα
1065 1959 1451 2007 πανδυσίηςἼῑβλαψ
1464 1959 1597 2010 Ὠρίω-

893 2025 973 2056 νος.
981 2034 1017 2038 -
1031 2014 1116 2055 ater]
1129 2013 1323 2054 «funestus,
1335 2011 1592 2056 periculosus.»

938 2065 991 2097 49.
1015 2062 1288 2104 Hadriae-sinus]
1312 2061 1524 2105 Simpliciter
1539 2063 1596 2095 est

895 2122 1015 2147 «mare
1049 2112 1308 2152 Hadriaticum,
1345 2112 1442 2154 quod
1475 2112 1595 2145 sinum

893 2163 1002 2196 maris
1034 2161 1142 2194 efficit
1171 2162 1264 2194 inter
1291 2160 1426 2194 Italiam
1453 2162 1490 2194 et
1510 2161 1594 2203 Epi—

891 2221 973 2245 rum
1005 2210 1301 2253 Illyricumque»;
1337 2220 1426 2243 non:
1472 2219 1593 2244 «mare

891 2261 1153 2300 Hadriaticum,
1194 2268 1279 2293 cum
1311 2260 1347 2292 in
1377 2263 1471 2292 atros
1501 2260 1594 2293 sinus

892 2311 1060 2343 curvetur
1071 2335 1079 2350 ,
1097 2308 1264 2342 fluctibus
1278 2310 1533 2343 intumescat.»
1552 2327 1590 2334 -

891 2360 975 2392 Tota
1001 2359 1122 2391 autem
1145 2359 1322 2391 sententia
1344 2359 1380 2391 in
1402 2366 1509 2401 prosa
1535 2366 1588 2391 or.

891 2409 960 2441 hoc
983 2407 1174 2449 significat:
1212 2408 1322 2449 «Ego,
1358 2416 1468 2449 quam
1491 2407 1591 2449 peri-

891 2456 1054 2490 culosum
1077 2465 1223 2499 semper
1245 2457 1290 2490 sit
1311 2457 1380 2489 iter
1400 2465 1467 2499 per
1488 2463 1590 2489 mare

891 2506 1152 2546 Hadriaticum,
1200 2506 1418 2548 experientia
1462 2506 1589 2539 doctus

891 2550 1012 2595 nov'i3»
1036 2556 1185 2598 propter
1199 2556 1322 2588 cautes
1337 2555 1432 2588 enim
1453 2556 1490 2587 et
1503 2563 1590 2587 saxa

889 2604 1071 2646 naufragia
1095 2604 1336 2646 frequentiora
1359 2604 1434 2637 fere
1457 2604 1588 2637 suntin

889 2656 969 2688 sinu
988 2655 1098 2688 maris
1122 2662 1230 2696 quam
1248 2655 1284 2687 in
1306 2654 1384 2697 ipso
1399 2653 1469 2687 alto
1485 2654 1585 2687 mari.
