1722 2904
205 107 288 148 396

672 362 986 403 cm

711 109 882 141 HORATll
908 109 1132 142 CARMlNUM

1029 363 1187 403 vm-

429 476 588 518 Martiis
619 475 791 519 caelebs
823 475 929 533 quid
960 489 1082 533 agam
1114 474 1340 525 Kalendis,

430 556 543 609 Quid
573 556 706 600 velint
735 556 866 600 flores
897 562 940 599 et
970 570 1122 600 acerra
1149 555 1287 599 thuris

434 636 582 687 Plena,
618 637 808 687 miraris,
840 637 1097 695 positusque
1126 637 1258 681 carbo
1288 637 1332 680 in

655 718 855 776 Caespite
887 718 1011 768 vivo,

288 840 374 871 V111.
400 840 510 871 Inscr.
536 837 626 879 volg.
674 838 725 870 Ad
745 839 997 878 Maecenatem,
1024 839 1060 870 et
1082 838 1134 871 sic
1156 837 1294 871 BhSTc.
1323 856 1359 862 —
1397 840 1428 872 4.
1452 840 1610 874 Kalendis

245 888 371 927 BbS,t:
397 889 548 921 Calendis
563 889 622 926 Tc,
641 889 665 920 L
682 913 689 927 ,
714 886 848 927 Bentl.,
875 887 964 921 FMJ.
985 906 1022 911 —
1047 889 1080 921 2.
1106 889 1194 921 turis
1218 889 1255 921 T.
1283 907 1320 912 —
1345 888 1378 922 3.
1403 890 1526 924 iet-om.
1546 891 1606 924 Bc.

246 938 397 978 (Habent
421 937 523 978 bST.)

244 1045 329 1076 V111.
367 1045 610 1077 Maecenatem
644 1044 689 1076 ad
723 1043 819 1076 dlem
849 1043 902 1076 fe-

199 1095 295 1126 stum
329 1092 566 1126 Kalendarum
600 1094 805 1126 Martiarum
842 1102 902 1126 se-

199 1152 282 1175 cum
306 1142 561 1176 celebrandum
583 1144 707 1175 invitat
722 1143 898 1183 Horatius,

197 1192 253 1225 vel
285 1193 392 1225 etiam
415 1193 564 1225 invitare
589 1202 627 1225 se
654 1193 900 1225 tantummodo

198 1242 312 1283 fingit,
349 1242 385 1274 id
415 1242 513 1283 quod
542 1243 627 1275 mihi
655 1242 801 1284 quidem
824 1243 901 1274 veri

199 1290 348 1324 similius
382 1292 535 1324 videtur.
584 1293 698 1324 Scena
733 1292 900 1324 carminis

198 1342 244 1373 ita
268 1343 323 1374 est
346 1343 570 1384 comparata,
596 1343 696 1383 quasi
712 1343 901 1375 Maecena-

198 1392 272 1423 tem
305 1391 449 1423 iamiam
481 1390 594 1432 epulis
625 1392 793 1433 excipiat,
831 1392 900 1424 mi-

197 1442 354 1480 rantem,
392 1450 456 1473 cur
487 1440 630 1474 caelebs
662 1443 799 1474 amicus
830 1442 899 1474 hoc

196 1489 305 1522 modo
321 1490 524 1526 Mati-unalia
542 1490 711 1523 celebret.
734 1492 785 1524 De
802 1500 900 1524 com-

197 1540 380 1581 positionis
411 1540 574 1582 tempore
607 1540 752 1573 consule
782 1541 899 1573 Lach—

196 1598 368 1622 mannum
391 1590 426 1622 in
450 1590 621 1623 Excursu.

240 1640 271 1671 4.
300 1640 623 1682 Martiis-Kalendis]
648 1642 699 1673 De
723 1642 898 1674 Matrona-

195 1687 334 1721 nalibus
348 1689 383 1721 in
396 1689 571 1722 honorem
587 1690 729 1723 Iunonis
741 1691 894 1723 Lucinae

195 1737 384 1772 celebratis
416 1739 478 1771 cfr.
512 1739 610 1772 Ovid.
644 1741 735 1773 Fast.
760 1741 799 1779 3,
830 1741 894 1773 233

195 1796 249 1829 sq.
270 1783 474 1821 Pseudotib.
498 1789 536 1828 3,
565 1790 601 1829 4,
630 1790 665 1821 4;
691 1791 813 1822 Martis
827 1791 895 1823 Ro—

192 1838 286 1869 mani
314 1838 416 1878 festae
447 1847 566 1871 venere
601 1839 772 1872 Kalendae
805 1839 895 1882 (Ea)-

194 1887 303 1919 oriens
328 1888 450 1919 nostris
479 1888 531 1920 hic
559 1888 624 1930 fuit
646 1898 755 1921 annus
778 1891 851 1922 avis
858 1890 891 1931 )‚

192 1938 236 1969 Et
255 1946 347 1978 vaga
368 1947 456 1969 nunc
478 1941 571 1970 certa
593 1939 785 1972 discurrant
797 1941 896 1972 undi-

193 1996 255 2027 que
266 1996 392 2027 pompa
405 1988 531 2027 Perque
551 1988 626 2020 vias
647 1988 739 2020 urbis
751 1998 894 2022 munera

194 2037 357 2078 (strenae)
388 2046 516 2078 perque
545 2039 668 2070 domos.
699 2039 820 2072 iuven.
853 2039 890 2080 9,

192 2086 245 2118 53.
272 2088 376 2119 vocat
387 2087 547 2128 femineas
572 2089 751 2121 Kalendas.
799 2090 894 2122 Mar-

193 2135 282 2168 tialis
305 2136 351 2168 ad
374 2136 507 2169 Gallam
523 2139 562 2178 5,
588 2137 647 2178 84,
674 2138 710 2170 9:
736 2138 808 2171 Scis
823 2147 894 2171 cer-

191 2189 240 2225 te,
269 2189 371 2226 pato,
402 2190 514 2218 vestra
543 2188 614 2219 imm
634 2188 748 2220 venire
768 2188 894 2220 Satur-

192 2235 301 2275 nalia,
337 2236 482 2268 Martias
512 2237 691 2269 Kalendas.
733 2236 889 2270 Macrob.

192 2285 261 2316 Sat.
290 2285 326 2323 4,
355 2285 414 2316 42:
449 2286 492 2317 El
518 2287 620 2318 servis
642 2295 762 2318 coenas
784 2295 892 2327 appo-

189 2333 311 2365 nebant
338 2337 526 2367 matronae.
576 2335 782 2370 Celebratas
811 2344 891 2369 esse

191 2391 304 2423 usque
336 2383 381 2415 ad
412 2392 444 2416 a.
478 2384 553 2417 553.
580 2385 647 2417 sub
682 2386 889 2425 Iustiniano,

191 2433 274 2463 tune
299 2433 502 2467 interdictas
520 2443 602 2467 cum
618 2434 693 2467 aliis
710 2434 892 2476 gentilium

191 2481 439 2523 sollemnibus,
466 2486 648 2518 annotavit
663 2484 797 2518 Preller
808 2486 892 2518 Phi-

191 2530 247 2563 lol.
274 2533 298 2563 1.
325 2541 359 2574 p.
379 2533 454 2565 35⁴.
481 2543 524 2566 ex
542 2535 654 2567 Photii
685 2536 784 2576 Synt.
804 2537 888 2568 Can.

190 2580 226 2611 T.
260 2581 310 2613 43.
342 2583 380 2614 C.
409 2583 463 2614 2⁴.
514 2583 756 2624 («Matronalia
792 2585 891 2618 dice-

191 2628 319 2661 bantur
349 2640 408 2670 eo,
446 2632 542 2673 quod
575 2634 690 2666 mariti
713 2643 778 2675 pro
809 2643 893 2667 con-

191 2680 390 2713 servatione
426 2683 579 2724 coniugii
611 2682 889 2726 supplicabant.»

953 1044 1091 1076 Comm.
1129 1044 1251 1087 Cruq.)
1289 1063 1326 1068 —
1362 1045 1498 1088 caelebs]
1534 1046 1652 1079 «Cum

952 1095 1002 1133 tu,
1028 1093 1133 1126 docte
1157 1094 1289 1134 amice,
1313 1094 1428 1137 probe
1452 1093 1580 1129 calleas
1601 1096 1653 1128 ri-
1709 1136 1717 1138 .

950 1144 1009 1176 tus
1044 1144 1151 1185 atque
1185 1144 1421 1183 caerimonias
1454 1146 1649 1186 Romanas,

951 1193 1100 1226 fortasse
1124 1193 1324 1234 miraberis,
1350 1203 1415 1227 cur
1437 1203 1522 1237 ego,
1547 1193 1653 1228 caeli-

950 1242 1039 1275 bum
1074 1251 1156 1276 cum
1191 1242 1308 1276 nullae
1339 1244 1375 1277 in
1397 1243 1651 1278 matronalibus

951 1293 1021 1325 sint
1043 1293 1182 1334 partes,
1219 1293 1352 1335 quippe
1386 1302 1479 1335 quae
1502 1294 1550 1327 ad
1571 1303 1652 1328 ma-

950 1343 1071 1375 tronas
1106 1341 1290 1375 dumtaxat
1319 1344 1356 1375 et
1384 1344 1531 1377 maritos
1563 1353 1651 1386 per-

950 1393 1101 1432 tineant,
1139 1400 1181 1424 ea
1213 1391 1441 1426 nihilominus
1473 1393 1523 1426 ita
1553 1391 1651 1428 cele-

949 1441 1077 1474 brem‘?
1110 1442 1262 1482 Verum,
1293 1442 1359 1475 etsi
1383 1451 1450 1484 ego
1471 1452 1539 1486 pro
1562 1451 1651 1477 con·

949 1492 1038 1532 iugis
1062 1492 1333 1524 conservatione
1356 1493 1440 1524 vota
1465 1493 1649 1535 suscipere

947 1550 1099 1582 remque
1142 1541 1299 1574 divinam
1333 1541 1451 1575 facere
1482 1537 1623 1584 nequeo
1638 1568 1646 1583 ,

947 1592 1096 1633 propter
1126 1589 1231 1624 aliam
1261 1591 1382 1624 tamen
1407 1599 1557 1625 causam
1578 1592 1648 1626 hoc

947 1639 1119 1673 sollemne
1144 1639 1274 1673 obeo.»

989 1689 1084 1723 2-4.
1122 1690 1233 1733 flores]
1271 1691 1367 1724 serta
1405 1692 1442 1724 et
1478 1700 1645 1726 coronae.

945 1739 1044 1772 Ovid.
1071 1740 1162 1772 Fast.
1187 1739 1224 1780 3,
1242 1740 1318 1772 253.
1343 1741 1438 1774 Mars
1461 1740 1507 1774 de
1529 1743 1646 1775 malm

944 1797 1026 1829 sua,
1051 1790 1186 1821 Iunone
1209 1789 1359 1832 Lucina,
1396 1790 1444 1822 ita
1466 1791 1648 1837 matram

944 1837 1153 1880 alloquitur:
1177 1839 1273 1871 Ferte
1288 1839 1371 1872 deae
1381 1840 1502 1882 florem·
1523 1840 1649 1882 quaet

941 1888 1134 1930 florentibus
1147 1888 1255 1920 herbis
1267 1889 1358 1921 Haec
1372 1890 1454 1922 dea:
1476 1890 1517 1922 de
1534 1893 1647 1924 tenero

943 1938 1064 1979 cinyite
1076 1939 1161 1980 flore
1175 1941 1286 1979 caput.
1304 1956 1341 1962 -
1358 1939 1492 1982 acerra]
1508 1939 1648 1983 θυμια-

941 1985 1094 2034 τήριον,
1112 1986 1353 2034 λιβανωτρίς,
1371 1997 1454 2022 arca
1469 1989 1624 2023 thuraria
1634 2016 1643 2031 ,

942 2047 1014 2070 non
1027 2037 1259 2071 thuribulum.
1277 2039 1408 2072 Veram
1419 2048 1566 2073 acerrae
1577 2039 1647 2073 for-

943 2096 1039 2120 mam
1061 2089 1235 2121 monstrat
1249 2089 1336 2121 Mus.
1349 2089 1449 2121 Borb.
1464 2089 1520 2122 IX.
1534 2089 1573 2122 T.
1587 2090 1642 2122 56.

945 2155 981 2160 —-
1010 2137 1126 2179 thuris]
1149 2138 1201 2170 De
1225 2138 1401 2179 scriptura
1421 2138 1493 2171 vid.
1515 2139 1561 2172 ad
1577 2139 1641 2172 Od.

943 2187 974 2226 4,
995 2186 1047 2226 49,
1074 2185 1127 2219 44.
1146 2187 1439 2230 —CaespitevivoJ
1455 2197 1527 2230 quo
1542 2197 1642 2222 aram
1708 2214 1713 2217 .

941 2237 1196 2277 temporariam
1245 2238 1478 2270 exsti-tuerat.
1538 2237 1640 2281 Apul.

941 2286 1064 2325 Met.7,
1076 2286 1138 2318 4οε
1156 2287 1645 2327 areuneaespitevirentiuarti

942 2339 1001 2370 deo
1016 2337 1154 2379 faciunt.
1186 2337 1238 2370 Cf.
1257 2337 1321 2370 Od.
1342 2338 1374 2377 4,
1394 2337 1449 2377 49,
1471 2337 1523 2371 43.
1543 2337 1640 2381 Calp.

941 2385 1013 2420 Ecl.
1034 2387 1066 2426 5,
1081 2387 1144 2418 25:
1164 2387 1307 2427 caespite
1322 2386 1399 2419 vivo
1409 2387 1496 2420 Pone
1517 2387 1639 2429 roman.

986 2437 1017 2468 5.
1056 2437 1158 2469 Docte
1187 2436 1362 2478 semones]
1393 2436 1524 2478 Exigua
1555 2445 1642 2470 sane

942 2485 1019 2519 laus
1043 2485 1152 2525 foret,
1178 2486 1208 2519 si
1230 2486 1300 2519 hoc
1322 2487 1462 2519 tantum
1484 2485 1640 2519 diceret:

945 2536 1032 2575 «Tu,
1062 2536 1122 2576 qui
1146 2536 1279 2577 optime
1303 2536 1340 2568 et
1362 2536 1496 2568 Graece
1521 2536 1558 2568 et
1578 2536 1644 2568 La-

943 2586 1013 2617 tine
1038 2585 1142 2624 scis»;
1169 2594 1260 2627 quae
1283 2586 1369 2618 tunc
1389 2585 1467 2618 erat
1481 2585 1641 2618 omnium

941 2634 1127 2667 hominum
1152 2644 1222 2667 non
1245 2643 1393 2677 prorsus
1416 2634 1559 2667 rudium
1575 2635 1643 2667 sci—

942 2685 1045 2717 entia.
1093 2684 1227 2717 Verum
1257 2684 1325 2717 hoc
1357 2683 1440 2717 dicit
1469 2692 1551 2727 noir
1563 2683 1639 2716 sine
