1722 2904
600 79 678 112 LIB.
702 79 758 111 111.
806 79 844 111 C.
870 79 955 111 xlx.

253 187 483 230 Parcentes
512 197 592 241 ego
623 183 820 227 dexteras

1440 75 1522 118 453

309 265 413 310 Odi:
445 278 600 322 sparge
629 277 774 316 rosas;
805 253 951 307 audiat
985 262 1152 306 invidus
1201 257 1204 260 ’

253 347 504 390 Dementem
534 345 756 402 strepitum
787 345 930 402 Lycus

308 428 359 470 Et
385 426 523 470 vicina
552 425 644 470 seni
673 439 758 468 non
786 424 939 468 habilis
968 425 1097 482 Lyco.

254 533 403 591 Spissa
430 539 472 576 te
499 530 678 575 nitidum
707 543 849 580 coma,

308 615 422 656 Puro
451 619 493 656 te
523 611 723 663 similem,
755 610 960 669 Telephe,
992 611 1204 668 Vespero,

256 693 523 751 Tempestiva
551 692 657 751 petit
684 691 852 737 Rhode:

173 814 228 846 24.
250 813 415 847 Pascentis
435 813 482 853 B,
506 813 675 845 Par-centis
696 813 733 845 T.
761 830 797 835 —
823 811 877 845 24.
901 811 1002 844 habili
1017 811 1103 844 Cod.
1122 810 1278 845 Blandin.
1296 813 1478 854 antiquiss.

132 881 168 886 —
185 863 241 896 27.
256 862 351 896 chloe
371 862 440 895 Sed
464 864 499 895 et
521 862 674 895 Pottierii
696 860 874 903 plerique,
898 862 984 895 item
998 862 1069 895 LCt
1086 862 1167 903 (non
1181 861 1272 902 BbT,
1297 860 1478 906 γκλμψ.);

128 913 243 946 Rhoda
263 923 279 945 ι
301 921 404 946 «cum
427 911 587 946 Lambini
609 910 857 954 quibusdam.»

87 1019 168 1051 ⁴26:
202 1015 331 1052 αὐλῶν
361 1015 492 1050 παιᾶνι
505 1035 525 1041 -
539 1018 727 1063 συρίγγων
749 1016 778 1049 τ’
828 1017 957 1049 intacta
991 1025 1108 1059 neque
1140 1016 1240 1050 aliter
1270 1026 1379 1059 quam
1408 1019 1522 1052 vicina

90 1063 290 1112 οὐτικθόννῳ
312 1066 436 1111 φωνᾷ·

126 1118 182 1150 20.
208 1118 301 1151 «Cur
316 1118 438 1158 pendet
459 1117 495 1149 in
517 1116 660 1158 parietis
677 1115 777 1149 clavo

84 1166 200 1200 fistula
235 1167 394 1210 (proprie
431 1168 633 1209 pastorum,
672 1167 708 1198 h.
738 1165 775 1206 l.,

83 1218 124 1249 ut
144 1216 302 1256 videtur,
337 1217 440 1249 unius
464 1215 588 1248 calami
611 1216 776 1248 acutioris

84 1266 185 1307 soni,)
203 1275 285 1299 cum
299 1265 376 1307 lyra
391 1266 550 1298 nondum
564 1265 707 1307 pulsai»
724 1266 779 1297 Fi-

84 1315 173 1348 stuta
194 1324 277 1348 cum
298 1315 384 1348 tibia
406 1316 558 1357 iungitur
580 1316 686 1348 etiam
710 1314 773 1347 Od.

85 1363 122 1405 4,
147 1365 184 1405 4,
207 1364 262 1398 24.

126 1414 182 1447 24.
217 1415 271 1447 22.
308 1415 498 1457 Parcentes]
537 1415 686 1447 «Servos
716 1423 774 1447 res

84 1463 131 1496 ad
153 1464 353 1497 convivium
376 1464 615 1503 necessarias,
639 1464 773 1503 w'num,

82 1512 208 1552 flores,
231 1514 427 1554 unguenta,
459 1513 600 1555 parcius
624 1512 776 1545 admini-

83 1563 236 1595 strantes
259 1562 455 1596 detestor.»
475 1580 511 1603 ,-
528 1571 649 1603 span-,qe
669 1561 774 1603 rosas]

82 1612 232 1653 Propter
259 1611 392 1653 frigora
421 1610 478 1643 illa
505 1611 641 1653 Peliyna
672 1610 777 1643 intel—

82 1659 149 1701 lige
183 1659 369 1700 hibernas,
405 1669 497 1702 quae
531 1661 567 1692 in
596 1659 692 1692 Italia
722 1660 776 1692 fa-

83 1709 210 1742 cillime
248 1711 323 1742 arte
361 1709 427 1742 coli
467 1711 646 1752 poterant,
693 1719 775 1742 cum

81 1759 291 1800 Karthagine
328 1760 514 1801 Hispaniae
551 1760 669 1791 hieme
702 1761 776 1792 tota

81 1817 276 1850 praecoces
299 1810 420 1842 essent
442 1810 532 1842 teste
546 1808 654 1841 Plinio
674 1810 715 1842 H.
732 1811 772 1842 N.

83 1858 145 1898 24,
169 1857 209 1899 4,
234 1859 288 1890 40.

124 1907 179 1940 23.
203 1906 319 1949 Lycus]
343 1907 385 1941 Ut
407 1907 446 1939 fit
459 1907 495 1939 in
511 1907 778 1949 compotationi-

81 1955 178 1996 hus,
195 1958 235 1988 ut
256 1957 389 1989 sensim
412 1955 620 1988 delabamur
641 1957 687 1989 ad
710 1957 776 1989 de-

82 2005 250 2038 ridendos
270 2004 327 2038 vel
348 2005 490 2048 probris
511 2006 693 2039 vexandos
708 2007 776 2039 ho—

81 2055 197 2088 mines
229 2054 332 2088 nobis
366 2055 514 2095 invisos,
553 2056 588 2087 h.
616 2055 639 2088 l.
664 2055 775 2089 illudit

80 2113 254 2147 personae
269 2104 390 2147 fictae,
415 2106 510 2146 Lyco
524 2106 657 2145 vicino,
684 2107 772 2147 seni,

80 2155 227 2196 propter
257 2155 439 2186 avaritiam
468 2154 586 2187 invido
617 2156 773 2188 convivis

81 2205 117 2236 in
138 2202 305 2236 laetitiam
320 2203 440 2236 effusis
454 2205 560 2245 atque
579 2205 774 2238 immanem

82 2253 268 2294 strepitum
291 2253 539 2293 excitantibus,
575 2254 635 2295 qui
660 2254 773 2296 (quod

81 2301 267 2335 ridiculum
291 2303 376 2343 erat)
406 2302 462 2335 vel
493 2304 528 2335 in
550 2305 773 2337 matrimonio

82 2351 238 2384 habebat
258 2351 316 2384 vel
338 2352 481 2385 amabat
503 2353 670 2386 seminam
685 2354 773 2386 ado-

81 2400 294 2440 lescentem,
327 2402 383 2434 cui
404 2411 470 2443 par
492 2403 567 2444 ipse
592 2411 662 2434 non
685 2404 770 2435 erat.

80 2450 216 2482 Deinde
254 2451 443 2483 revertitur
480 2451 526 2483 ad
559 2451 770 2493 Telephum,

82 2498 185 2531 huius
209 2507 363 2540 suosque
387 2508 528 2532 amores
551 2500 770 2541 praedicans.

124 2547 179 2581 24.
212 2549 334 2590 vicina]
366 2548 488 2581 «nobis
514 2549 582 2581 hac
607 2550 642 2581 in
666 2550 772 2582 domo

81 2597 315 2639 potantibus.»
362 2599 513 2639 Longius
541 2599 634 2631 enim
664 2600 772 2641 petita

81 2645 221 2679 videtur
242 2648 412 2689 Rutgcrsii
428 2647 628 2690 explicatio:
656 2650 772 2688 «Quae

828 1075 910 1099 cum
932 1067 1062 1106 vicino,
1089 1075 1171 1099 cum
1194 1067 1288 1107 Lyco
1311 1068 1438 1100 marito
1458 1068 1524 1101 de-

827 1116 909 1157 git»;
923 1125 988 1158 pro
1004 1125 1074 1158 qua
1090 1115 1201 1148 attulit
1215 1116 1368 1149 Iuvenal.
1383 1117 1420 1157 6,
1438 1118 1520 1150 509:

825 1165 907 1197 vivit
938 1169 1112 1205 tamquam
1143 1166 1254 1197 vicina
1281 1167 1421 1199 marito:
1453 1168 1524 1200 Hoc

825 1214 894 1247 solo
912 1215 1090 1255 proprior,
1121 1216 1208 1255 quod
1230 1216 1355 1248 amicos
1376 1217 1526 1259 coniugis

826 1265 904 1296 odit.
936 1265 1048 1306 Digna
1071 1266 1143 1304 est,
1169 1273 1262 1306 quae
1287 1266 1520 1306 examinetur,

826 1315 1003 1347 Bosschae
1023 1314 1282 1356 interpretatio:
1311 1315 1452 1347 «Vicina
1468 1317 1523 1349 est

779 1380 782 1384 ·
826 1364 901 1405 ipsa
924 1363 980 1396 illa
997 1363 1138 1402 Rhode,
1164 1372 1257 1405 quae
1273 1364 1452 1397 assidebat
1465 1365 1522 1398 vel
1564 1367 1579 1381 ’”

824 1413 972 1446 fortasse
996 1413 1234 1446 accumbebat
1256 1414 1351 1454 seni,
1377 1415 1442 1447 sed
1459 1416 1523 1447 Te-

824 1462 968 1505 lephum
992 1463 1222 1505 deperibat»,
1257 1464 1363 1505 atque
1401 1464 1521 1496 audito

823 1513 928 1545 vicini
951 1513 1099 1545 convivii
1122 1513 1282 1554 strepitu,
1308 1514 1365 1546 cui
1388 1514 1522 1546 invidet

824 1571 950 1602 senex,
997 1561 1087 1594 illico
1120 1562 1314 1604 Telephum
1348 1564 1447 1605 petit.
1480 1581 1517 1588 -

824 1621 890 1644 non
910 1612 1038 1654 habilis]
1063 1608 1156 1645 «οὐκ
1172 1607 1517 1659 εὖμεταχεὶριστος,

825 1661 858 1693 ei
887 1661 1003 1694 minus
1037 1661 1119 1694 ideo
1153 1662 1387 1702 conveniens,
1424 1662 1520 1704 quod

824 1711 964 1743 inversa
978 1711 1112 1743 ratione
1127 1709 1182 1743 ille
1199 1711 1333 1744 amicae
1349 1711 1405 1744 vel
1421 1713 1521 1744 uxori

824 1761 970 1801 propter
992 1761 1132 1793 senium
1153 1761 1271 1793 minus
1296 1762 1398 1802 aptus
1415 1762 1519 1794 estin

824 1818 863 1841 re
901 1819 1099 1848 venerea»;
1146 1810 1243 1842 unde
1287 1810 1397 1843 Codd.
1436 1810 1517 1852 aliq.

824 1859 919 1900 apud
942 1860 1049 1901 Cruq.
1074 1858 1166 1892 male
1189 1859 1302 1891 habili.

866 1928 920 1960 25.
945 1927 1078 1969 Spissa]
1110 1928 1152 1961 Ut
1174 1927 1329 1960 calvities
1352 1937 1417 1969 pro
1441 1928 1517 1960 tur-

823 1978 969 2019 pissimo
992 1976 1085 2010 malo
1108 1976 1325 2017 habebatur,
1350 1977 1398 2009 ita
1418 1977 1519 2011 densi

824 2025 938 2068 capilli
964 2025 1231 2068 pulchritudinis
1260 2035 1387 2067 magna
1400 2049 1404 2053 -
1415 2035 1499 2068 pars
1509 2053 1517 2067 ,

822 2077 1031 2117 praesertim
1054 2076 1090 2107 in
1112 2074 1385 2108 adolescentulo.
1411 2093 1448 2099 —
1464 2077 1520 2108 ni-

822 2125 942 2167 tidum]
974 2125 1009 2157 h.
1035 2124 1058 2157 l.
1084 2126 1208 2157 natura
1236 2125 1372 2167 potius,
1409 2134 1517 2167 quam

823 2175 1030 2216 «unguentis
1051 2174 1334 2216 splendentem.»
1366 2175 1422 2207 Sic
1441 2175 1519 2208 Pin-

823 2225 929 2257 darus
951 2225 1051 2256 Nem.
1079 2225 1115 2264 4,
1140 2224 1195 2256 68.
1231 2223 1433 2265 Gigantibus
1454 2225 1518 2257 tri-

822 2274 899 2306 buit
920 2271 1110 2315 φαιδὶμαν
1131 2270 1269 2316 κόμαν.

866 2341 919 2374 26.
959 2341 1114 2383 Vespero]
1151 2350 1243 2383 «per
1271 2350 1401 2383 purum
1432 2351 1516 2374 cae-

822 2390 913 2430 lum,
938 2399 1005 2432 per
1027 2391 1155 2424 sudum
1179 2391 1366 2430 micanti3»
1390 2393 1428 2423 ut
1449 2392 1512 2424 Od.

822 2440 860 2479 3,
884 2440 924 2479 9,
948 2441 1010 2472 2⁴:
1036 2440 1142 2473 sidere
1157 2441 1340 2481 pulchrior.

865 2502 917 2534 27.
931 2502 986 2534 28.
1006 2502 1216 2545 Tempestiva]
1234 2504 1400 2549 «Propter
1414 2504 1515 2535 iuve-

821 2549 929 2584 nilem
945 2552 1099 2585 aetatem
1110 2578 1118 2592 ,
1144 2561 1213 2594 qua
1229 2554 1262 2585 te
1279 2554 1425 2594 aequat,
1452 2553 1513 2585 tibi

822 2601 937 2642 apta.»
967 2601 1036 2645 loa.
1062 2589 1185 2642 4,¹23,
1211 2603 1268 2634 ⁴2:
1297 2603 1515 2643 Tempescwa-

821 2651 911 2690 viro,
942 2649 1080 2683 nubilis.
1117 2669 1151 2674 -
1183 2651 1301 2693 Rhode]
1333 2652 1420 2684 Huic
1450 2659 1515 2683 no-
