1722 2904
156 56 237 99 718

707 60 876 92 HORATll
903 59 1075 93 EPODON

630 388 944 436 cm
980 394 1134 436 xlv·

326 533 460 577 Mollis
493 533 643 576 inertia
675 547 752 576 cur
783 539 940 575 tantam
972 532 1191 576 diffuderit
1221 533 1316 576 imis

383 614 655 658 Oblivionem
685 613 885 657 sensibus
904 649 911 664 ,

330 695 490 739 Pocula
520 694 731 738 Lethaeos
761 701 807 737 ut
837 695 872 737 si
904 694 1105 738 ducentia
1135 709 1311 739 somnos

382 779 537 820 Arente
567 776 689 819 fauce
722 776 943 826 traxerim,

242 898 327 930 XlV.
365 898 475 929 Inscr.
502 896 592 937 volg.
628 896 679 928 Ad
700 897 936 929 Maecenatem.
965 915 1001 919 —
1035 897 1224 928 Maecenati
1245 899 1383 929 accusat
1404 897 1567 930 desidiam

199 956 295 979 suam
312 948 336 979 B
362 956 403 978 ac
427 945 588 979 similiter
604 955 634 978 c.
656 962 692 968 —
719 946 796 978 Om.
815 946 851 978 T.
874 964 909 969 —
935 946 967 978 3.
992 946 1043 978 uti
1064 946 1093 978 si
1115 947 1271 978 ducentia
1284 943 1323 988 ξ,
1347 947 1397 979 uti
1411 947 1566 980 ducentia

200 995 288 1036 bcss
301 1021 309 1035 ‚
335 996 490 1029 Pottierii
513 996 691 1037 quinque,
715 996 815 1027 veluti
838 996 994 1028 dementia
1015 1006 1067 1028 νω
1092 997 1128 1028 et
1151 995 1284 1038 aliquot
1307 997 1471 1029 Pottierii.

201 1103 286 1134 XIV.
322 1103 535 1141 Maecenati,
574 1103 633 1143 qui
657 1101 853 1140 instantius,
907 1100 1082 1140 borum‚»
1113 1102 1151 1133 ut
1181 1110 1202 1133 a
1234 1101 1367 1134 maiore
1395 1078 1497 1144 parte
1527 1110 1610 1134 eum

156 1152 463 1193 quemadmodum
499 1152 662 1191 videtur,
709 1150 855 1192 Epodon
904 1151 1021 1183 vocat.
1038 1168 1075 1173 —-
1096 1151 1167 1182 «De
1183 1150 1253 1183 hoc
1272 1152 1345 1183 toto
1361 1150 1450 1183 libro
1467 1152 1602 1194 accipe,

156 1197 348 1245 συλλογὴν
371 1203 409 1233 ut
440 1201 564 1234 ederet
592 1201 637 1233 ab
667 1209 710 1233 eo
741 1200 857 1242 petie-

158 1253 227 1290 rat,
269 1260 308 1283 se
333 1253 498 1290 excusat,
538 1252 728 1292 propterea
761 1249 856 1291 quod

159 1301 318 1341 Phrynes
343 1310 465 1333 amore
490 1302 615 1342 captus
646 1300 792 1332 inertiae
817 1307 856 1331 se

156 1351 349 1389 dediderit;
376 1359 484 1391 quam
502 1351 586 1382 satis
602 1349 755 1382 validam
771 1357 858 1381 cau—

156 1409 234 1432 sam
258 1409 337 1433 esse
361 1400 506 1431 minime
530 1399 640 1431 latere
668 1408 712 1431 ne
740 1399 859 1440 ipsum

157 1450 303 1492 quidem
327 1451 482 1482 amicum
505 1450 637 1491 pariter
659 1448 772 1480 amori
796 1446 860 1479 ob-

158 1500 300 1532 noxium
317 1499 411 1531 dicit.
439 1499 743 1541 compositionem
764 1497 859 1529 refe-

157 1550 239 1581 runt
261 1549 307 1581 ad
330 1558 441 1581 annos
464 1558 499 1580 u.
520 1557 550 1580 c.
576 1549 651 1580 720.
678 1547 754 1579 724.
780 1547 856 1579 722.

156 1598 234 1631 Vid.
261 1599 395 1630 Franke
420 1608 454 1640 p.
483 1598 557 1630 433.

206 1671 278 1705 4-4.
311 1673 387 1704 imis
402 1691 422 1696 -
437 1672 594 1714 sensibus]
622 1673 662 1703 ut
689 1670 771 1703 alibi
794 1671 861 1702 imo

156 1722 271 1761 corde,
289 1722 355 1753 imo
367 1725 512 1762 pectore,
532 1722 654 1763 sicque
671 1721 765 1762 Virg.
784 1719 856 1752 Ecl.

156 1772 194 1811 3,
221 1771 278 1804 54:
315 1771 469 1804 Sensibus
501 1772 582 1803 haec
614 1771 690 1803 imis
721 1770 788 1812 (res
815 1773 861 1802 est

155 1831 224 1854 nou
241 1821 370 1862 parva)
394 1830 548 1861 reponas.
577 1839 613 1844 —-
638 1819 856 1861 Oblivionem]

157 1872 325 1903 carminis
349 1871 413 1903 tibi
434 1871 613 1912 promissi.
636 1889 672 1893 —
706 1869 861 1902 ducentia

156 1920 297 1962 somnos]
323 1921 378 1952 Sic
401 1930 552 1961 soporem
576 1921 695 1952 ducere
717 1928 782 1961 pro
806 1919 861 1951 ob-

157 1972 277 2003 ducere
299 1971 408 2003 etiam
423 1970 498 2002 Tib.
522 1971 535 2002 4
552 1995 559 2009 ,
577 1971 616 2008 2,
636 1970 689 2002 79.
719 1987 756 1992 -
785 1972 860 2000 tra-

156 2019 279 2061 acerim]
312 2020 381 2052 Cfr.
410 2021 441 2058 4,
462 2020 501 2051 47
517 2045 524 2058 ,
541 2020 594 2051 24.
615 2019 650 2051 et
667 2018 703 2057 4,
726 2019 784 2058 42,
805 2017 856 2050 44.

156 2071 276 2102 ducere
287 2070 422 2110 pocula,
443 2069 607 2101 Liberum.
628 2069 746 2109 Eurip.
759 2066 857 2108 cycl.

158 2119 220 2152 447
234 2129 240 2150 ;
267 2116 383 2161 πῶμα
397 2137 417 2143 -
432 2137 451 2143 -
463 2115 622 2160 Ἕδέξατ’
639 2114 808 2150 ἔσπασέν
829 2116 859 2148 τ’

157 2164 324 2210 ἄμυστιν
347 2166 523 2209 ἑλκύσας.

201 2243 290 2274 5-8.
324 2243 479 2284 Candide]
506 2250 612 2274 «vere
636 2241 721 2273 mihi
744 2241 857 2272 amice

158 2300 373 2333 semperque
392 2293 567 2324 sIncere.»
588 2309 623 2314 -
637 2290 767 2332 occidis]
788 2291 860 2322 «to-

158 2341 225 2372 ties
258 2350 315 2372 me
346 2350 468 2382 rogas,
506 2342 544 2372 ut
573 2340 711 2372 crucies
741 2348 799 2371 me
825 2340 860 2370 et

159 2398 308 2428 eneces3
350 2398 433 2422 nam
469 2389 553 2431 quid
588 2388 682 2420 aliud
715 2388 858 2420 tandem

158 2439 377 2480 respondere
394 2447 541 2480 possum
554 2447 662 2479 quam
678 2437 786 2470 deum
798 2463 805 2476 ,
823 2437 858 2469 id

159 2490 224 2528 est,
239 2490 420 2528 Amorem,
441 2497 499 2520 me
516 2487 734 2529 impedire‘b»
753 2488 857 2519 Poeta

159 2537 253 2579 apud
278 2538 404 2570 Athen.
435 2538 494 2577 40,
521 2537 579 2570 64:
617 2532 784 2576 Ἄπολεΐς
817 2537 856 2578 μ’

158 2583 320 2633 ἐρωτῶν.
351 2605 384 2611 -
413 2587 507 2628 olim]
534 2585 783 2624 «iamdudum,
821 2587 860 2617 ut

160 2638 247 2676 scis,
285 2636 347 2668 tibi
372 2637 588 2678 promissum
613 2634 743 2667 librum
769 2636 858 2667 iam-

907 1200 967 1241 qui
984 1208 1078 1231 nunc
1094 1199 1240 1240 Epodon
1265 1199 1483 1240 inscribitur;
1501 1218 1521 1224 -
1535 1219 1554 1225 -
1571 1202 1607 1234 et

907 1248 1082 1290 significat
1104 1257 1271 1290 magnam
1294 1249 1402 1282 fuisse
1425 1249 1610 1283 hominum

907 1298 952 1330 de
994 1298 1049 1330 his
1092 1298 1223 1339 Epodis
1265 1299 1608 1340 exspectationem.»

907 1350 1029 1381 Bam-1..
1051 1366 1087 1370 —
1100 1348 1315 1390 promissum]
1332 1350 1372 1381 A.
1391 1350 1428 1381 P.
1447 1349 1508 1382 45:
1530 1359 1611 1390 pro-

906 1398 998 1430 missi
1009 1397 1169 1429 carminis
1181 1401 1310 1430 auctor.
1328 1397 1470 1439 Aliquot
1482 1398 1609 1432 saltem

908 1448 1012 1480 huius
1035 1446 1114 1479 libri
1137 1447 1294 1480 carmina
1316 1447 1386 1480 hoc
1410 1449 1608 1489 posteriora

908 1499 1000 1531 sunt.
1028 1515 1065 1520 —
1089 1496 1140 1529 Ad
1161 1496 1354 1529 umbilicum
1375 1498 1550 1540 adducere]
1573 1498 1626 1531 id·

909 1549 975 1587 est,
995 1545 1238 1580 «absolvere»
1263 1547 1494 1580 «Exti-emitas
1507 1547 1610 1580 char-

908 1597 966 1628 tae
1003 1604 1227 1637 papyraceae
1256 1594 1313 1628 vel
1350 1595 1583 1630 membranae
1599 1622 1606 1636 ,

909 1654 953 1678 ex
982 1644 1113 1686 fluibus
1148 1644 1428 1690 conficiebantur
1457 1645 1610 1679 volumi-

909 1704 953 1727 na
966 1720 973 1734 ,
1000 1693 1281 1736 agglutinabatur
1299 1694 1447 1735 bacillo,
1472 1696 1528 1728 cui
1544 1697 1612 1729 cir-

909 1743 1204 1777 cumvolvebatur
1225 1745 1339 1777 totum
1354 1743 1533 1778 volumen.
1563 1745 1611 1778 Il-

910 1794 975 1827 lius
1000 1794 1115 1835 capita
1141 1803 1183 1826 ex
1207 1801 1288 1827 osse
1313 1795 1376 1826 aut
1401 1793 1494 1836 ligno
1517 1794 1609 1828 facta

908 1843 1054 1876 wnbilici
1076 1842 1316 1883 vocabantur,
1342 1838 1424 1885 quia
1439 1844 1474 1876 in
1490 1844 1608 1878 media

909 1895 1009 1935 parte
1032 1892 1111 1925 libri
1128 1894 1239 1925 erant.
1265 1892 1411 1926 Martial.
1430 1893 1468 1934 4,
1494 1894 1556 1934 94,
1573 1895 1606 1927 4:

910 1944 976 1975 Ohe
996 1943 1068 1975 iam
1089 1943 1173 1975 satis
1194 1945 1258 1982 est,
1293 1943 1354 1975 ohe
1374 1942 1500 1983 libelle,
1527 1943 1609 1984 ,Iam

903 1993 1115 2034 per-venimus
1129 2000 1233 2031 usque
1243 1993 1293 2024 ad
1306 1992 1510 2030 umbilicos.»
1525 1993 1606 2026 Fu.

953 2042 1049 2074 9-42.
1074 2041 1238 2082 Bathyllo]
1262 2042 1380 2083 Antip.
1405 2042 1477 2074 Sid.
1500 2043 1606 2076 Anth.

909 2090 979 2124 Pal.
1006 2092 1031 2123 1.
1063 2099 1098 2132 p.
1124 2087 1200 2123 3⁴5.
1226 2090 1262 2122 in
1289 2091 1522 2125 Anacreontis
1551 2093 1609 2124 tu-

909 2139 1022 2173 mulo:
1045 2135 1187 2182 Ἄκμήν
1203 2139 1244 2171 οἱ
1256 2137 1391 2185 λυρόεν
1413 2150 1450 2173 τι
1462 2138 1609 2182 μελίζε-

908 2199 971 2222 ται
981 2186 1085 2232 ἀμφὶ
1097 2186 1294 2232 Βαθύλλῳ,
1303 2185 1432 2236 Ἳμερα
1442 2187 1522 2222 κτλ.
1538 2191 1610 2223 Ma-

908 2240 991 2271 xim.
1010 2240 1091 2280 Tyr.
1106 2238 1159 2272 24.
1176 2248 1212 2281 p.
1227 2238 1285 2272 48⁴
1296 2265 1303 2272 .
1318 2240 1370 2272 R.:
1399 2239 1606 2282 (Anacreon)

908 2288 1060 2321 πάντων
1083 2286 1152 2334 ἐρᾷ
1174 2286 1250 2320 τῶν
1273 2287 1401 2322 καλῶν
1422 2290 1489 2322 καὶ
1504 2288 1609 2322 ἐπαι-

910 2341 969 2370 νεῖ
1000 2334 1162 2378 πάντας·
1198 2335 1323 2379 μεστὰ
1345 2336 1387 2372 δὲ
1415 2335 1536 2371 αὐτοῦ
1560 2334 1608 2370 τὰ

909 2384 1067 2432 ᾄσματα
1090 2386 1159 2429 τῆς
1180 2386 1367 2433 Σμέρδιος
1389 2385 1517 2431 κόμης
1539 2388 1607 2420 καὶ
1662 2395 1665 2397 ·

909 2434 985 2469 τῶν
1015 2433 1263 2476 Κλεοβούλου
1296 2432 1513 2480 ὀφθαλμῶν
1542 2438 1609 2470 καὶ

909 2484 979 2529 τῆς
1002 2484 1205 2519 Βαθύλλου
1236 2480 1350 2532 ὥρας.
1390 2487 1490 2520 Idem
1518 2487 1609 2520 scri-

909 2538 989 2578 ptor
1003 2537 1095 2569 Diss.
1111 2536 1164 2568 37.
1180 2536 1220 2568 11.
1235 2545 1271 2577 p.
1294 2536 1370 2568 209.
1395 2537 1433 2569 R.
1456 2545 1540 2569 cum
1562 2535 1608 2568 ab

908 2587 1132 2618 Anacreonte
1167 2585 1262 2617 dicat
1292 2584 1491 2618 celebratos
1528 2593 1608 2617 esse

908 2631 1052 2675 αὐλοὺς
1078 2631 1299 2674 Βαθύλλου,
1337 2635 1451 2675 Bergk
1474 2633 1608 2676 proba—
