1722 2904
169 120 250 163 740

713 122 883 154 HORATll
906 122 1078 155 EPODON

282 228 474 284 Namque
507 226 705 283 sagacius
735 240 848 269 unus
878 225 1058 274 odoror,

223 307 414 366 Polypus
445 321 498 350 an
528 307 670 365 gravis
700 306 874 349 hirsutis
904 306 1033 350 cubet
1062 306 1206 350 hircus
1237 307 1279 349 in
1309 306 1406 358 alis⁷
1589 309 1615 349 5

281 390 420 441 Quam
451 389 569 433 canis
601 402 722 439 acer,
756 387 829 431 ubi
859 387 989 431 lateat
1018 401 1105 430 sus.

222 470 305 522 Qui
336 470 470 513 sudor
498 470 622 513 vietis
652 476 694 512 et
723 482 854 527 quam
883 467 1022 512 malus
1051 468 1244 526 undique
1274 469 1480 513 membris

281 552 445 595 Crescit
476 551 607 601 odor,
641 564 740 594 cum
769 564 882 608 pene
912 549 1052 593 soluto

223 631 476 675 Indomitam
506 630 711 689 properat
740 630 906 674 rabiem
936 631 1115 684 sedare;
1149 613 1292 690 neque
1322 631 1381 674 illi

281 715 368 755 Iam
399 720 541 756 manet
570 712 746 755 humida
775 719 893 756 creta
923 712 1130 770 colorque

1562 713 1617 755 ¹10

223 795 423 838 Stercore
454 794 619 837 fucatus
651 793 879 843 crocodili,
912 794 1086 851 iamque
1117 793 1315 838 subando

280 876 411 918 'senta
442 874 599 918 cubilia
633 881 832 932 tectaque
863 871 1042 932 rumpit!

224 955 297 999 Vel
328 970 425 1000 mea
454 970 553 1000 cum
583 956 723 1000 saevis
755 956 895 1014 agitat.
913 955 1082 1000 fastidia
1109 956 1278 1000 verbis:

259 1089 290 1120 7.
317 1089 397 1128 Quis
420 1088 531 1121 nostri
556 1088 690 1129 Codd.,
715 1089 815 1121 LCtJ.
834 1088 897 1130 ⁴(Ut
913 1098 979 1122 nos
995 1115 1003 1130 ‚
1027 1088 1102 1132 βγκ
1120 1097 1223 1122 «cum
1245 1088 1361 1122 tribus
1384 1088 1460 1123 aliis
1473 1098 1578 1132 prae-

216 1139 269 1169 ter
292 1146 354 1169 sex
378 1138 569 1170 Torrentii»
593 1137 724 1177 Bentl.‚
750 1138 833 1178 FM.)
866 1155 904 1162 —
938 1139 970 1172 8.
997 1139 1129 1172 Crescat
1151 1148 1185 1179 c,
1203 1135 1243 1180 ξ,
1267 1148 1322 1181 pr.
1339 1137 1386 1180 β,
1411 1140 1577 1181 quattuor

213 1189 302 1220 Pott.
343 1207 378 1210 —
417 1188 448 1220 9.
481 1197 540 1221 nec
570 1189 676 1222 LCtF.
705 1189 900 1231 (Lectiones
930 1197 964 1220 v.
990 1189 1010 1221 9
1034 1198 1136 1230 seqq.
1154 1214 1162 1229 ,
1201 1198 1290 1231 quas
1311 1189 1423 1222 Bothe
1454 1188 1578 1222 tribuit

218 1236 414 1270 Glareano:
448 1241 635 1279 properant
659 1257 678 1262 -
704 1256 723 1262 -
749 1248 808 1271 nec
830 1239 896 1271 illis
921 1256 940 1261 -
955 1256 975 1262 -
999 1239 1129 1279 rumpis
1150 1257 1169 1262 —
1185 1256 1204 1262 -
1229 1239 1357 1281 agitas,
1385 1239 1483 1272 certe
1505 1247 1578 1271 non

218 1288 445 1330 reperiuntur
468 1288 503 1320 in
527 1289 603 1321 eius
626 1288 689 1321 Ed.
716 1288 874 1330 Friburg.
902 1288 1011 1329 ⁴533.)
1421 1307 1426 1309 —

170 1414 267 1455 unus]
292 1415 373 1446 ante
390 1422 529 1446 omnes.
557 1415 669 1446 «Unus
684 1422 792 1456 saepe
810 1423 872 1447 su·

168 1463 366 1505 perlativis,
384 1472 467 1495 raro
484 1464 735 1505 comparativis
750 1464 874 1496 adiun-

171 1514 296 1554 gitur.»
331 1514 486 1546 wicum
510 1513 555 1545 ad
578 1514 665 1546 Aen.
686 1514 723 1553 4,
751 1514 804 1546 45.
833 1531 869 1537 -

167 1563 320 1605 Polypus]
352 1563 487 1596 Eadem
518 1564 712 1605 quantitate
736 1564 806 1596 Sat.
834 1564 870 1603 4,

169 1613 206 1652 3,
226 1613 278 1646 40.
305 1616 452 1656 propter
477 1614 631 1646 litteram
646 1612 818 1654 liquidam
841 1614 870 1654 l,

172 1665 210 1695 ut
231 1664 333 1695 melos
355 1664 389 1696 in
413 1665 522 1696 Persii
554 1664 644 1696 Prol.
670 1673 705 1696 v.
731 1663 792 1696 ult.
818 1665 873 1695 at-

170 1721 239 1753 que
263 1714 298 1745 in
323 1714 484 1746 eiusdem
509 1715 578 1745 Sat.
599 1714 612 1745 l
630 1739 637 1753 ‚
663 1713 704 1746 4:
729 1715 779 1746 Ne
792 1714 875 1745 mihi

167 1763 368 1802 Polydamas
391 1764 458 1795 cet.
499 1763 565 1795 Alii
588 1763 750 1796 scribunt
770 1764 873 1803 Puly—

166 1821 252 1852 pus,
279 1813 356 1845 sine
373 1814 594 1846 auctoritate.
621 1815 788 1846 Ceterum
806 1813 870 1846 cfr.

173 1861 264 1895 Cels.
292 1863 331 1900 6,
368 1863 405 1902 8,
442 1864 474 1895 2.
513 1862 720 1904 1hid.g.a:
759 1864 874 1896 ulcera

170 1913 266 1943 naris
290 1913 423 1944 odorem
452 1913 584 1954 foedum
614 1913 749 1953 habent,
786 1914 874 1953 quod

170 1970 273 2002 glenus
296 1962 417 1994 Graeci
440 1958 596 2003 ὄζαιναν
625 1963 804 2002 appellant.
834 1982 870 1986 —

170 2011 291 2052 hircus]
317 2011 488 2044 molestus
512 2012 602 2044 odor
624 2013 781 2045 hircinus
804 2012 872 2045 sub

170 2060 244 2093 alis.
270 2062 357 2103 Epp.
377 2062 412 2101 4,
431 2063 469 2101 5,
487 2062 546 2094 29:
577 2062 684 2094 olidae
699 2080 719 2086 -
733 2071 871 2103 caprae.

175 2127 211 2133 —
238 2111 341 2153 cubet]
368 2110 486 2143 «velut
507 2111 556 2143 ibi
579 2111 720 2144 lateat.»

216 2161 311 2192 7-42.
337 2161 441 2202 vietis]
468 2161 588 2193 «senio
613 2162 683 2193 iam
700 2161 871 2201 flaccidis,

172 2209 372 2242 marcidis«
414 2211 453 2241 H.
482 2209 505 2241 l.
531 2209 758 2251 bisyllabum.
802 2211 870 2243 Cfr.

173 2260 312 2291 Lucret.
339 2259 376 2298 3,
403 2259 486 2291 386:
511 2260 662 2292 cecidisse
676 2261 799 2292 vietam
819 2261 876 2292 Ve-

171 2311 263 2340 stem.
298 2326 334 2331 -
368 2317 452 2348 pene
484 2309 600 2350 soluto]
638 2308 872 2342 «delassata»

173 2359 295 2389 Senot.
325 2359 436 2390 «Cum
453 2359 546 2390 coitu
568 2360 715 2400 peracto
731 2359 786 2390 vir
803 2360 873 2391 iam

173 2406 330 2447 languet,
356 2406 411 2439 illa
436 2407 596 2440 nondum
620 2409 744 2440 satiata
761 2409 873 2449 magis

174 2458 280 2489 etiam
326 2457 495 2497 restingui
541 2458 639 2499 cupit
691 2457 872 2490 libidinem

174 2515 275 2538 suam
300 2506 507 2538 effrenatam
532 2516 574 2539 ac
597 2507 809 2540 rabiosam.»
836 2526 871 2530 —

176 2564 278 2595 neque
293 2573 312 2579 -
327 2573 345 2579 -
360 2556 483 2597 manet]
511 2565 656 2589 «omnes
691 2557 760 2589 iam
785 2556 871 2595 fuci,

176 2604 306 2644 quibus
323 2606 446 2645 utitur,
466 2607 611 2647 propter
626 2606 796 2639 sudorem
813 2606 876 2638 dis-

177 2655 322 2686 fluunt.»
351 2673 386 2677 —-
411 2655 520 2696 creta]
546 2656 649 2687 Creta
667 2657 706 2687 ut
729 2664 874 2688 cerussa

178 2713 240 2744 pro
261 2704 338 2736 suco
356 2704 557 2737 utebantur.
586 2704 729 2738 Martial.
756 2705 794 2745 6,
814 2705 871 2743 93,

922 1414 954 1446 9.
973 1413 1019 1446 de
1034 1412 1094 1446 tali
1109 1412 1259 1446 muliere
1276 1413 1409 1447 fucata:
1427 1414 1528 1447 acida
1541 1407 1623 1447 latet

921 1463 1024 1496 oblita
1044 1466 1148 1496 creta.
1167 1481 1204 1487 -
1234 1463 1378 1506 lineatus]
1403 1463 1505 1497 «fuco
1520 1464 1621 1497 faciei

922 1513 1127 1546 inductus.»
1169 1531 1206 1537 —-
1244 1513 1416 1555 crocodili]
1455 1512 1622 1547 Clemens

922 1563 1118 1605 Paedagog.
1137 1563 1177 1603 3,
1202 1564 1241 1604 2,
1266 1564 1302 1596 7:
1328 1563 1418 1609 Τρὶς
1431 1561 1522 1610 γάρ,
1546 1559 1621 1603 οὔχ

921 1608 1026 1654 ἅπαξ
1048 1609 1289 1646 ἀπολωλέναι
1314 1611 1460 1646 δίκαιαι
1480 1622 1622 1660 κροκο-

922 1661 1054 1696 δείλων
1083 1658 1302 1704 ἀποπάτοις
1330 1660 1526 1710 χρώμεναι
1555 1662 1622 1696 καὶ

922 1710 1146 1756 σηπεδόνων
1177 1709 1322 1758 ἀφροΐς
1358 1710 1619 1759 ἐγχριόμεναι.

921 1762 1007 1795 Plin.
1025 1763 1067 1795 H.
1085 1764 1126 1795 N.
1145 1763 1188 1796 28
1200 1788 1208 1803 ,
1226 1763 1264 1802 8,
1281 1763 1342 1796 28:
1370 1763 1545 1796 Crocodili
1565 1764 1622 1796 iw-

922 1814 1041 1845 testina
1056 1813 1230 1854 diligenter
1238 1813 1466 1852 exquiruntur
1478 1813 1623 1846 iucundo

921 1863 1037 1895 nidore
1062 1863 1199 1904 referta.
1221 1879 1241 1886 —
1256 1879 1276 1886 -
1303 1861 1511 1895 Crocodilea
1537 1863 1623 1896 tutta

922 1922 975 1955 ea:¹
996 1913 1066 1945 oleo
1099 1913 1238 1953 cyprino
1270 1912 1439 1944 molestias
1469 1913 1506 1945 in
1535 1913 1624 1955 faeie

922 1965 1110 1995 enascentes
1146 1961 1231 1994 tollit
1264 1963 1332 1995 cet.
1375 1980 1412 1984 —
1451 1961 1620 2004 subando]

924 2020 1051 2053 «supra
1069 2011 1186 2043 virum
1213 2019 1254 2043 se
1275 2010 1472 2052 agitando.»
1497 2012 1619 2044 Scnoi..

926 2080 962 2084 ——
987 2061 1126 2101 rwmpit]
1153 2059 1286 2094 «lectus
1314 2061 1452 2093 intortis
1480 2060 1622 2094 funibus

923 2119 951 2143 s.
977 2110 1060 2143 loris
1083 2119 1126 2142 ac
1149 2109 1301 2143 fasciolis
1321 2109 1510 2143 subtentus
1526 2111 1623 2143 eius-

923 2169 993 2202 que
1023 2163 1126 2200 tecta,
1151 2159 1188 2191 id
1221 2161 1292 2199 est,
1326 2158 1510 2199 aulaeum,
1533 2159 1624 2192 Bal-

923 2210 1094 2249 dachin,
1120 2210 1160 2241 ut
1181 2210 1372 2250 corruant,
1404 2208 1487 2241 facit
1508 2209 1622 2242 vehe-

923 2260 1065 2292 menter
1098 2267 1138 2291 se
1176 2258 1375 2300 agitando.»
1421 2258 1534 2300 (Tecta
1564 2257 1620 2290 alii

923 2309 1040 2341 minus
1071 2308 1168 2340 recte
1195 2308 1436 2349 integumenta
1469 2317 1498 2341 s.
1528 2309 1622 2341 stra-

923 2358 1002 2399 gula
1026 2357 1107 2390 lecti
1130 2357 1431 2399 interpretantur.)

967 2407 1044 2439 434
1053 2407 1083 2439 6.
1100 2407 1155 2439 Vel
1160 2416 1236 2439 mea
1247 2406 1329 2449 cet]
1343 2407 1438 2439 Nova
1447 2406 1622 2439 sententia

924 2466 1007 2489 cum
1030 2456 1214 2498 abruptius
1237 2456 1425 2496 inferatur,
1461 2455 1622 2497 indigna-

924 2507 1056 2539 tionem
1099 2507 1226 2548 poetae
1265 2506 1406 2547 egregie
1443 2505 1618 2547 exprimit.

925 2558 1079 2588 «Rursus
1109 2564 1217 2597 quam
1249 2555 1446 2597 importuna
1474 2555 1512 2587 et
1532 2553 1623 2587 abo-

925 2605 1090 2637 minanda
1115 2606 1185 2644 est,
1217 2613 1299 2637 cum
1322 2603 1521 2643 fastidium,
1551 2611 1622 2645 quo

925 2663 1004 2687 eam
1022 2653 1170 2696 repello,
1195 2654 1310 2687 saevis
1326 2653 1526 2695 opprobriis
1542 2662 1623 2686 exa-

925 2705 1007 2746 gitat
1022 2705 1027 2735 !
1041 2716 1055 2733 »
1082 2705 1130 2736 Ex
1144 2713 1201 2736 vv.
1220 2704 1239 2735 7
1253 2712 1331 2744 sqq.
1359 2703 1423 2743 Qui
1437 2703 1617 2736 sudor-cet.
