1722 2904
574 78 653 110 Lm.
677 77 733 109 111.
781 77 819 109 C.
844 77 930 109 xix.

1419 72 1504 114 449

535 407 1034 483 cmxli·

237 576 452 633 Quantum
482 575 608 618 distet
637 574 690 617 ab
720 573 876 618 Inacho

293 655 459 703 Codrus
488 669 567 713 pro
598 655 733 712 patria
762 668 848 698 non
877 653 1050 697 timidus
1082 653 1213 701 mori,

235 737 393 785 Narras
422 742 466 780 et
499 749 634 793 genus
663 736 792 780 Aeaci

290 816 342 860 Et
368 823 555 874 pugnata
585 830 709 860 sacro
738 815 851 859 bella
881 816 962 859 sub
992 815 1086 859 llio:

154 974 241 1009 XIX.
265 973 377 1007 Inscr.
399 972 492 1014 volg.
526 973 577 1005 Aa
608 973 794 1013 Telephum,

831 974 868 1004 et
899 973 950 1005 sic
971 972 1062 1004 BST.
1099 989 1137 995 —
1173 972 1223 1004 Ad
1254 972 1425 1013 Telephum
1446 981 1469 1004 a

110 1024 256 1062 nurum
285 1023 431 1065 augurio
461 1023 662 1055 honoratum
683 1021 742 1054 bc.
769 1039 807 1045 —
829 1022 863 1059 ,4.
890 1022 989 1054 distat
1010 1020 1126 1061 chd,
1161 1023 1200 1053 nt
1232 1020 1375 1055 volebat
1398 1023 1470 1055 Cu-

99 1074 345 1117 'ninghamius
372 1073 454 1114 (non
474 1073 551 1113 BS.)

110 1217 198 1258 XIX.
222 1215 408 1250 Probabile
431 1224 516 1248 sane
531 1240 540 1256 ,
564 1223 631 1248 nec
647 1216 767 1247 tamen

68 1273 216 1314 prorsus
250 1266 388 1298 certum
416 1266 487 1304 est,
526 1265 621 1297 hunc
650 1265 767 1297 Mure-

69 1323 152 1352 m
183 1323 348 1357 momorum
378 1314 533 1347 eundem
567 1323 648 1348 esse
682 1323 767 1347 cum

68 1366 108 1401 L.
132 1364 264 1399 Licinio
285 1364 445 1396 Varrone
467 1365 628 1403 Murena,
660 1363 766 1396 fratre

68 1414 252 1448 Terentiae
266 1414 498 1453 Maecenatis,
523 1414 655 1446 Horatii
677 1413 768 1445 ami·

71 1472 116 1499 oo
139 1462 214 1506 (cfr.
239 1463 304 1496 Od.
321 1464 359 1503 2,
378 1463 459 1503 40.).
489 1463 523 1495 Is
546 1463 661 1504 igitur,
687 1463 768 1504 qui-

71 1521 213 1555 cunque
225 1512 305 1553 fuit,
319 1521 404 1546 cum
415 1513 451 1545 in
462 1513 643 1553 Augurum
659 1511 769 1544 colle-

73 1562 170 1608 gium
192 1563 375 1604 cooptatus
392 1563 505 1600 esset,
530 1562 607 1593 eius
623 1561 767 1593 honoris

137 1611 185 1645 tia
206 1612 436 1650 nocturnam,
462 1612 497 1642 et
520 1618 601 1642 eam
622 1610 768 1651 quidem

123 1661 323 1693 arissimam
336 1685 344 1700 ‚
392 1660 690 1701 compotationem
713 1660 769 1691 in-

73 1710 194 1754 ‘must-
241 1710 365 1742 'rotam
389 1710 465 1741 eius
492 1709 667 1750 picturam
696 1718 767 1751 quo

68 1758 279 1797 vividiorem
291 1758 437 1798 reddat,
462 1760 619 1800 primum
642 1768 681 1792 se
705 1768 768 1791 ex-

229 1817 250 1840 e
272 1807 371 1849 fingit
392 1817 476 1840 cum
498 1807 652 1849 Telepho
665 1834 672 1847 ,
708 1809 768 1849 qui

69 1855 255 1900 philologis
278 1856 553 1898 quaestiunculis
573 1861 767 1899 occupatus

71 1905 117 1939 de
151 1906 315 1939 convivio
353 1908 419 1939 rite
453 1907 612 1949 parando
648 1916 765 1947 nunc,

72 1963 156 1988 cum
193 1955 239 1988 sit
274 1957 591 2002 συμποσίαρχος,
638 1957 765 1988 taceat.

73 2004 175 2044 Quod
190 2003 384 2047 Telephum
402 2007 597 2038 «Graecum
611 2007 765 2047 poetam,

71 2053 232 2088 sodalem
254 2055 414 2088 Horatii»
437 2057 542 2088 vocat
563 2057 695 2095 Acron,
732 2056 768 2088 id

71 2103 176 2136 unice
223 2113 267 2136 ex
303 2106 468 2138 carminis
506 2105 652 2137 exordio
701 2105 769 2137 de-

71 2153 254 2194 sumptum
293 2155 369 2193 est;
408 2155 612 2195 ignoramus
652 2156 764 2194 enim,

0 2247 2 2250 y
71 2202 238 2235 utrumne
261 2203 306 2235 sit
326 2212 479 2245 persona
502 2204 601 2243 ficta,
627 2213 671 2237 an
700 2205 767 2236 ioci

72 2259 180 2284 causa
203 2252 335 2291 amico,
361 2254 418 2285 cui
439 2262 509 2286 una
525 2263 607 2286 cum
622 2255 768 2286 Murena

0 2293 2 2325 ἶ
72 2299 142 2332 hoc
180 2309 326 2334 carmen
369 2303 520 2342 miserit,
570 2303 767 2343 mythicum

0 2356 5 2395 ζ»
72 2347 156 2381 illud
177 2358 308 2382 nomen
322 2351 529 2392 imposuerit
540 2378 548 2391 ‚
574 2361 644 2392 quo
660 2353 769 2384 utitur

73 2398 181 2431 etiam
202 2399 265 2431 cd.
291 2400 328 2440 4,
355 2400 415 2440 43,
442 2401 473 2432 4.
499 2402 535 2432 et
556 2401 619 2433 Od.
644 2400 685 2439 4,
711 2402 764 2441 44,

72 2447 126 2479 24.
166 2448 247 2488 (Cfr.
280 2449 386 2481 etiam
407 2449 554 2483 Weberi
584 2451 767 2491 opiniones

73 2495 189 2529 Horaz
208 2506 244 2539 p.
269 2498 336 2539 93.)
382 2499 508 2531 Totum
538 2507 682 2532 carmen
713 2501 768 2532 est

71 2544 389 2588 μιμητικώτατον.
406 2565 443 2571 —
458 2548 701 2581 «Manifestum
713 2550 768 2581 est

73 2595 243 2638 scriptum
273 2606 353 2630 esse
382 2599 463 2630 ante
491 2606 523 2630 a.
559 2598 633 2630 732.
650 2623 658 2638 ‚
694 2607 765 2640 quo

73 2645 239 2677 Muraena
264 2655 334 2678 una
358 2655 440 2679 cum
463 2647 592 2680 Fannio
615 2648 765 2689 caepio·
786 2676 787 2681 ,

185 2706 306 2735 llonn.
331 2714 402 2736 vot..
426 2707 444 2736 Ι.
483 2715 534 2739 ευ.
558 2716 659 2737 anon
682 2708 727 2737 ΙΙΙ,

816 1223 860 1247 ne
883 1214 917 1246 in
940 1215 1138 1256 Augustum
1159 1215 1387 1256 conspiravit.
1421 1214 1515 1256 (Vel-

815 1263 872 1296 lei.
889 1265 910 1297 2
922 1289 930 1303 ,
948 1264 1002 1296 94.
1028 1265 1123 1296 Suet.
1141 1265 1216 1296 Oct.
1236 1264 1295 1304 49,
1313 1264 1367 1297 66.
1393 1264 1510 1297 Tiber.

815 1314 847 1346 8.
888 1314 1012 1346 Senec.
1039 1313 1084 1346 de
1109 1313 1220 1346 Clem.
1249 1314 1282 1346 9.
1321 1310 1386 1346 Dio
1412 1315 1512 1347 Cass.

815 1361 874 1401 54,
900 1362 945 1403 3.)
992 1363 1084 1404 Ergo
1107 1362 1224 1404 aliqua
1256 1365 1353 1396 certe
1378 1363 1513 1405 proba-

815 1411 957 1445 bilitatis
991 1414 1111 1454 specie
1147 1413 1243 1445 circa
1277 1422 1308 1446 a.
1346 1413 1421 1446 729.
1457 1412 1514 1445 vel

816 1462 891 1494 730.
918 1464 954 1494 et
976 1462 1122 1504 quidem
1143 1463 1262 1495 hieme
1287 1463 1330 1504 (v.
1348 1462 1395 1504 8.)
1412 1471 1514 1495 com—

816 1512 971 1554 positum
995 1512 1160 1545 dixeris.»
1185 1513 1330 1544 Fum.

861 1562 892 1594 4.
933 1563 1102 1602 Quantum
1138 1561 1251 1603 distet]
1306 1574 1322 1591 α
1335 1562 1512 1601 Quantum

816 1611 986 1652 temporis
1010 1612 1054 1644 sit
1077 1610 1122 1643 ab
1146 1611 1293 1651 Inacho,
1316 1612 1433 1653 primo
1448 1612 1516 1644 Ar—

817 1660 977 1700 givorum
1000 1669 1102 1701 rege,
1137 1669 1252 1702 usque
1275 1660 1323 1692 ad
1345 1660 1512 1700 Codrum,

816 1709 1084 1742 Atheniensium
1127 1709 1302 1742 ultimum.
1315 1721 1331 1737 ι
1383 1710 1513 1741 Notant

817 1758 989 1790 interesse
1031 1767 1144 1791 annos
1193 1760 1332 1792 circiter
1379 1759 1509 1791 DCCC.

818 1807 998 1848 (Inachum
1021 1817 1053 1839 a.
1080 1810 1161 1840 ante
1185 1809 1267 1841 Chr.
1294 1808 1391 1840 4667.
1416 1808 1516 1848 ponit

816 1857 936 1888 Bockh
967 1858 1122 1890 Manetho
1154 1866 1190 1899 p.
1227 1857 1315 1897 493.)
1376 1855 1515 1889 Ocellus

817 1907 979 1940 Lucanus
1003 1907 1042 1946 3,
1069 1908 1101 1939 5.
1138 1916 1173 1948 p.
1199 1906 1252 1939 37.
1292 1905 1380 1938 Rud.
1423 1906 1514 1946 Τοῖς

816 1953 972 1998 λέγουσι
985 1953 1058 1998 τὴν
1071 1954 1142 1998 τῆς
1160 1952 1382 1998 Ἑλληνικῆς
1405 1955 1514 1987 ἱστο-

816 2006 902 2050 ρίας
924 2001 1049 2051 ἀρχὴν
1065 2002 1144 2038 ἀπὸ
1163 2001 1314 2044 Ἰνάχου
1330 2002 1429 2037 εἶναι
1441 2003 1511 2038 τοῦ

811 2050 977 2100 Ἀργείου
1004 2055 1236 2101 προσεκτέον
1250 2052 1329 2086 κτλ.
1364 2055 1417 2087 De
1445 2054 1512 2086 Co—

817 2103 882 2136 dro
906 2104 969 2136 cfr.
994 2104 1082 2136 vell.
1108 2106 1182 2137 Pat.
1207 2105 1245 2144 4,
1273 2104 1306 2136 2.
1338 2104 1459 2136 lustin.
1477 2105 1511 2144 2,

817 2154 848 2186 6.
889 2153 1125 2186 Soloecismus
1149 2155 1250 2186 distat
1270 2155 1368 2186 ortus
1392 2155 1448 2186 est
1470 2162 1514 2186 ex

816 2203 902 2236 falsa
937 2203 1175 2236 distinct-ione:
1216 2205 1385 2244 Quantum
1412 2204 1513 2236 distat

816 2270 866 2276 --
879 2253 996 2285 mori?
1016 2254 1154 2285 Narras
1174 2256 1206 2286 et
1228 2253 1358 2295 (etiam)
1382 2254 1451 2286 cet.

860 2302 892 2335 3.
931 2302 963 2335 4.
1009 2303 1163 2344 Narras]
1210 2302 1510 2342 «Quaestionibus

816 2349 1039 2395 φιλολόγοις
1075 2360 1207 2385 vacans
1244 2351 1330 2384 alias
1363 2360 1510 2384 narrare

815 2400 930 2440 soles;
960 2401 1026 2434 sed
1049 2411 1143 2434 nunc
1165 2401 1294 2434 talibus
1316 2401 1416 2433 locus
1439 2410 1511 2433 non

815 2452 907 2482 est.»
949 2469 986 2474 —
1025 2461 1129 2493 genus
1162 2451 1281 2493 Aeaci]
1326 2449 1510 2491 «explicas

814 2500 1047 2534 Aeacidarum
1095 2502 1283 2534 stemma.»
1341 2499 1507 2541 (Peleus,

814 2549 966 2582 Achilles
981 2576 988 2589 ,
1012 2550 1286 2593 Neoptolemus3
1325 2547 1506 2586 Telamon,

813 2599 897 2632 Aiax
914 2608 997 2632 cum
1013 2600 1174 2640 Teucro.)
1190 2618 1226 2623 —
1243 2598 1351 2639 sacro]
1369 2598 1508 2643 Τροίης

815 2645 917 2694 ἱερὸν
941 2647 1184 2694 πτολίεθρον,
1199 2645 1315 2688 Ἴλιος
1338 2645 1412 2692 ἱρή.

1247 2709 1282 2736 Ξ9
