1722 2904
651 76 787 109 LIBER.
834 77 966 110 CAnu.
990 77 1078 110 XVI.

1504 79 1585 121 735

197 179 387 237 Iuppiter
415 178 488 223 ina
516 179 614 236 piae
642 179 828 223 secrevit
855 179 980 223 litora
1009 181 1147 238 genti,

253 259 306 304 Ut
336 258 570 317 inquinavit
598 273 702 303 aere
729 267 900 317 tempus
929 274 1131 313 aureum;

198 341 326 391 Aere,
358 339 514 384 dehinc
542 340 656 384 ferro
685 339 855 384 duravit
881 340 1050 392 secula,
1082 355 1269 405 quorufn

183 435 227 481 μ
252 420 339 463 Piis
368 419 562 464 secunda
590 427 687 464 vate
716 434 787 464 me
814 421 942 464 datur
970 421 1080 480 fuga.

227 549 281 583 63.
304 551 453 583 sacravit
472 548 518 592 ξ,
552 553 626 584 tres
648 552 830 584 Torrentii.
868 569 903 575 —
938 553 993 586 65.
1017 553 1116 594 Aere,
1151 554 1266 587 ddum
1293 554 1418 594 Bb'l'c,'
1446 557 1538 595 LCt,

187 600 381 641 Bentleius,
406 603 451 634 F:
473 602 581 635 Aerea
601 603 716 635 dehinc
730 604 900 647 8,γκμνω
914 626 925 642 ,
948 603 1105 635 Pottierii
1119 603 1157 642 2,
1174 602 1195 636 3
1206 629 1214 643 ,
1230 603 1274 636 23
1289 629 1298 642 ‚
1316 605 1401 637 item
1418 605 1480 639 MJ.
1503 622 1537 628 —

184 650 338 693 quorum]
361 660 426 692 quo
446 660 536 683 nunc
556 651 760 685 dubitanter
780 652 966 694 proposuit
986 651 1175 686 Bentleius.

141 769 399 811 pravationem,
436 770 473 800 et
499 770 555 801 est
587 767 694 800 veluti
728 770 836 802 tristis

141 817 361 859 querimonia
382 826 449 858 per
469 812 679 849 ἀσύνδετον
697 818 838 850 interie-

141 863 348 898 cta.'Altera
361 874 463 898 aerea
477 866 593 898 dehinc
608 866 835 907 (monosyll.),

141 915 329 956 adquam
361 913 526 956 repetunt
559 924 602 947 ex
640 915 833 957 praecedd.

140 966 196 1004 ηιξ
230 972 369 996 meram
394 963 539 996 exhibet
571 965 811 997 narrationem
825 990 834 1004 ,

141 1021 293 1054 eamque
316 1013 511 1046 admodum
541 1013 713 1054 frigidam.
753 1014 837 1053 (De-

141 1062 253 1096 fendit
272 1061 395 1104 Regel:
422 1062 628 1104 «Anaphora
644 1062 718 1102 illa,
743 1071 835 1104 quae

139 1110 326 1153 perplacet
357 1110 503 1151 Orellio,
542 1113 687 1144 nimiam
721 1120 838 1152 quan-—

141 1161 226 1194 dnm
246 1170 280 1193 v.
304 1170 383 1194 aere
410 1162 485 1194 vim
513 1161 647 1194 addere
676 1162 834 1201 videtur,

139 1219 258 1252 eoque
284 1210 468 1243 molestior
500 1213 574 1250 est,
611 1211 709 1252 quod
737 1212 836 1253 prius

139 1269 220 1293 m
239 1259 286 1292 ab
308 1259 377 1292 alio
398 1259 512 1292 verbo
534 1261 669 1301 regitur
698 1270 740 1293 ac
770 1269 837 1303 po-

141 1310 284 1342 sterius.
330 1308 444 1342 Facile
466 1311 588 1342 autem
610 1309 687 1342 fieri
710 1311 835 1351 potuit,

140 1359 182 1391 nt
193 1357 340 1398 librarii,
351 1359 424 1399 ·qui
438 1357 655 1399 bisyllabum
678 1367 758 1392 esse
773 1368 839 1401 pu-

140 1409 259 1440 tarent
289 1417 324 1440 V.
348 1408 484 1447 adano,
509 1410 625 1440 metro
648 1408 835 1441 consulere

140 1457 209 1490 sibi
228 1456 451 1495 viderentur,
480 1466 563 1489 cum
585 1466 838 1499 praegressum

140 1515 220 1539 aare
239 1507 299 1538 hic
318 1507 569 1547 repeterent»)
596 1507 748 1539 Variatio
772 1517 838 1539 au-

141 1557 216 1589 tem
236 1556 498 1596 vv.im1uinwit
518 1558 837 1589 aere--aeredu-

140 1606 232 1638 ravit
244 1604 328 1637 nihil
343 1605 486 1637 omnino
501 1605 611 1637 habet
620 1605 835 1639 offensionis.

144 1657 182 1678 '—
204 1655 296 1696 ren-o
317 1654 463 1696 claravit]
488 1663 553 1686 «ex
580 1654 675 1687 ferro
704 1664 837 1696 procu-

142 1704 210 1744 dit,
244 1703 360 1736 ferrea
393 1703 582 1736 reddidit.»
614 1723 651 1727 —
681 1706 835 1745 quorum]

144 1754 273 1786 «Cuius
287 1753 424 1786 ferreae
440 1754 564 1786 aetatis
577 1754 673 1795 fuya,
691 1754 831 1794 modus,

886 778 958 811 quo
981 768 1083 810 longe
1106 768 1153 801 ab
1184 769 1239 802 his
1267 769 1434 803 sordibus
1457 773 1583 804 remoti

885 819 994 850 vitam
1028 818 1206 851 innoxiam
1241 828 1284 851 ac
1317 828 1403 852 vere
1440 819 1583 853 beatam

886 867 1162 910 adispiscamur,
1188 869 1248 909 qui
1270 869 1307 901 in
1330 870 1426 901 tanta
1442 878 1583 902 morum

885 917 1112 958 corruptione
1134 917 1182 958 pii
1208 920 1432 958 manserunt,
1457 919 1499 952 iis
1528 919 1584 951 of-

887 966 998 998 fertur
1019 974 1077 998 me
1092 968 1238 999 auctore
1254 968 1291 999 et
1305 976 1452 1000 suasore
1462 993 1471 1006 ‚
1497 970 1585 1001 tam-

886 1023 995 1056 quam
1021 1017 1101 1047 vate
1135 1015 1253 1048 divino
1287 1014 1456 1058 (μάντει,
1488 1027 1580 1050 non:

887 1065 1059 1105 apozima),
1084 1073 1150 1106 per
1172 1065 1240 1097 hoc
1260 1074 1406 1099 carmen
1429 1068 1583 1108 ipsum.»

884 1111 950 1144 Alii
985 1115 1215 1146 construunt:
1253 1123 1398 1154 quor-um
1424 1116 1512 1156 piis,
1547 1116 1582 1148 id

886 1163 959 1200 est,
987 1162 1068 1201 «iis,
1093 1163 1154 1204 qui
1176 1164 1224 1205 pii
1239 1164 1357 1196 adhuc
1372 1166 1455 1197 sunt
1476 1166 1513 1198 in
1528 1165 1583 1198 his

885 1211 1009 1250 ferreis
1046 1212 1196 1252 seculis,
1236 1213 1317 1254 fuga
1353 1213 1478 1251 datur;
1491 1227 1508 1243 ι
1546 1215 1583 1247 id

885 1260 983 1301 quod
1005 1261 1123 1294 minus
1144 1261 1279 1303 placet,
1305 1272 1387 1295 cum
1411 1264 1467 1295 vix
1494 1264 1586 1297 Lati-

886 1318 972 1342 num
985 1310 1030 1342 sit
1038 1311 1090 1350 pii
1110 1311 1209 1342 huius
1225 1312 1337 1351 seculi,
1356 1313 1454 1353 quod
1468 1321 1583 1355 prope

886 1359 1124 1392 Christianum
1166 1360 1277 1392 habet
1323 1360 1493 1394 colorem.
1543 1381 1581 1385 —

885 1410 969 1441 Post
990 1410 1173 1450 copiosam
1195 1412 1316 1442 autem
1338 1409 1434 1442 illam
1455 1410 1586 1443 insula-

885 1467 966 1490 rum
981 1458 1168 1490 beatarum
1182 1459 1418 1492 τοποθεσὶαν
1432 1468 1584 1492 consen-

886 1508 1029 1538 taneum
1045 1509 1137 1546 erat,
1154 1509 1205 1547 ut,
1222 1508 1530 1549 quemadmodum
1546 1508 1584 1540 fit

885 1557 921 1587 in
933 1554 1065 1596 elegiis,
1078 1557 1284 1597 primariam
1297 1558 1403 1589 totius
1415 1558 1583 1590 carminis

885 1606 1099 1637 sententiam
1120 1605 1222 1637 brevi
1252 1607 1434 1647 repeteret
1454 1608 1580 1647 poetam

885 1654 983 1694 quod
1005 1663 1087 1686 cum
1110 1663 1238 1695 parum
1259 1654 1489 1688 intellexisset
1503 1655 1584 1687 Edi-

886 1706 942 1736 tor
962 1704 1161 1744 Leidensis„
1187 1713 1253 1737 suo
1275 1714 1376 1738 more
1392 1706 1483 1738 duos
1506 1705 1584 1738 ulti—

885 1763 965 1786 mos
986 1764 1043 1786 vv.
1069 1753 1241 1788 delendos
1264 1755 1412 1788 censuit.
