1722 2904
240 96 324 138 566

750 95 922 129 HORATII
947 95 1173 128 CARMINUM

408 200 587 243 Nescios
616 199 693 242 fari
724 213 885 256 pueros
913 198 1083 242 Achivis

407 281 560 326 Ureret
589 280 793 332 flammis,
826 281 955 323 etiam
984 280 1186 323 latentem

520 362 663 405 Matris
692 362 735 404 in
765 361 879 411 alvo,

1634 363 1690 404 20

406 469 455 511 Ni
486 469 568 511 tuis
597 468 734 512 victus
765 467 1032 524 Venerisque
1062 473 1208 524 gratae

407 549 593 593 Vocibus
625 549 769 591 divom
799 555 922 605 pater
951 548 1173 591 annuisset

329 695 382 726 49.
419 695 554 726 latentes
583 693 654 726 LCt
684 701 767 725 cum
798 691 886 725 Aldo
910 693 945 724 et
972 692 1128 724 Pottierii
1151 693 1190 733 2,
1216 694 1269 727 47.
1296 693 1348 735 (Ut
1371 702 1453 734 nos,
1479 695 1590 727 nostri
1613 697 1648 728 et

283 743 446 783 Bentleii,
472 745 559 776 Pott.
585 742 718 782 ceteri.)
745 761 780 765 —
802 742 856 774 24.
884 741 1001 781 victus]
1023 742 1133 783 flemus
1155 750 1175 774 e
1200 742 1286 776 Cod.
1312 741 1434 775 Bland.
1460 744 1644 785 antiquiss.

284 793 473 827 Bentleius.

240 923 457 958 vocabulum
481 925 535 956 est
550 924 694 956 Horatio
716 931 864 965 prorsus
887 923 943 955 in-

243 974 411 1015 dignum;
448 974 558 1006 immo
589 973 738 1006 fortasse
770 982 814 1006 ne
849 973 943 1005 Lati-

242 1032 329 1056 num
363 1022 509 1064 quidem
545 1023 608 1055 t'uit
641 1031 818 1064 unquam,
859 1031 943 1055 nam

244 1073 306 1106 ubi
330 1073 406 1105 sine
429 1072 497 1104 alio
522 1072 686 1114 exemplo
709 1071 894 1114 legebatur
908 1073 944 1105 in

241 1125 361 1156 Burm.
386 1121 525 1155 Anthol.
549 1124 586 1162 5,
611 1123 694 1162 462,
713 1123 744 1155 8.
776 1124 943 1165 Meyerus

242 1182 261 1205 e
287 1172 374 1205 Cod.
401 1171 548 1205 Salmas.
575 1172 674 1204 dedit
706 1176 838 1213 raptor.
877 1172 943 1213 (Si-

242 1221 324 1255 mile
349 1221 554 1263 exemplum
584 1221 702 1262 verbi,
740 1222 836 1263 quod
860 1231 943 1254 cum

242 1272 313 1304 iam
337 1271 529 1312 antiquitus
561 1271 768 1311 excidisset,
806 1272 943 1304 temere

243 1320 447 1363 suppletum
482 1322 552 1360 est,
588 1321 703 1354 habes
726 1322 814 1363 Epp.
840 1322 880 1361 2,
905 1322 941 1360 2,

245 1370 334 1411 499.)
358 1370 524 1411 Agathias
553 1371 589 1402 in
611 1371 716 1403 Anth.
742 1370 813 1403 Pal.
839 1372 880 1404 11.
905 1379 942 1412 p.

242 1420 278 1452 54
299 1430 305 1452 ;
332 1416 357 1452 ἄ
381 1417 511 1452 κλεινὰ
533 1418 713 1466 Πριάμου
738 1418 871 1462 πόλις,
896 1417 944 1453 ἂν

244 1466 439 1511 ἀλαπάξαι
459 1466 649 1503 Ἑλλάνων
682 1470 836 1515 δεκέτης
871 1468 943 1504 οὐκ

243 1517 456 1553 ἐτάλασσεν
489 1515 590 1566 ἅρης
609 1517 826 1563 Ἁμφαδόν,
861 1517 942 1553 ἀλλ’

244 1570 378 1602 ἵπποιο
411 1568 535 1602 κακὸν
568 1568 696 1612 ξύλον.
736 1591 773 1595 --
809 1571 943 1614 gravis]

243 1621 300 1652 Sic
350 1619 553 1653 Alexander
601 1619 725 1667 βαρὺς
774 1622 944 1667 Πέρσαις

243 1670 391 1702 Theocr.
418 1670 476 1709 47,
496 1671 549 1702 49.
574 1671 748 1704 Achillem
771 1673 806 1704 in
829 1671 943 1705 Troilo

242 1718 436 1760 Sophocles
468 1695 614 1752 ⁷vocarat
637 1719 764 1767 πλήρη
786 1731 944 1764 μασχα-

242 1765 458 1810 λισμάτων,
508 1769 743 1811 plurimorum
787 1772 944 1805 hostium

242 1820 455 1853 occisorum.
507 1820 632 1853 Suidas
656 1821 691 1853 in
711 1816 945 1863 Ἐμασχαλί-

243 1870 336 1912 σθη.
356 1887 392 1893 -
411 1871 544 1902 Nescios
556 1870 638 1912 fari]
661 1871 802 1904 Nahum
823 1871 860 1911 3,
881 1872 941 1903 40·
935 1896 942 1903 .

238 1920 378 1959 parvuli
411 1921 481 1952 eius
515 1919 625 1961 (urbis
647 1920 736 1961 Nini)
771 1921 842 1952 elisi
870 1927 946 1955 sunt

243 1969 279 2001 in
302 1970 410 2009 capite
432 1970 580 2002 omniwm
600 1970 746 2002 viarwm.
783 1970 879 2002 Iliad.
899 1980 942 2010 χ,

245 2018 308 2050 63;
345 2019 413 2051 καὶ.
435 2016 555 2061 νήπια
575 2020 691 2052 τέκνα
718 2018 946 2062 Βαλλόιιενα

245 2069 357 2114 προτὶ
393 2069 484 2114 γαίῃ
530 2079 571 2101 εν
619 2067 710 2126 αἰνῇ
758 2067 942 2112 δηϊοτῆτι.

247 2116 343 2150 Iliad.
381 2119 418 2158 ζ,
461 2118 525 2149 57:
575 2115 691 2160 μήτις
728 2114 945 2162 ὑπεκφύγοι

245 2164 361 2199 αἰπὺν
396 2163 558 2225 ὄλεθρον
580 2164 726 2214 Χεῑράς
746 2168 784 2200 θ’
808 2164 946 2210 ἡμετέ-

247 2226 331 2263 ρας·
374 2215 461 2260 μηδ’
485 2213 617 2250 ὅντινα
638 2218 794 2264 γαστέρι
815 2216 945 2275 μήτηρ

246 2264 400 2312 Κοῦρον
437 2263 554 2299 ἐόντα
590 2267 727 2313 φέροι,
780 2267 870 2311 μηδ’
901 2265 945 2309 ὃς

246 2315 376 2359 φύγοι.
426 2318 523 2356 Quae
554 2317 709 2350 eundem
733 2319 868 2360 spirant
890 2318 947 2351 fu-

244 2375 380 2410 rorem,
406 2367 463 2399 cui
486 2367 663 2400 debemus
686 2367 838 2400 sublime
861 2367 946 2400 illud

246 2415 375 2448 Psalm.
403 2416 484 2455 437,
511 2417 552 2448 9;
593 2418 716 2449 Beatus
745 2419 801 2458 qui
830 2418 948 2451 tenebit

246 2469 276 2497 et
299 2466 412 2497 allidet
440 2467 603 2505 parvulos
630 2470 703 2499 tuos
733 2469 778 2499 ad
796 2471 943 2508 petram,

245 2514 318 2555 fllia
339 2514 541 2554 Babylonis!
568 2532 603 2538 —
641 2517 812 2558 latentem]
838 2518 941 2550 Num.

247 2563 371 2604 singul.
398 2564 433 2596 h.
459 2563 481 2596 l.
506 2567 612 2606 poeta
646 2565 799 2607 digmor,
836 2575 944 2607 quam

247 2611 395 2645 aliorum
430 2613 584 2654 pluralis.
626 2615 686 2647 Est
720 2615 834 2648 enim:
873 2614 944 2648 ‹ula-

247 2663 381 2694 tentem
406 2671 634 2705 quemque.»-

1036 923 1073 956 24
1090 923 1175 957 -24,
1199 924 1316 967 υἰοιυε]
1330 926 1452 968 flemus,
1477 926 1575 967 quod
1588 927 1693 959 Bent-

992 972 1082 1006 leius
1097 983 1117 1006 e
1133 973 1246 1006 Codd.
1264 974 1448 1017 praetulit,
1477 974 1534 1009 vel
1550 984 1692 1010 merum

993 1024 1049 1056 est
1070 1022 1270 1065 glossema,
1305 1033 1386 1058 cum
1417 1025 1555 1058 Comm.
1582 1026 1690 1067 Cruq.

990 1073 1098 1105 victus
1138 1074 1268 1107 eodem
1320 1073 1432 1107 verbo
1478 1076 1694 1117 interprete-

993 1124 1071 1162 tur,
1096 1122 1153 1155 vel
1177 1132 1221 1155 ex
1245 1132 1288 1156 eo
1310 1133 1386 1157 var.
1411 1123 1508 1158 lectt.
1534 1133 1666 1166 genere
1682 1150 1690 1165 ,

993 1180 1064 1212 quo
1096 1171 1230 1204 librarii
1252 1174 1462 1206 memoriter
1492 1174 1693 1208 scribentes

993 1230 1111 1262 neque
1134 1218 1354 1268 ἀρχέτυπον
1377 1231 1483 1256 suum
1505 1223 1591 1256 satis
1607 1223 1696 1256 fide-

992 1269 1072 1302 liter
1099 1271 1328 1312 inspicientes
1357 1273 1578 1314 homonyma
1604 1273 1694 1306 scri-

992 1321 1103 1362 ptoris
1132 1321 1242 1362 ipsius
1269 1321 1391 1355 verbis
1414 1322 1691 1356 substituebant.

996 1388 1033 1393 —
1058 1370 1163 1402 Rebus
1183 1370 1330 1414 Aeneae]
1367 1372 1450 1404 «toti
1481 1372 1558 1405 eius
1581 1372 1695 1405 fortu—

994 1428 1061 1452 nae
1085 1428 1127 1452 ac
1150 1421 1291 1452 statui.»
1317 1439 1355 1444 —
1393 1422 1574 1464 annuisset]
1596 1422 1692 1464 Virg.

992 1470 1081 1502 Aen.
1108 1469 1146 1508 4,
1175 1470 1253 1502 257.
1295 1471 1452 1513 luppiter
1475 1471 1606 1504 Veneri
1627 1480 1693 1514 pro

993 1520 1115 1552 Aenea
1130 1518 1358 1560 deprecanti:
1385 1522 1491 1554 Parce
1502 1525 1609 1561 metu,
1633 1522 1696 1562 Ου-

994 1570 1124 1609 chorea,
1153 1573 1292 1602 omnent
1302 1570 1444 1603 inuncta
1457 1574 1593 1604 tuomm
1605 1572 1695 1604 Fata

993 1619 1069 1658 tila,-
1093 1628 1206 1652 cernes
1219 1619 1335 1652 urbem
1348 1623 1379 1653 et
1387 1622 1558 1660 promissa
1570 1621 1692 1654 Lavini

992 1669 1128 1702 Moenia
1145 1670 1214 1702 cet.
1232 1687 1269 1694 —
1277 1670 1535 1712 potiore-alite]
1551 1670 1696 1704 «melio-

993 1718 1092 1751 ribus
1103 1719 1304 1760 auspiciis.»
1329 1720 1459 1752 Contra
1469 1720 1532 1753 Od.
1545 1721 1558 1753 4
1569 1746 1576 1760 ,
1591 1721 1644 1760 45,
1658 1722 1691 1753 5:

993 1768 1091 1801 Mala
1105 1786 1125 1792 -
1140 1769 1208 1800 avi.
1229 1785 1265 1791 —
1290 1770 1414 1812 ductos]
1433 1771 1688 1804 «exstructos»

993 1817 1231 1852 Mitscherlieh
1255 1827 1299 1851 eo
1321 1819 1538 1861 propendet,
1569 1821 1609 1853 ut
1630 1821 1695 1852 du-

993 1877 1067 1900 cere
1082 1867 1294 1909 explicetur:
1322 1869 1438 1902 «fossa
1453 1869 1559 1902 ducta
1574 1868 1695 1902 locum

994 1918 1211 1950 exstruendo
1233 1927 1337 1951 muro
1353 1918 1572 1959 describere,
1597 1919 1694 1960 quod

993 1967 1111 2008 ipsum
1127 1967 1308 2008 auspicato
1324 1967 1472 2007 fiebat3»
1496 1968 1562 2001 sed
1576 1969 1696 2000 verior

995 2018 1051 2049 est
1078 2017 1323 2058 interpretatio
1351 2017 1455 2059 longe
1477 2017 1692 2064 simplicior,

994 2067 1034 2098 ut
1049 2066 1146 2098 idem
1161 2067 1206 2098 sit
1221 2067 1328 2108 atque
1345 2068 1563 2100 Graecorum
1577 2064 1693 2100 ἐλαύ-

994 2125 1085 2148 νειν.
1111 2115 1238 2156 Odyss.
1263 2127 1308 2159 η,
1333 2117 1392 2150 86;
1424 2114 1597 2150 Χάλκεοι
1621 2116 1694 2160 μὲν

992 2162 1068 2223 γὰρ
1100 2168 1230 2204 τοῖχοι
1270 2165 1460 2209 ἐληλέδατ’
1495 2163 1592 2199 ἔνθα
1627 2167 1694 2199 καὶ

992 2210 1101 2248 ενθα.
1126 2216 1222 2257 Virg.
1246 2217 1334 2249 Aen.
1361 2217 1398 2258 4,
1423 2216 1509 2250 423:
1528 2227 1616 2259 pars
1629 2218 1695 2250 du-

994 2273 1067 2298 cere
1088 2274 1214 2298 muros.

1037 2315 1092 2348 25.
1120 2316 1193 2349 «Ab
1216 2316 1286 2349 hoc
1305 2316 1410 2358 igitur
1429 2317 1547 2350 divino
1561 2317 1695 2359 princi-

994 2369 1052 2410 pio
1069 2367 1187 2400 ortum
1203 2367 1258 2399 est
1271 2366 1462 2407 imperium
1475 2367 1691 2405 Romanum.

996 2417 1096 2450 cuius
1139 2414 1246 2449 ferias
1283 2414 1463 2448 seculares
1478 2441 1486 2456 ,
1533 2416 1693 2448 omnium

996 2467 1150 2499 maxime
1187 2464 1397 2503 sollemnes,
1435 2464 1539 2498 brevi
1568 2474 1693 2498 sumus

995 2515 1243 2549 celebraturi.»
1268 2531 1305 2537 ·-
1329 2514 1466 2557 Doctor]
1492 2513 1616 2556 Apollo
1639 2515 1694 2548 est

994 2565 1102 2598 veluti
1135 2561 1465 2611 χοροδιδάσκαλος
1497 2565 1689 2598 Musarum.

995 2615 1095 2647 Idem
1124 2614 1219 2656 apud
1253 2614 1457 2656 Euripidem
1485 2613 1578 2648 Med.
1612 2613 1688 2647 426.

995 2665 1142 2698 vocatur
1170 2659 1325 2710 ἁγήτωρ
1357 2662 1515 2707 μελέων.
1559 2664 1688 2705 Paneg.
