1722 2904
522 75 656 108 LlBEn.

725 75 855 108 cAnu.

881 76 935 108 iv.
992 40 997 42 .
1395 76 1479 118 667

261 177 314 221 Ut
341 191 419 220 ora
448 185 583 222 vertat
610 177 695 222 huc
723 185 767 222 et
795 179 879 223 huc
908 180 1100 223 euntium

318 257 555 302 Liberi-ima
584 259 849 316 indignatio?

1429 262 1476 304 10

258 338 414 382 Sectus
444 337 623 396 flagellis
650 339 721 384 hic
749 340 1082 384 triumviralibus

315 420 546 463 Praeconis
576 420 632 464 ad
661 420 875 464 fastidium

257 500 356 543 Arat
385 500 551 544 Falerni
582 500 695 544 mille
724 501 841 562 fundi
873 502 1022 560 iugera

313 581 363 624 Et
397 582 577 639 Appiam
607 583 772 625 mannis
803 583 918 632 terit,

259 661 565 720 Sedilibusque
596 677 775 720 magnus
806 663 847 705 in
877 664 1024 720 primis
1054 679 1191 722 eques

33 855 104 893 tes,
133 862 180 887 ne
204 855 238 887 te
261 855 438 887 immerito
460 855 728 896 superbientem

30 903 214 936 videant·
257 904 315 936 Sic
346 903 573 936 scholiastae.
614 906 728 937 Minus

31 953 193 994 apposite
223 953 435 985 contrariam
467 954 640 986 rationem
671 953 726 986 alii

31 1002 248 1044 sequuntur:
279 998 439 1035 «Omnes
461 1003 496 1035 in
519 1004 554 1035 te
576 1012 728 1035 conver-

31 1051 111 1083 tunt
136 1049 260 1084 oculos
286 1059 331 1084 ac
357 1050 538 1084 liberrima
566 1061 648 1084 cum
674 1053 729 1085 in—

32 1099 233 1141 dignatione
266 1101 303 1133 in
337 1102 437 1134 tuum
470 1101 598 1134 fastum
628 1102 729 1134 inve-

34 1148 200 1181 huntur.»
215 1167 251 1173 -
268 1150 412 1182 Soctus-
423 1150 628 1192 -militumffl
645 1151 731 1183 Ver-

33 1197 80 1230 ba
102 1199 186 1236 suut
214 1199 322 1239 haec,
358 1199 394 1231 in
417 1208 508 1241 quae
530 1202 729 1242 prorumpit

33 1247 153 1290 populi
174 1247 355 1282 liberrima
378 1249 580 1290 indignatio.
608 1269 643 1273 —
668 1251 730 1282 Se·

34 1299 271 1341 mltayouis]
294 1308 475 1333 «caesus»
499 1300 621 1333 Tibull.
640 1301 671 1339 4,
690 1301 727 1341 9,

34 1347 79 1380 22
92 1349 381 1382 :intortoverbm
393 1352 490 1391 ter-qa
503 1359 588 1382 seca.
606 1352 727 1383 luven.

36 1397 99 1436 40,
123 1397 206 1430 3⁴6:
231 1401 321 1431 secat
340 1399 395 1431 ille
416 1400 561 1432 cruentis
586 1401 731 1432 Verberi-

36 1445 107 1478 bus.
148 1464 186 1471 -—
224 1448 507 1489 mmmmm]
545 1450 729 1481 Triumw’ri

35 1494 206 1537 capitales
229 1496 389 1538 (salustio
417 1498 452 1529 in
476 1498 551 1530 Cat.
575 1499 633 1530 55.
658 1499 731 1530 tin-

32 1545 120 1577 dices
154 1554 271 1578 ror-im
312 1547 530 1587 capitalium3
577 1556 728 1588 quorum

33 1595 263 1637 praecipuum
292 1603 422 1629 munus
444 1597 496 1628 sic
524 1596 645 1629 definit
672 1598 731 1629 Ci-

33 1651 117 1677 cero
140 1644 186 1676 de
208 1645 314 1685 chg.
333 1645 371 1684 3,
396 1645 435 1677 3:
465 1646 615 1678 VINCLA
631 1646 731 1678 SON-

34 1692 140 1726 mm
152 1693 395 1726 SERVANTO:
412 1695 625 1727 CAPITALIA
645 1696 731 1726 VIN—

31 1743 255 1784 DIGANTO.)
298 1744 343 1776 de
387 1744 532 1777 delictisv
566 1745 731 1776 meretri-

32 1799 133 1831 cum,
158 1791 341 1825 maleficiis
361 1802 548 1825 servorum
569 1792 733 1825 aliorum·

32 1849 103 1881 que
125 1841 309 1874 hominum
332 1842 571 1879 humiliorum,
606 1843 730 1883 impri-

33 1891 101 1923 mis
124 1892 393 1932 peregrinorum
404 1917 411 1930 ,
448 1891 726 1932 cognoscebant,

30 1938 226 1981 noxiosque
263 1942 325 1972 aut
369 1942 483 1982 capite
528 1941 729 1982 plectebant

31 1989 92 2020 aut
127 1988 295 2030 flagellari
336 1990 509 2022 iubebant
550 1990 594 2021 ad
630 1989 729 2022 colu-

30 2045 153 2070 mnam
182 2039 375 2077 Maeniam,
414 2041 453 2070 ut
491 2042 587 2071 certe
612 2042 729 2071 narrat

30 2086 314 2124 Bseudasconius
330 2097 366 2129 p.
386 2089 461 2120 ⁴2⁴.
480 2087 542 2120 Ed.
561 2089 646 2119 Bait.
673 2089 728 2119 Sic

30 2135 107 2167 sine
129 2135 239 2168 dubio
267 2137 442 2169 triumviri
472 2136 641 2178 capitales
665 2146 729 2169 ex-

31 2185 143 2216 secuti
166 2187 250 2217 sunt
272 2194 313 2217 ea
330 2187 462 2223 omnia.
488 2194 580 2226 quae
605 2187 728 2218 Cicero

31 2232 137 2264 tradit
165 2233 211 2265 de
241 2236 278 2266 P.
304 2234 484 2267 Dolabella
513 2234 659 2275 Philipp.
687 2235 725 2271 4,

30 2281 64 2314 2.
89 2283 126 2314 et
152 2282 199 2314 ad
226 2284 295 2315 Att.
322 2283 380 2321 44,
417 2285 469 2315 45.
503 2284 589 2315 item
619 2284 725 2315 Tacit.

30 2332 118 2362 Anu.
143 2332 184 2370 2,
215 2331 269 2364 32.
294 2332 339 2364 de
362 2333 621 2364 mathematicis
643 2341 728 2364 saxo

31 2378 191 2412 deiectis.
217 2380 287 2412 Ct'r.
313 2379 422 2413 Plaut.
446 2382 542 2413 Asin.
563 2382 600 2419 4,
627 2382 662 2419 Ξ,
688 2382 725 2412 5:

31 2427 103 2460 iam
133 2438 176 2460 ω)
203 2430 262 2461 hoc
285 2430 355 2461 loco
376 2429 431 2461 Ibo
454 2438 513 2470 eqo
536 2431 581 2461 acl
606 2430 728 2461 Triwi-

32 2484 89 2507 ros
101 2479 279 2516 vestraque
294 2478 339 2509 ibi
354 2478 491 2509 nomina
505 2478 602 2510 Faxo
614 2482 727 2510 emm:

7 2525 151 2565 “sapitis
177 2529 207 2558 te
234 2527 377 2566 perdam
403 2536 462 2568 eqo
489 2530 518 2558 et
543 2527 659 2567 filiam.
688 2544 724 2550 —-

32 2574 208 2606 Praeconis
238 2577 283 2607 αα
303 2576 485 2616 fastidium]
520 2584 653 2615 «usque
683 2576 727 2607 ad

1451 669 1471 680 υ

1428 667 1475 709 lo

777 855 900 888 lictore
924 856 1119 898 flagellatur
1139 858 1248 891 homo
1270 859 1473 898 damnatus,

776 905 946 938 altissima
969 915 1058 938 voce
1074 906 1244 940 delictum
1268 909 1345 942 eius
1367 911 1474 942 ratio-

776 963 933 996 nemque
956 964 1093 996 poenae
1116 955 1256 989 solebat
1275 957 1474 999 proclama-

775 1013 849 1037 re.»
879 1005 935 1036 Sic
961 1005 1141 1046 Turinum,
1164 1007 1250 1047 sumi
1270 1009 1476 1041 venditorem

776 1054 969 1094 (hominem
991 1054 1178 1096 fallacem),
1202 1055 1476 1090 Alexandersc-

774 1111 881 1136 verus
890 1104 984 1144 fumo
995 1106 1163 1144 apposito,
1178 1114 1276 1145 quem
1286 1115 1331 1138 αι
1348 1107 1477 1147 stipulis

775 1155 874 1192 atque
901 1154 1045 1185 humidis
1071 1154 1171 1195 liquis
1200 1155 1276 1195 steri
1308 1156 1472 1196 iusserat,

775 1203 920 1242 necavit,
933 1212 1101 1242 praecone
1115 1204 1258 1235 dicende:
1276 1205 1401 1237 «Fumo
1410 1214 1477 1245 pu-

775 1252 883 1290 nitur,
916 1253 973 1292 qui
998 1253 1145 1284 vendidit
1164 1253 1328 1293 sumumm
1368 1255 1476 1286 Lam-

775 1301 865 1342 prid.
899 1301 997 1335 Alsa.
1029 1302 1108 1334 Sev.
1142 1302 1197 1334 36.
1237 1301 1332 1334 Plato
1367 1304 1472 1344 Legg.

777 1351 830 1382 44.
856 1359 891 1391 p.
916 1350 992 1383 947.
1025 1352 1081 1383 Ι).;
1124 1351 1341 1393 (fraudator)
1375 1350 1475 1385 κατὰ

776 1397 954 1445 δοαχμὴν
967 1398 1136 1443 ἑκάστην
1164 1398 1209 1446 τῇ
1230 1398 1390 1444 μάστιγι
1415 1412 1477 1436 τυ-

777 1449 929 1481 πτέσθω
963 1447 1110 1492 πληγὰς
1139 1446 1215 1482 ὑπὸ
1244 1448 1413 1494 κήρυκος
1433 1451 1476 1484 ἐν

776 1497 823 1544 τῇ
855 1496 979 1545 ἀγορᾷ
1009 1497 1246 1545 κηρύξαντος
1276 1495 1330 1532 ὦν
1364 1497 1476 1533 ἕνεκα

776 1546 906 1590 μέλλει
935 1546 1156 1581 τύπτὲσθαι.
1197 1550 1381 1583 Manifesto
1410 1559 1476 1582 au-

778 1599 851 1629 tem
874 1596 1028 1639 loquitur
1051 1597 1096 1630 de
1121 1600 1300 1640 tempore,
1325 1608 1397 1640 quo
1413 1600 1476 1631 ho—

777 1655 836 1678 mo
860 1647 943 1685 iste,
977 1648 1012 1679 in
1035 1656 1145 1688 quem
1167 1649 1362 1687 invehitur,
1403 1657 1477 1681 ser-

775 1696 925 1728 vitutem
948 1696 1140 1729 serviebat.

821 1745 937 1777 43-46.
961 1746 1057 1787 Arat]
1080 1746 1251 1787 possidet.
1289 1748 1406 1779 uHaec
1421 1756 1477 1780 re-

776 1794 922 1826 ferenda
945 1796 1027 1826 sunt
1049 1795 1094 1827 ad
1122 1795 1239 1827 ltaliae
1262 1796 1388 1833 situm,
1414 1796 1474 1828 ubi

776 1843 889 1884 ligatis
912 1843 957 1875 ad
988 1843 1136 1876 arbores
1178 1844 1309 1877 vitibus
1349 1854 1476 1877 omnes

777 1894 922 1923 arantur
942 1892 1104 1930 vineae?
1128 1894 1250 1924 Scuoi..
1272 1911 1309 1916 —
1325 1893 1471 1934 Falerni]

777 1941 939 1980 adeoque
987 1942 1134 1982 propter
1176 1942 1256 1973 vina
1302 1950 1475 1982 generosa

777 1990 911 2031 optimi.
949 2008 983 2012 —
1016 1990 1178 2032 Appiam]
1211 1991 1376 2023 «Crebro
1407 1992 1474 2024 iter

777 2038 858 2070 facit
886 2047 953 2079 per
980 2039 1075 2070 viam
1102 2040 1253 2080 Appiam
1284 2040 1330 2072 ad
1353 2041 1475 2082 inspe-

777 2087 903 2120 ctanda
927 2096 991 2119 sua
1014 2088 1194 2128 praedia.»
1221 2107 1257 2111 —
1275 2090 1326 2121 De
1341 2090 1475 2121 munis

776 2137 857 2168 vide
882 2136 946 2168 Od.
972 2136 1012 2175 3,
1037 2137 1097 2176 27,
1122 2138 1154 2168 7.
1180 2139 1283 2169 Lucr.
1301 2138 1339 2176 3,
1367 2139 1472 2170 4076;

777 2186 890 2218 Currit
917 2194 1020 2226 aqens
1045 2194 1186 2217 mannos
1206 2187 1252 2217 ad
1279 2186 1396 2218 villam
1423 2187 1475 2218 hic

770 2234 1056 2274 praecipitantem
1105 2234 1349 2268 velocissimus
1379 2237 1474 2269 enim

776 2285 832 2315 est
855 2291 980 2315 eorum
1004 2292 1141 2316 cursus.
1169 2302 1205 2307 —
1231 2284 1323 2325 terit]
1355 2285 1471 2317 Voss:

775 2331 1009 2364 zermalme.
1047 2332 1105 2364 Est
1127 2333 1263 2374 potius:
1290 2333 1476 2374 -frequen·

776 2382 857 2413 tat.
899 2381 992 2420 Virg.
1018 2381 1079 2412 Ge.
1107 2381 1142 2418 4,
1174 2381 1258 2413 38οε
1291 2382 1475 2423 Angustum

774 2430 918 2470 formica
954 2432 1061 2460 terens
1097 2431 1169 2461 iter.
1221 2430 1277 2461 Sic
1319 2429 1471 2474 τρίβειν.

775 2480 871 2510 Arat.
897 2478 982 2532 *ἷὸοῑ
1007 2475 1183 2510 Μεσσόθι
1206 2476 1247 2510 δὲ
1270 2477 1388 2523 τρίβει
1410 2482 1475 2521 με’-

776 2537 847 2569 γαν
876 2522 1063 2571 οὗρανόν,
1097 2527 1191 2568 quod
1222 2527 1347 2559 Cicero
1376 2530 1471 2561 Arat.

776 2577 809 2608 2
828 2576 951 2607 vertit:
977 2576 1059 2607 caeli
1074 2577 1218 2608 mediam
1238 2580 1370 2616 partem
1384 2579 1470 2610 terit.

34 2623 232 2656 satietatem
255 2625 458 2665 praeconis,
490 2625 566 2665 qui,
599 2624 683 2657 dum
708 2634 726 2656 a
782 2645 817 2648 —
836 2625 941 2667 eques]
967 2627 1054 2657 Nam
1076 2626 1156 2658 inde
1173 2636 1191 2658 a
1210 2627 1370 2659 Caesaris
1386 2630 1475 2660 tem-
