<?xml version="1.0" encoding="UTF-8"?>
<!DOCTYPE html PUBLIC "-//W3C//DTD XHTML 1.0 Transitional//EN"
    "http://www.w3.org/TR/xhtml1/DTD/xhtml1-transitional.dtd">
<html xmlns="http://www.w3.org/1999/xhtml" xml:lang="en" lang="en">
 <head>
  <title>
</title>
<meta http-equiv="Content-Type" content="text/html;charset=utf-8" />
  <meta name='ocr-system' content='tesseract 3.04.00' />
  <meta name='ocr-capabilities' content='ocr_page ocr_carea ocr_par ocr_line ocrx_word'/>
</head>
<body>
  <div class='ocr_page' id='page_1' title='image "./qhoratiusflaccus12horauoft_0569.png"; bbox 0 0 1722 2904; ppageno 0'>
   <div class='ocr_carea' id='block_1_1' title="bbox 0 1389 764 1529">
    <p class='ocr_par' dir='ltr' id='par_1_1' title="bbox 0 1389 752 1522">
     <span class='ocr_line' id='line_1_1' title="bbox 0 1389 581 1430; baseline 0.002 -8"><span class='ocrx_word' id='word_1_1' title='bbox 0 1399 4 1430; x_wconf 78' lang='lat'><strong>².</strong></span> <span class='ocrx_word' id='word_1_2' title='bbox 73 1389 262 1429; x_wconf 80' lang='lat' dir='ltr'><strong>Horatius;</strong></span> <span class='ocrx_word' id='word_1_3' title='bbox 286 1389 338 1423; x_wconf 83' lang='lat' dir='ltr'><strong>sic</strong></span> <span class='ocrx_word' id='word_1_4' title='bbox 352 1389 417 1422; x_wconf 89' lang='lat' dir='ltr'><strong>0d.</strong></span> <span class='ocrx_word' id='word_1_5' title='bbox 434 1389 471 1430; x_wconf 90' lang='lat'><strong>4,</strong></span> <span class='ocrx_word' id='word_1_6' title='bbox 489 1389 527 1430; x_wconf 88' lang='grc'>3,</span> <span class='ocrx_word' id='word_1_7' title='bbox 543 1389 581 1423; x_wconf 93' lang='lat'><strong>4:</strong></span> 
     </span>
     <span class='ocr_line' id='line_1_2' title="bbox 71 1437 764 1481; baseline 0.003 -9.811"><span class='ocrx_word' id='word_1_8' title='bbox 71 1437 138 1471; x_wconf 88' lang='lat' dir='ltr'><strong>0d.</strong></span> <span class='ocrx_word' id='word_1_9' title='bbox 162 1437 200 1479; x_wconf 89' lang='lat'><strong>4,</strong></span> <span class='ocrx_word' id='word_1_10' title='bbox 224 1437 264 1479; x_wconf 98' lang='lat'><strong>4,</strong></span> <span class='ocrx_word' id='word_1_11' title='bbox 287 1438 352 1471; x_wconf 77' lang='lat'><strong>3⁶:</strong></span> <span class='ocrx_word' id='word_1_12' title='bbox 392 1439 606 1480; x_wconf 77' lang='lat' dir='ltr'><strong>mdecorare,</strong></span> <span class='ocrx_word' id='word_1_13' title='bbox 642 1440 705 1473; x_wconf 89' lang='lat' dir='ltr'><strong>Od.</strong></span> <span class='ocrx_word' id='word_1_14' title='bbox 731 1440 764 1481; x_wconf 96' lang='lat'><strong>4,</strong></span> 
     </span>
     <span class='ocr_line' id='line_1_3' title="bbox 6 1463 763 1529; baseline 0 -8"><span class='ocrx_word' id='word_1_15' title='bbox 6 1492 17 1521; x_wconf 62' lang='grc' dir='ltr'><strong>ἓ</strong></span> <span class='ocrx_word' id='word_1_16' title='bbox 71 1487 132 1527; x_wconf 76' lang='grc'>45,</span> <span class='ocrx_word' id='word_1_17' title='bbox 159 1487 227 1521; x_wconf 77' lang='lat'><strong>20:</strong></span> <span class='ocrx_word' id='word_1_18' title='bbox 250 1463 438 1521; x_wconf 75' lang='lat' dir='ltr'><strong>inimicare.</strong></span> <span class='ocrx_word' id='word_1_19' title='bbox 476 1488 540 1521; x_wconf 89' lang='lat' dir='ltr'><strong>Od.</strong></span> <span class='ocrx_word' id='word_1_20' title='bbox 568 1489 608 1529; x_wconf 87' lang='lat'><strong>3,</strong></span> <span class='ocrx_word' id='word_1_21' title='bbox 634 1490 672 1529; x_wconf 80' lang='lat'><strong>2,</strong></span> <span class='ocrx_word' id='word_1_22' title='bbox 699 1489 763 1522; x_wconf 75' lang='lat'><strong>⁴8:</strong></span> 
     </span>
    </p>
   </div>
   <div class='ocr_carea' id='block_1_2' title="bbox 565 109 923 143">
    <p class='ocr_par' dir='ltr' id='par_1_2' title="bbox 565 109 923 143">
     <span class='ocr_line' id='line_1_4' title="bbox 565 109 923 143; baseline -0.006 0"><span class='ocrx_word' id='word_1_23' title='bbox 565 110 654 143; x_wconf 55' lang='lat' dir='ltr'><strong>Lm.</strong></span> <span class='ocrx_word' id='word_1_24' title='bbox 669 110 726 143; x_wconf 85' lang='lat' dir='ltr'><strong>1v.</strong></span> <span class='ocrx_word' id='word_1_25' title='bbox 773 110 812 143; x_wconf 92' lang='lat' dir='ltr'><strong>C.</strong></span> <span class='ocrx_word' id='word_1_26' title='bbox 837 109 923 142; x_wconf 74' lang='lat' dir='ltr'><strong>nv.</strong></span> 
     </span>
    </p>
   </div>
   <div class='ocr_carea' id='block_1_3' title="bbox 1436 107 1521 151">
    <p class='ocr_par' dir='ltr' id='par_1_3' title="bbox 1436 107 1521 151">
     <span class='ocr_line' id='line_1_5' title="bbox 1436 107 1521 151; baseline 0 -1"><span class='ocrx_word' id='word_1_27' title='bbox 1436 107 1521 151; x_wconf 68' lang='lat'><strong>6⁴3</strong></span> 
     </span>
    </p>
   </div>
   <div class='ocr_carea' id='block_1_4' title="bbox 414 213 1163 271">
    <p class='ocr_par' dir='ltr' id='par_1_4' title="bbox 414 213 1163 271">
     <span class='ocr_line' id='line_1_6' title="bbox 414 213 1163 271; baseline 0 -15"><span class='ocrx_word' id='word_1_28' title='bbox 414 215 499 257; x_wconf 92' lang='lat' dir='ltr'><strong>Per</strong></span> <span class='ocrx_word' id='word_1_29' title='bbox 527 213 672 257; x_wconf 90' lang='lat' dir='ltr'><strong>titulos</strong></span> <span class='ocrx_word' id='word_1_30' title='bbox 700 227 1003 271; x_wconf 79' lang='lat' dir='ltr'><strong>memoresque</strong></span> <span class='ocrx_word' id='word_1_31' title='bbox 1033 213 1163 256; x_wconf 81' lang='lat' dir='ltr'><strong>fastos</strong></span> 
     </span>
    </p>
   </div>
   <div class='ocr_carea' id='block_1_5' title="bbox 298 311 1519 614">
    <p class='ocr_par' dir='ltr' id='par_1_5' title="bbox 298 311 1519 614">
     <span class='ocr_line' id='line_1_7' title="bbox 298 311 1519 371; baseline -0.002 -14"><span class='ocrx_word' id='word_1_32' title='bbox 298 314 521 363; x_wconf 81' lang='lat' dir='ltr'><strong>Aeternet,</strong></span> <span class='ocrx_word' id='word_1_33' title='bbox 542 327 598 364; x_wconf 70' lang='lat' dir='ltr'><strong>.o,</strong></span> <span class='ocrx_word' id='word_1_34' title='bbox 631 326 717 371; x_wconf 84' lang='lat' dir='ltr'><strong>qua</strong></span> <span class='ocrx_word' id='word_1_35' title='bbox 747 311 811 356; x_wconf 83' lang='lat' dir='ltr'><strong>sol</strong></span> <span class='ocrx_word' id='word_1_36' title='bbox 845 312 1100 358; x_wconf 86' lang='lat' dir='ltr'><strong>habitabiles</strong></span> <span class='ocrx_word' id='word_1_37' title='bbox 1493 314 1519 354; x_wconf 85' lang='lat'>5</span> 
     </span>
     <span class='ocr_line' id='line_1_8' title="bbox 299 393 1150 452; baseline -0.001 -14"><span class='ocrx_word' id='word_1_38' title='bbox 299 393 484 438; x_wconf 84' lang='lat' dir='ltr'><strong>Illustrat</strong></span> <span class='ocrx_word' id='word_1_39' title='bbox 511 408 632 446; x_wconf 87' lang='lat' dir='ltr'><strong>oras,</strong></span> <span class='ocrx_word' id='word_1_40' title='bbox 664 395 848 438; x_wconf 82' lang='lat' dir='ltr'><strong>maxime</strong></span> <span class='ocrx_word' id='word_1_41' title='bbox 877 394 1150 452; x_wconf 82' lang='lat' dir='ltr'><strong>principum?</strong></span> 
     </span>
     <span class='ocr_line' id='line_1_9' title="bbox 355 475 1065 533; baseline -0.001 -14"><span class='ocrx_word' id='word_1_42' title='bbox 355 476 496 528; x_wconf 87' lang='lat' dir='ltr'><strong>Quem</strong></span> <span class='ocrx_word' id='word_1_43' title='bbox 523 475 631 533; x_wconf 86' lang='lat' dir='ltr'><strong>legis</strong></span> <span class='ocrx_word' id='word_1_44' title='bbox 661 482 862 533; x_wconf 81' lang='lat' dir='ltr'><strong>expertes</strong></span> <span class='ocrx_word' id='word_1_45' title='bbox 890 476 1065 519; x_wconf 84' lang='lat' dir='ltr'><strong>Latinae</strong></span> 
     </span>
     <span class='ocr_line' id='line_1_10' title="bbox 411 555 1031 614; baseline 0 -15"><span class='ocrx_word' id='word_1_46' title='bbox 411 555 619 600; x_wconf 86' lang='lat' dir='ltr'><strong>Vindelici</strong></span> <span class='ocrx_word' id='word_1_47' title='bbox 648 555 840 600; x_wconf 89' lang='lat' dir='ltr'><strong>didicere</strong></span> <span class='ocrx_word' id='word_1_48' title='bbox 869 570 1031 614; x_wconf 88' lang='lat' dir='ltr'><strong>nuper,</strong></span> 
     </span>
    </p>
   </div>
   <div class='ocr_carea' id='block_1_6' title="bbox 296 661 1161 719">
    <p class='ocr_par' dir='ltr' id='par_1_6' title="bbox 296 661 1161 719">
     <span class='ocr_line' id='line_1_11' title="bbox 296 661 1161 719; baseline 0 -14"><span class='ocrx_word' id='word_1_49' title='bbox 296 661 411 716; x_wconf 90' lang='lat' dir='ltr'><strong>Quid</strong></span> <span class='ocrx_word' id='word_1_50' title='bbox 437 662 570 705; x_wconf 85' lang='lat' dir='ltr'><strong>Marte</strong></span> <span class='ocrx_word' id='word_1_51' title='bbox 598 675 765 719; x_wconf 91' lang='lat' dir='ltr'><strong>posses.</strong></span> <span class='ocrx_word' id='word_1_52' title='bbox 803 662 932 705; x_wconf 82' lang='lat' dir='ltr'><strong>Milite</strong></span> <span class='ocrx_word' id='word_1_53' title='bbox 961 675 1060 705; x_wconf 91' lang='lat' dir='ltr'><strong>nam</strong></span> <span class='ocrx_word' id='word_1_54' title='bbox 1089 668 1161 705; x_wconf 92' lang='lat' dir='ltr'><strong>tuo</strong></span> 
     </span>
    </p>
   </div>
   <div class='ocr_carea' id='block_1_7' title="bbox 294 742 1246 800">
    <p class='ocr_par' dir='ltr' id='par_1_7' title="bbox 294 742 1246 800">
     <span class='ocr_line' id='line_1_12' title="bbox 294 742 1246 800; baseline 0 -14"><span class='ocrx_word' id='word_1_55' title='bbox 294 744 464 787; x_wconf 90' lang='lat' dir='ltr'><strong>Drusus</strong></span> <span class='ocrx_word' id='word_1_56' title='bbox 495 742 745 793; x_wconf 90' lang='lat' dir='ltr'><strong>Genaunos,</strong></span> <span class='ocrx_word' id='word_1_57' title='bbox 778 742 1056 800; x_wconf 90' lang='lat' dir='ltr'><strong>implacidum</strong></span> <span class='ocrx_word' id='word_1_58' title='bbox 1084 756 1246 800; x_wconf 84' lang='lat' dir='ltr'><strong>genus,</strong></span> 
     </span>
    </p>
   </div>
   <div class='ocr_carea' id='block_1_8' title="bbox 1464 744 1517 787">
    <p class='ocr_par' dir='ltr' id='par_1_8' title="bbox 1464 744 1517 787">
     <span class='ocr_line' id='line_1_13' title="bbox 1464 744 1517 787; baseline -0.019 0"><span class='ocrx_word' id='word_1_59' title='bbox 1464 744 1517 787; x_wconf 79' lang='grc' dir='ltr'><strong>Ι10</strong></span> 
     </span>
    </p>
   </div>
   <div class='ocr_carea' id='block_1_9' title="bbox 111 849 1474 991">
    <p class='ocr_par' dir='ltr' id='par_1_9' title="bbox 111 849 1474 991">
     <span class='ocr_line' id='line_1_14' title="bbox 157 849 1470 893; baseline -0.001 -8"><span class='ocrx_word' id='word_1_60' title='bbox 157 851 191 885; x_wconf 87' lang='lat'><strong>4.</strong></span> <span class='ocrx_word' id='word_1_61' title='bbox 213 851 319 893; x_wconf 73' lang='lat' dir='ltr'><strong>[astos</strong></span> <span class='ocrx_word' id='word_1_62' title='bbox 339 850 421 889; x_wconf 90' lang='lat' dir='ltr'><strong>Scd,</strong></span> <span class='ocrx_word' id='word_1_63' title='bbox 425 850 544 883; x_wconf 84' lang='lat' dir='ltr'><strong>LCtF:</strong></span> <span class='ocrx_word' id='word_1_64' title='bbox 578 851 685 891; x_wconf 77' lang='lat' dir='ltr'><strong>fastus</strong></span> <span class='ocrx_word' id='word_1_65' title='bbox 706 850 806 890; x_wconf 87' lang='lat' dir='ltr'><strong>BbT,</strong></span> <span class='ocrx_word' id='word_1_66' title='bbox 841 849 1023 883; x_wconf 89' lang='lat' dir='ltr'><strong>Bentleius</strong></span> <span class='ocrx_word' id='word_1_67' title='bbox 1053 851 1090 882; x_wconf 87' lang='lat' dir='ltr'><strong>et</strong></span> <span class='ocrx_word' id='word_1_68' title='bbox 1120 850 1165 882; x_wconf 94' lang='lat' dir='ltr'><strong>M.</strong></span> <span class='ocrx_word' id='word_1_69' title='bbox 1192 850 1262 883; x_wconf 83' lang='lat' dir='ltr'><strong>Cfr.</strong></span> <span class='ocrx_word' id='word_1_70' title='bbox 1288 850 1404 884; x_wconf 91' lang='lat' dir='ltr'><strong>Carm.</strong></span> <span class='ocrx_word' id='word_1_71' title='bbox 1430 851 1470 888; x_wconf 82' lang='lat'><strong>3.</strong></span> 
     </span>
     <span class='ocr_line' id='line_1_15' title="bbox 114 899 1474 942; baseline -0.001 -8"><span class='ocrx_word' id='word_1_72' title='bbox 114 901 176 941; x_wconf 72' lang='lat'><strong>⁴7,</strong></span> <span class='ocrx_word' id='word_1_73' title='bbox 200 900 233 934; x_wconf 90' lang='lat'><strong>4.</strong></span> <span class='ocrx_word' id='word_1_74' title='bbox 258 899 417 942; x_wconf 81' lang='lat' dir='ltr'><strong>(Ultimus</strong></span> <span class='ocrx_word' id='word_1_75' title='bbox 440 901 496 933; x_wconf 85' lang='lat' dir='ltr'><strong>est</strong></span> <span class='ocrx_word' id='word_1_76' title='bbox 518 900 576 932; x_wconf 90' lang='lat' dir='ltr'><strong>hic</strong></span> <span class='ocrx_word' id='word_1_77' title='bbox 597 909 632 932; x_wconf 85' lang='lat' dir='ltr'>v</span> <span class='ocrx_word' id='word_1_78' title='bbox 651 900 753 941; x_wconf 89' lang='lat' dir='ltr'><strong>inB.)</strong></span> <span class='ocrx_word' id='word_1_79' title='bbox 773 918 810 923; x_wconf 94' lang='lat'><strong>—-</strong></span> <span class='ocrx_word' id='word_1_80' title='bbox 834 900 867 932; x_wconf 85' lang='grc'><strong>5.</strong></span> <span class='ocrx_word' id='word_1_81' title='bbox 891 900 1052 932; x_wconf 78' lang='lat' dir='ltr'><strong>Aeternae</strong></span> <span class='ocrx_word' id='word_1_82' title='bbox 1075 900 1228 940; x_wconf 76' lang='lat' dir='ltr'><strong>etqua&#39;r.</strong></span> <span class='ocrx_word' id='word_1_83' title='bbox 1252 917 1289 922; x_wconf 91' lang='lat'>—</span> <span class='ocrx_word' id='word_1_84' title='bbox 1314 899 1347 932; x_wconf 89' lang='grc'><strong>6.</strong></span> <span class='ocrx_word' id='word_1_85' title='bbox 1370 900 1474 933; x_wconf 78' lang='lat' dir='ltr'><strong>horas</strong></span> 
     </span>
     <span class='ocr_line' id='line_1_16' title="bbox 111 948 1472 991; baseline 0 -8"><span class='ocrx_word' id='word_1_86' title='bbox 111 959 158 983; x_wconf 85' lang='lat' dir='ltr'><strong>m.</strong></span> <span class='ocrx_word' id='word_1_87' title='bbox 177 950 384 991; x_wconf 68' lang='lat' dir='ltr'><strong>principium</strong></span> <span class='ocrx_word' id='word_1_88' title='bbox 404 951 443 983; x_wconf 90' lang='lat' dir='ltr'><strong>T.</strong></span> <span class='ocrx_word' id='word_1_89' title='bbox 471 967 509 973; x_wconf 98' lang='lat'><strong>—</strong></span> <span class='ocrx_word' id='word_1_90' title='bbox 538 951 592 982; x_wconf 75' lang='lat'><strong>⁴0.</strong></span> <span class='ocrx_word' id='word_1_91' title='bbox 621 949 759 982; x_wconf 85' lang='lat' dir='ltr'><strong>Habent</strong></span> <span class='ocrx_word' id='word_1_92' title='bbox 782 951 960 983; x_wconf 78' lang='lat' dir='ltr'><strong>Genaunos</strong></span> <span class='ocrx_word' id='word_1_93' title='bbox 981 948 1117 981; x_wconf 91' lang='lat' dir='ltr'><strong>bSTcd.</strong></span> <span class='ocrx_word' id='word_1_94' title='bbox 1143 948 1369 991; x_wconf 77' lang='lat' dir='ltr'><strong>corruptelas</strong></span> <span class='ocrx_word' id='word_1_95' title='bbox 1391 949 1472 983; x_wconf 85' lang='lat' dir='ltr'><strong>vide</strong></span> 
     </span>
    </p>
   </div>
   <div class='ocr_carea' id='block_1_10' title="bbox 114 999 734 1042">
    <p class='ocr_par' dir='ltr' id='par_1_10' title="bbox 114 999 734 1042">
     <span class='ocr_line' id='line_1_17' title="bbox 114 999 734 1042; baseline -0.002 -10"><span class='ocrx_word' id='word_1_96' title='bbox 114 999 211 1042; x_wconf 77' lang='lat' dir='ltr'><strong>apud</strong></span> <span class='ocrx_word' id='word_1_97' title='bbox 231 1000 380 1033; x_wconf 80' lang='lat' dir='ltr'><strong>Iunium.</strong></span> <span class='ocrx_word' id='word_1_98' title='bbox 408 1018 445 1023; x_wconf 89' lang='grc'><strong>-</strong></span> <span class='ocrx_word' id='word_1_99' title='bbox 470 1000 675 1041; x_wconf 74' lang='lat' dir='ltr'><strong>inplacidum</strong></span> <span class='ocrx_word' id='word_1_100' title='bbox 698 1000 734 1031; x_wconf 93' lang='lat' dir='ltr'><strong>T.</strong></span> 
     </span>
    </p>
   </div>
   <div class='ocr_carea' id='block_1_11' title="bbox 4 1091 770 1431">
    <p class='ocr_par' dir='ltr' id='par_1_11' title="bbox 4 1091 770 1431">
     <span class='ocr_line' id='line_1_18' title="bbox 71 1091 770 1126; baseline -0.001 -1"><span class='ocrx_word' id='word_1_101' title='bbox 71 1093 222 1126; x_wconf 85' lang='lat' dir='ltr'><strong>amator.</strong></span> <span class='ocrx_word' id='word_1_102' title='bbox 260 1091 492 1126; x_wconf 81' lang='lat' dir='ltr'><strong>Pleonasmus</strong></span> <span class='ocrx_word' id='word_1_103' title='bbox 516 1095 572 1125; x_wconf 87' lang='lat' dir='ltr'><strong>est</strong></span> <span class='ocrx_word' id='word_1_104' title='bbox 593 1101 638 1125; x_wconf 91' lang='lat' dir='ltr'><strong>eo</strong></span> <span class='ocrx_word' id='word_1_105' title='bbox 653 1093 770 1125; x_wconf 89' lang='lat' dir='ltr'><strong>minus</strong></span> 
     </span>
     <span class='ocr_line' id='line_1_19' title="bbox 70 1142 769 1184; baseline 0 -10"><span class='ocrx_word' id='word_1_106' title='bbox 70 1142 218 1175; x_wconf 84' lang='lat' dir='ltr'><strong>vitiosus</strong></span> <span class='ocrx_word' id='word_1_107' title='bbox 229 1167 237 1182; x_wconf 87' lang='lat'>‚</span> <span class='ocrx_word' id='word_1_108' title='bbox 263 1142 360 1184; x_wconf 88' lang='lat' dir='ltr'><strong>quod</strong></span> <span class='ocrx_word' id='word_1_109' title='bbox 374 1151 431 1174; x_wconf 87' lang='lat' dir='ltr'><strong>vv.</strong></span> <span class='ocrx_word' id='word_1_110' title='bbox 448 1143 485 1174; x_wconf 74' lang='lat' dir='ltr'><strong>in</strong></span> <span class='ocrx_word' id='word_1_111' title='bbox 499 1142 769 1183; x_wconf 74' lang='lat' dir='ltr'><strong>aevum-integro</strong></span> 
     </span>
     <span class='ocr_line' id='line_1_20' title="bbox 74 1190 766 1225; baseline 0 -1"><span class='ocrx_word' id='word_1_112' title='bbox 74 1190 251 1225; x_wconf 84' lang='lat' dir='ltr'><strong>versiculo</strong></span> <span class='ocrx_word' id='word_1_113' title='bbox 273 1200 294 1224; x_wconf 81' lang='lat' dir='ltr'><strong>a</strong></span> <span class='ocrx_word' id='word_1_114' title='bbox 317 1200 353 1224; x_wconf 80' lang='lat' dir='ltr'><strong>v.</strong></span> <span class='ocrx_word' id='word_1_115' title='bbox 369 1195 516 1224; x_wconf 75' lang='lat' dir='ltr'><strong>aeter-net</strong></span> <span class='ocrx_word' id='word_1_116' title='bbox 536 1191 650 1224; x_wconf 85' lang='lat' dir='ltr'><strong>divisa</strong></span> <span class='ocrx_word' id='word_1_117' title='bbox 672 1192 766 1224; x_wconf 87' lang='lat' dir='ltr'><strong>sunt.</strong></span> 
     </span>
     <span class='ocr_line' id='line_1_21' title="bbox 72 1241 768 1283; baseline -0.001 -10"><span class='ocrx_word' id='word_1_118' title='bbox 72 1241 115 1274; x_wconf 85' lang='lat' dir='ltr'><strong>V.</strong></span> <span class='ocrx_word' id='word_1_119' title='bbox 139 1244 317 1273; x_wconf 68' lang='lat' dir='ltr'><strong>aetenam</strong></span> <span class='ocrx_word' id='word_1_120' title='bbox 338 1242 459 1274; x_wconf 86' lang='lat' dir='ltr'><strong>autem</strong></span> <span class='ocrx_word' id='word_1_121' title='bbox 480 1242 665 1283; x_wconf 87' lang='lat' dir='ltr'><strong>usurpavit</strong></span> <span class='ocrx_word' id='word_1_122' title='bbox 697 1241 768 1273; x_wconf 91' lang='lat' dir='ltr'><strong>iam</strong></span> 
     </span>
     <span class='ocr_line' id='line_1_22' title="bbox 71 1290 768 1332; baseline -0.001 -9"><span class='ocrx_word' id='word_1_123' title='bbox 71 1290 184 1323; x_wconf 77' lang='lat' dir='ltr'><strong>Varro</strong></span> <span class='ocrx_word' id='word_1_124' title='bbox 206 1298 263 1332; x_wconf 89' lang='lat' dir='ltr'><strong>ap.</strong></span> <span class='ocrx_word' id='word_1_125' title='bbox 288 1291 379 1323; x_wconf 84' lang='lat' dir='ltr'><strong>Non.</strong></span> <span class='ocrx_word' id='word_1_126' title='bbox 403 1299 440 1332; x_wconf 94' lang='lat' dir='ltr'><strong>p.</strong></span> <span class='ocrx_word' id='word_1_127' title='bbox 462 1291 522 1330; x_wconf 88' lang='lat'><strong>75,</strong></span> <span class='ocrx_word' id='word_1_128' title='bbox 547 1291 602 1324; x_wconf 76' lang='lat'><strong>20.</strong></span> <span class='ocrx_word' id='word_1_129' title='bbox 638 1290 768 1323; x_wconf 86' lang='lat' dir='ltr'><strong>Similia</strong></span> 
     </span>
     <span class='ocr_line' id='line_1_23' title="bbox 4 1340 768 1382; baseline 0.001 -10"><span class='ocrx_word' id='word_1_130' title='bbox 4 1351 11 1366; x_wconf 71' lang='grc' dir='ltr'>τ</span> <span class='ocrx_word' id='word_1_131' title='bbox 72 1348 132 1372; x_wconf 83' lang='lat' dir='ltr'><strong>vv.</strong></span> <span class='ocrx_word' id='word_1_132' title='bbox 162 1340 360 1382; x_wconf 76' lang='lat' dir='ltr'><strong>antiquiora</strong></span> <span class='ocrx_word' id='word_1_133' title='bbox 390 1340 427 1373; x_wconf 88' lang='lat' dir='ltr'><strong>in</strong></span> <span class='ocrx_word' id='word_1_134' title='bbox 454 1341 565 1373; x_wconf 90' lang='lat' dir='ltr'><strong>vitam</strong></span> <span class='ocrx_word' id='word_1_135' title='bbox 585 1342 768 1374; x_wconf 82' lang='lat' dir='ltr'><strong>revocavit</strong></span> 
     </span>
     <span class='ocr_line' id='line_1_24' title="bbox 616 1391 765 1431; baseline 0 -8"><span class='ocrx_word' id='word_1_136' title='bbox 616 1391 765 1431; x_wconf 72' lang='lat' dir='ltr'><strong>clarere,</strong></span> 
     </span>
    </p>
   </div>
   <div class='ocr_carea' id='block_1_12' title="bbox 6 1536 767 2714">
    <p class='ocr_par' dir='ltr' id='par_1_12' title="bbox 7 1536 762 1580">
     <span class='ocr_line' id='line_1_25' title="bbox 7 1536 762 1580; baseline 0.004 -12"><span class='ocrx_word' id='word_1_137' title='bbox 7 1536 15 1562; x_wconf 67' lang='grc' dir='ltr'><em>ἴ</em></span> <span class='ocrx_word' id='word_1_138' title='bbox 67 1536 296 1570; x_wconf 67' lang='lat' dir='ltr'><strong>intaminatm.</strong></span> <span class='ocrx_word' id='word_1_139' title='bbox 327 1555 365 1560; x_wconf 98' lang='lat'><strong>—</strong></span> <span class='ocrx_word' id='word_1_140' title='bbox 388 1538 574 1580; x_wconf 86' lang='lat' dir='ltr'><strong>Inscriptio</strong></span> <span class='ocrx_word' id='word_1_141' title='bbox 603 1540 762 1571; x_wconf 91' lang='lat' dir='ltr'><strong>nummi:</strong></span> 
     </span>
    </p>

    <p class='ocr_par' dir='ltr' id='par_1_13' title="bbox 6 1584 767 2127">
     <span class='ocr_line' id='line_1_26' title="bbox 6 1584 767 1629; baseline 0.004 -11"><span class='ocrx_word' id='word_1_142' title='bbox 6 1584 21 1615; x_wconf 63' lang='lat'><strong>²7</strong></span> <span class='ocrx_word' id='word_1_143' title='bbox 66 1586 350 1619; x_wconf 76' lang='grc' dir='ltr'><strong><em>ΔΕΊἘΒΝΙΤΔΤΙ</em></strong></span> <span class='ocrx_word' id='word_1_144' title='bbox 388 1587 582 1620; x_wconf 76' lang='lat' dir='ltr'><strong>AVGVSTI.</strong></span> <span class='ocrx_word' id='word_1_145' title='bbox 621 1606 657 1611; x_wconf 86' lang='lat'><strong>-—-</strong></span> <span class='ocrx_word' id='word_1_146' title='bbox 698 1598 767 1629; x_wconf 77' lang='lat' dir='ltr'><strong>qua</strong></span> 
     </span>
     <span class='ocr_line' id='line_1_27' title="bbox 7 1634 766 1678; baseline 0.004 -10"><span class='ocrx_word' id='word_1_147' title='bbox 7 1648 21 1677; x_wconf 46' lang='lat' dir='ltr'><em>p</em></span> <span class='ocrx_word' id='word_1_148' title='bbox 64 1635 125 1678; x_wconf 77' lang='lat' dir='ltr'><strong>sol]</strong></span> <span class='ocrx_word' id='word_1_149' title='bbox 147 1634 314 1669; x_wconf 79' lang='lat' dir='ltr'><strong>Similiter</strong></span> <span class='ocrx_word' id='word_1_150' title='bbox 335 1637 408 1669; x_wconf 90' lang='lat' dir='ltr'><strong>Cic.</strong></span> <span class='ocrx_word' id='word_1_151' title='bbox 432 1645 498 1678; x_wconf 89' lang='lat' dir='ltr'><strong>pro</strong></span> <span class='ocrx_word' id='word_1_152' title='bbox 521 1636 591 1670; x_wconf 89' lang='lat' dir='ltr'><strong>Mil.</strong></span> <span class='ocrx_word' id='word_1_153' title='bbox 609 1637 671 1670; x_wconf 84' lang='lat'><strong>35:</strong></span> <span class='ocrx_word' id='word_1_154' title='bbox 697 1646 766 1678; x_wconf 77' lang='lat' dir='ltr'><strong>qua</strong></span> 
     </span>
     <span class='ocr_line' id='line_1_28' title="bbox 9 1685 762 1728; baseline 0.004 -11"><span class='ocrx_word' id='word_1_155' title='bbox 9 1686 29 1712; x_wconf 68' lang='lat' dir='ltr'><strong>&#39;z</strong></span> <span class='ocrx_word' id='word_1_156' title='bbox 62 1686 145 1728; x_wconf 63' lang='lat' dir='ltr'><strong>fines</strong></span> <span class='ocrx_word' id='word_1_157' title='bbox 175 1685 309 1726; x_wconf 78' lang='lat' dir='ltr'><strong>imperii</strong></span> <span class='ocrx_word' id='word_1_158' title='bbox 342 1686 461 1726; x_wconf 76' lang='lat' dir='ltr'><strong>populi</strong></span> <span class='ocrx_word' id='word_1_159' title='bbox 492 1687 634 1719; x_wconf 79' lang='lat' dir='ltr'><strong>Romani</strong></span> <span class='ocrx_word' id='word_1_160' title='bbox 675 1691 762 1720; x_wconf 65' lang='lat' dir='ltr'><strong>mmt.</strong></span> 
     </span>
     <span class='ocr_line' id='line_1_29' title="bbox 63 1734 761 1777; baseline 0.004 -9.803"><span class='ocrx_word' id='word_1_161' title='bbox 63 1734 160 1776; x_wconf 84' lang='lat' dir='ltr'><strong>Vitg.</strong></span> <span class='ocrx_word' id='word_1_162' title='bbox 183 1736 271 1768; x_wconf 83' lang='lat' dir='ltr'><strong>Aen.</strong></span> <span class='ocrx_word' id='word_1_163' title='bbox 296 1735 335 1774; x_wconf 80' lang='lat'><strong>7,</strong></span> <span class='ocrx_word' id='word_1_164' title='bbox 352 1735 418 1768; x_wconf 77' lang='lat'><strong>99:</strong></span> <span class='ocrx_word' id='word_1_165' title='bbox 441 1739 573 1776; x_wconf 79' lang='lat' dir='ltr'><strong>nepotes</strong></span> <span class='ocrx_word' id='word_1_166' title='bbox 595 1736 761 1777; x_wconf 83' lang='lat' dir='ltr'><strong>(Aeneae,</strong></span> 
     </span>
     <span class='ocr_line' id='line_1_30' title="bbox 10 1782 760 1826; baseline 0.003 -10"><span class='ocrx_word' id='word_1_167' title='bbox 10 1782 24 1826; x_wconf 68' lang='lat' dir='ltr'><strong>{j</strong></span> <span class='ocrx_word' id='word_1_168' title='bbox 63 1783 103 1816; x_wconf 87' lang='lat' dir='ltr'><strong>id</strong></span> <span class='ocrx_word' id='word_1_169' title='bbox 116 1785 183 1824; x_wconf 83' lang='lat' dir='ltr'><strong>est,</strong></span> <span class='ocrx_word' id='word_1_170' title='bbox 199 1784 387 1826; x_wconf 77' lang='lat' dir='ltr'><strong>Augustus)</strong></span> <span class='ocrx_word' id='word_1_171' title='bbox 404 1785 527 1817; x_wconf 78' lang='lat' dir='ltr'><strong>Omnia</strong></span> <span class='ocrx_word' id='word_1_172' title='bbox 540 1785 599 1817; x_wconf 82' lang='lat' dir='ltr'><strong>sab</strong></span> <span class='ocrx_word' id='word_1_173' title='bbox 609 1786 760 1826; x_wconf 83' lang='lat' dir='ltr'><strong>pedibus,</strong></span> 
     </span>
     <span class='ocr_line' id='line_1_31' title="bbox 11 1833 764 1879; baseline 0.003 -14"><span class='ocrx_word' id='word_1_174' title='bbox 11 1841 22 1879; x_wconf 74' lang='lat' dir='ltr'><strong>&#39;j</strong></span> <span class='ocrx_word' id='word_1_175' title='bbox 64 1841 135 1874; x_wconf 73' lang='lat' dir='ltr'><strong>qua</strong></span> <span class='ocrx_word' id='word_1_176' title='bbox 153 1833 213 1866; x_wconf 83' lang='lat' dir='ltr'><strong>Sol</strong></span> <span class='ocrx_word' id='word_1_177' title='bbox 231 1837 411 1874; x_wconf 66' lang='lat' dir='ltr'><strong>numme</strong></span> <span class='ocrx_word' id='word_1_178' title='bbox 434 1843 611 1867; x_wconf 74' lang='lat' dir='ltr'><strong>recurrens</strong></span> <span class='ocrx_word' id='word_1_179' title='bbox 637 1835 764 1875; x_wconf 75' lang='lat' dir='ltr'><strong>Aspicit</strong></span> 
     </span>
     <span class='ocr_line' id='line_1_32' title="bbox 66 1882 759 1925; baseline 0.004 -10.772"><span class='ocrx_word' id='word_1_180' title='bbox 66 1882 235 1915; x_wconf 62' lang='lat' dir='ltr'><strong>Ocea-im</strong></span> <span class='ocrx_word' id='word_1_181' title='bbox 258 1883 407 1924; x_wconf 73' lang='lat' dir='ltr'><strong>vertique</strong></span> <span class='ocrx_word' id='word_1_182' title='bbox 435 1884 573 1925; x_wconf 64' lang='lat' dir='ltr'><strong>regique</strong></span> <span class='ocrx_word' id='word_1_183' title='bbox 592 1884 759 1917; x_wconf 76' lang='lat' dir='ltr'><strong>videbunt.</strong></span> 
     </span>
     <span class='ocr_line' id='line_1_33' title="bbox 66 1929 761 1976; baseline 0.003 -11.851"><span class='ocrx_word' id='word_1_184' title='bbox 66 1931 356 1964; x_wconf 89' lang='lat' dir='ltr'><strong>-habitabiles-</strong></span> <span class='ocrx_word' id='word_1_185' title='bbox 370 1932 465 1974; x_wconf 84' lang='lat' dir='ltr'><strong>oras]</strong></span> <span class='ocrx_word' id='word_1_186' title='bbox 502 1934 542 1965; x_wconf 88' lang='lat' dir='ltr'><strong>ut</strong></span> <span class='ocrx_word' id='word_1_187' title='bbox 570 1929 595 1976; x_wconf 84' lang='grc' dir='ltr'><em>ἤ</em></span> <span class='ocrx_word' id='word_1_188' title='bbox 627 1934 761 1966; x_wconf 85' lang='grc' dir='ltr'><strong><em>οἰκου-</em></strong></span> 
     </span>
     <span class='ocr_line' id='line_1_34' title="bbox 61 1979 759 2025; baseline 0.004 -12.799"><span class='ocrx_word' id='word_1_189' title='bbox 61 1979 336 2023; x_wconf 48' lang='lat' dir='ltr'><strong>,nimpi-norbo</strong></span> <span class='ocrx_word' id='word_1_190' title='bbox 347 1982 535 2014; x_wconf 83' lang='lat' dir='ltr'><strong>terrarum.</strong></span> <span class='ocrx_word' id='word_1_191' title='bbox 549 1983 759 2025; x_wconf 66' lang='lat' dir='ltr'><strong>——ma-vime]</strong></span> 
     </span>
     <span class='ocr_line' id='line_1_35' title="bbox 11 2026 763 2073; baseline 0.004 -11"><span class='ocrx_word' id='word_1_192' title='bbox 11 2026 81 2059; x_wconf 65' lang='grc' dir='ltr'>ῗί</span> <span class='ocrx_word' id='word_1_193' title='bbox 64 2030 148 2072; x_wconf 70' lang='lat' dir='ltr'><strong>aqui</strong></span> <span class='ocrx_word' id='word_1_194' title='bbox 168 2038 330 2064; x_wconf 79' lang='lat' dir='ltr'><strong>summus</strong></span> <span class='ocrx_word' id='word_1_195' title='bbox 346 2056 354 2070; x_wconf 88' lang='lat'><strong>,</strong></span> <span class='ocrx_word' id='word_1_196' title='bbox 378 2032 488 2064; x_wconf 91' lang='lat' dir='ltr'><strong>immo</strong></span> <span class='ocrx_word' id='word_1_197' title='bbox 504 2040 597 2064; x_wconf 92' lang='lat' dir='ltr'><strong>unus</strong></span> <span class='ocrx_word' id='word_1_198' title='bbox 613 2040 652 2064; x_wconf 91' lang='lat' dir='ltr'><strong>es</strong></span> <span class='ocrx_word' id='word_1_199' title='bbox 666 2033 763 2073; x_wconf 89' lang='lat' dir='ltr'><strong>prin-</strong></span> 
     </span>
     <span class='ocr_line' id='line_1_36' title="bbox 12 2080 758 2127; baseline 0.004 -16"><span class='ocrx_word' id='word_1_200' title='bbox 12 2082 36 2127; x_wconf 52' lang='lat' dir='ltr'><strong>ss‘</strong></span> <span class='ocrx_word' id='word_1_201' title='bbox 62 2087 149 2121; x_wconf 82' lang='lat' dir='ltr'><strong>ceps</strong></span> <span class='ocrx_word' id='word_1_202' title='bbox 179 2088 247 2121; x_wconf 91' lang='lat' dir='ltr'><strong>per</strong></span> <span class='ocrx_word' id='word_1_203' title='bbox 273 2081 387 2113; x_wconf 81' lang='lat' dir='ltr'><strong>totum</strong></span> <span class='ocrx_word' id='word_1_204' title='bbox 413 2080 542 2113; x_wconf 87' lang='lat' dir='ltr'><strong>orbem</strong></span> <span class='ocrx_word' id='word_1_205' title='bbox 565 2082 758 2122; x_wconf 88' lang='lat' dir='ltr'><strong>terrarum,</strong></span> 
     </span>
    </p>

    <p class='ocr_par' dir='ltr' id='par_1_14' title="bbox 14 2128 763 2714">
     <span class='ocr_line' id='line_1_37' title="bbox 22 2128 761 2171; baseline 0.001 -9.996"><span class='ocrx_word' id='word_1_206' title='bbox 22 2129 27 2132; x_wconf 88' lang='lat'>&#39;</span> <span class='ocrx_word' id='word_1_207' title='bbox 56 2128 325 2171; x_wconf 72' lang='lat' dir='ltr'><strong>‘potentissimus</strong></span> <span class='ocrx_word' id='word_1_208' title='bbox 346 2130 438 2162; x_wconf 87' lang='lat' dir='ltr'><strong>inter</strong></span> <span class='ocrx_word' id='word_1_209' title='bbox 460 2130 657 2163; x_wconf 82' lang='lat' dir='ltr'><strong>homines.»</strong></span> <span class='ocrx_word' id='word_1_210' title='bbox 689 2131 761 2164; x_wconf 90' lang='lat' dir='ltr'><strong>Uti-</strong></span> 
     </span>
     <span class='ocr_line' id='line_1_38' title="bbox 62 2177 763 2221; baseline 0.004 -11.815"><span class='ocrx_word' id='word_1_211' title='bbox 62 2177 123 2210; x_wconf 83' lang='lat' dir='ltr'><strong>tur</strong></span> <span class='ocrx_word' id='word_1_212' title='bbox 153 2178 296 2210; x_wconf 90' lang='lat' dir='ltr'><strong>nomine</strong></span> <span class='ocrx_word' id='word_1_213' title='bbox 339 2179 503 2219; x_wconf 88' lang='lat' dir='ltr'><strong>honoris,</strong></span> <span class='ocrx_word' id='word_1_214' title='bbox 553 2188 662 2221; x_wconf 88' lang='lat' dir='ltr'><strong>quem</strong></span> <span class='ocrx_word' id='word_1_215' title='bbox 696 2189 763 2221; x_wconf 88' lang='lat' dir='ltr'><strong>per</strong></span> 
     </span>
     <span class='ocr_line' id='line_1_39' title="bbox 33 2226 762 2269; baseline 0.003 -10"><span class='ocrx_word' id='word_1_216' title='bbox 33 2246 49 2251; x_wconf 65' lang='lat'><strong><em>„</em></strong></span> <span class='ocrx_word' id='word_1_217' title='bbox 62 2226 360 2260; x_wconf 77' lang='lat' dir='ltr'><strong>consuetudinem</strong></span> <span class='ocrx_word' id='word_1_218' title='bbox 406 2228 650 2269; x_wconf 84' lang='lat' dir='ltr'><strong>quotidianam</strong></span> <span class='ocrx_word' id='word_1_219' title='bbox 692 2229 762 2262; x_wconf 88' lang='lat' dir='ltr'><strong>sibi</strong></span> 
     </span>
     <span class='ocr_line' id='line_1_40' title="bbox 14 2275 763 2319; baseline 0.003 -11"><span class='ocrx_word' id='word_1_220' title='bbox 14 2310 41 2319; x_wconf 55' lang='lat'><strong>.</strong></span> <span class='ocrx_word' id='word_1_221' title='bbox 61 2275 235 2318; x_wconf 82' lang='lat' dir='ltr'><strong>impertiri</strong></span> <span class='ocrx_word' id='word_1_222' title='bbox 261 2285 284 2309; x_wconf 87' lang='lat' dir='ltr'><strong>a</strong></span> <span class='ocrx_word' id='word_1_223' title='bbox 310 2277 478 2310; x_wconf 85' lang='lat' dir='ltr'><strong>Romanis</strong></span> <span class='ocrx_word' id='word_1_224' title='bbox 505 2277 668 2310; x_wconf 87' lang='lat' dir='ltr'><strong>voluerat</strong></span> <span class='ocrx_word' id='word_1_225' title='bbox 687 2279 763 2311; x_wconf 82' lang='lat' dir='ltr'><strong>Au-</strong></span> 
     </span>
     <span class='ocr_line' id='line_1_41' title="bbox 62 2325 761 2369; baseline 0.003 -10.871"><span class='ocrx_word' id='word_1_226' title='bbox 62 2325 200 2367; x_wconf 67' lang='lat' dir='ltr'><strong>gustus.</strong></span> <span class='ocrx_word' id='word_1_227' title='bbox 223 2325 306 2358; x_wconf 86' lang='lat' dir='ltr'><strong>Tac.</strong></span> <span class='ocrx_word' id='word_1_228' title='bbox 322 2326 412 2359; x_wconf 83' lang='lat' dir='ltr'><strong>Ann.</strong></span> <span class='ocrx_word' id='word_1_229' title='bbox 432 2327 446 2358; x_wconf 78' lang='grc'>4</span> <span class='ocrx_word' id='word_1_230' title='bbox 463 2352 471 2366; x_wconf 93' lang='grc'><strong>,</strong></span> <span class='ocrx_word' id='word_1_231' title='bbox 489 2327 532 2358; x_wconf 80' lang='lat'><strong>9:</strong></span> <span class='ocrx_word' id='word_1_232' title='bbox 564 2337 631 2359; x_wconf 78' lang='lat' dir='ltr'><strong>non</strong></span> <span class='ocrx_word' id='word_1_233' title='bbox 657 2336 761 2369; x_wconf 62' lang='lat' dir='ltr'><strong>regno</strong></span> 
     </span>
     <span class='ocr_line' id='line_1_42' title="bbox 62 2375 760 2418; baseline 0.003 -10.876"><span class='ocrx_word' id='word_1_234' title='bbox 62 2383 202 2415; x_wconf 71' lang='grc' dir='ltr'><strong>-ιιοφιο</strong></span> <span class='ocrx_word' id='word_1_235' title='bbox 217 2375 406 2416; x_wconf 61' lang='lat' dir='ltr'><strong>diemaro,</strong></span> <span class='ocrx_word' id='word_1_236' title='bbox 429 2377 486 2408; x_wconf 85' lang='lat' dir='ltr'><strong>sed</strong></span> <span class='ocrx_word' id='word_1_237' title='bbox 507 2376 675 2418; x_wconf 87' lang='lat' dir='ltr'><strong>principis</strong></span> <span class='ocrx_word' id='word_1_238' title='bbox 696 2386 760 2409; x_wconf 77' lang='lat' dir='ltr'><strong>no-</strong></span> 
     </span>
     <span class='ocr_line' id='line_1_43' title="bbox 34 2423 761 2465; baseline 0.003 -8.946"><span class='ocrx_word' id='word_1_239' title='bbox 34 2435 38 2452; x_wconf 70' lang='grc' dir='ltr'>ι</span> <span class='ocrx_word' id='word_1_240' title='bbox 61 2423 376 2457; x_wconf 48' lang='lat' dir='ltr'><strong>*constitutam</strong></span> <span class='ocrx_word' id='word_1_241' title='bbox 389 2425 650 2465; x_wconf 80' lang='lat' dir='ltr'><strong>rempublicam.</strong></span> <span class='ocrx_word' id='word_1_242' title='bbox 685 2425 761 2459; x_wconf 88' lang='lat' dir='ltr'><strong>Noli</strong></span> 
     </span>
     <span class='ocr_line' id='line_1_44' title="bbox 24 2471 760 2518; baseline 0.004 -13"><span class='ocrx_word' id='word_1_243' title='bbox 24 2471 261 2518; x_wconf 51' lang='lat' dir='ltr'><strong>goxplicare:</strong></span> <span class='ocrx_word' id='word_1_244' title='bbox 303 2474 476 2506; x_wconf 82' lang='lat' dir='ltr'><strong>«maxime</strong></span> <span class='ocrx_word' id='word_1_245' title='bbox 502 2475 594 2507; x_wconf 89' lang='lat' dir='ltr'><strong>inter</strong></span> <span class='ocrx_word' id='word_1_246' title='bbox 620 2476 760 2509; x_wconf 87' lang='lat' dir='ltr'><strong>ceteros</strong></span> 
     </span>
     <span class='ocr_line' id='line_1_45' title="bbox 30 2521 760 2567; baseline 0.004 -13"><span class='ocrx_word' id='word_1_247' title='bbox 30 2521 183 2567; x_wconf 43' lang='grc' dir='ltr'><strong>μοι-[αθ</strong></span> <span class='ocrx_word' id='word_1_248' title='bbox 197 2523 416 2565; x_wconf 75' lang='lat' dir='ltr'><strong>principes»;</strong></span> <span class='ocrx_word' id='word_1_249' title='bbox 442 2531 526 2556; x_wconf 92' lang='lat' dir='ltr'><strong>nam</strong></span> <span class='ocrx_word' id='word_1_250' title='bbox 549 2523 594 2556; x_wconf 91' lang='lat' dir='ltr'><strong>de</strong></span> <span class='ocrx_word' id='word_1_251' title='bbox 617 2533 760 2566; x_wconf 83' lang='lat' dir='ltr'><strong>compa-</strong></span> 
     </span>
     <span class='ocr_line' id='line_1_46' title="bbox 31 2571 758 2613; baseline 0.006 -10"><span class='ocrx_word' id='word_1_252' title='bbox 31 2571 201 2611; x_wconf 60' lang='lat' dir='ltr'><strong>*maone</strong></span> <span class='ocrx_word' id='word_1_253' title='bbox 241 2572 387 2613; x_wconf 82' lang='lat' dir='ltr'><strong>Augusti</strong></span> <span class='ocrx_word' id='word_1_254' title='bbox 433 2581 515 2605; x_wconf 89' lang='lat' dir='ltr'><strong>cum</strong></span> <span class='ocrx_word' id='word_1_255' title='bbox 548 2573 758 2607; x_wconf 87' lang='lat' dir='ltr'><strong>Parthorum</strong></span> 
     </span>
     <span class='ocr_line' id='line_1_47' title="bbox 26 2620 760 2665; baseline 0.005 -13"><span class='ocrx_word' id='word_1_256' title='bbox 26 2623 28 2626; x_wconf 85' lang='grc'><strong>“</strong></span> <span class='ocrx_word' id='word_1_257' title='bbox 52 2626 148 2665; x_wconf 32' lang='lat' dir='ltr'><strong>,rege</strong></span> <span class='ocrx_word' id='word_1_258' title='bbox 163 2645 171 2660; x_wconf 90' lang='lat'><strong>,</strong></span> <span class='ocrx_word' id='word_1_259' title='bbox 206 2620 262 2654; x_wconf 85' lang='lat' dir='ltr'><strong>vel</strong></span> <span class='ocrx_word' id='word_1_260' title='bbox 284 2621 382 2663; x_wconf 87' lang='lat' dir='ltr'><strong>quod</strong></span> <span class='ocrx_word' id='word_1_261' title='bbox 404 2622 511 2654; x_wconf 89' lang='lat' dir='ltr'><strong>etiam</strong></span> <span class='ocrx_word' id='word_1_262' title='bbox 533 2622 650 2656; x_wconf 86' lang='lat' dir='ltr'><strong>minus</strong></span> <span class='ocrx_word' id='word_1_263' title='bbox 673 2631 760 2655; x_wconf 92' lang='lat' dir='ltr'><strong>con-</strong></span> 
     </span>
     <span class='ocr_line' id='line_1_48' title="bbox 57 2666 759 2714; baseline 0.006 -13"><span class='ocrx_word' id='word_1_264' title='bbox 57 2666 272 2703; x_wconf 67' lang='lat' dir='ltr'><strong>mmeum</strong></span> <span class='ocrx_word' id='word_1_265' title='bbox 309 2669 454 2711; x_wconf 79' lang='lat' dir='ltr'><strong>misset,</strong></span> <span class='ocrx_word' id='word_1_266' title='bbox 502 2679 584 2705; x_wconf 86' lang='lat' dir='ltr'><strong>cum</strong></span> <span class='ocrx_word' id='word_1_267' title='bbox 628 2670 759 2714; x_wconf 83' lang='lat' dir='ltr'><strong>regulis</strong></span> 
     </span>
    </p>
   </div>
   <div class='ocr_carea' id='block_1_13' title="bbox 0 1477 58 2904">
    <p class='ocr_par' dir='ltr' id='par_1_15' title="bbox 0 1477 58 2904">
     <span class='ocr_line' id='line_1_49' title="bbox 0 1477 58 2736; baseline 0 -102"><span class='ocrx_word' id='word_1_268' title='bbox 0 1477 58 2736; x_wconf 95' lang='lat' dir='ltr'><strong>    </strong></span> 
     </span>
     <span class='ocr_line' id='line_1_50' title="bbox 0 2736 58 2904; baseline 0 0"><span class='ocrx_word' id='word_1_269' title='bbox 0 2736 58 2904; x_wconf 95' lang='lat' dir='ltr'><strong> </strong></span> 
     </span>
    </p>
   </div>
   <div class='ocr_carea' id='block_1_14' title="bbox 810 1091 1521 2714">
    <p class='ocr_par' dir='ltr' id='par_1_16' title="bbox 820 1091 1516 1183">
     <span class='ocr_line' id='line_1_51' title="bbox 820 1091 1516 1135; baseline 0.003 -11"><span class='ocrx_word' id='word_1_270' title='bbox 820 1092 971 1134; x_wconf 87' lang='lat' dir='ltr'><strong>imperio</strong></span> <span class='ocrx_word' id='word_1_271' title='bbox 986 1092 1144 1124; x_wconf 88' lang='lat' dir='ltr'><strong>Romano</strong></span> <span class='ocrx_word' id='word_1_272' title='bbox 1159 1091 1335 1132; x_wconf 86' lang='lat' dir='ltr'><strong>obnoxiis,</strong></span> <span class='ocrx_word' id='word_1_273' title='bbox 1362 1093 1516 1135; x_wconf 83' lang='lat' dir='ltr'><strong>cogitare</strong></span> 
     </span>
     <span class='ocr_line' id='line_1_52' title="bbox 820 1142 1165 1183; baseline -0.003 -9"><span class='ocrx_word' id='word_1_274' title='bbox 820 1150 891 1174; x_wconf 92' lang='lat' dir='ltr'><strong>uon</strong></span> <span class='ocrx_word' id='word_1_275' title='bbox 913 1142 1029 1183; x_wconf 90' lang='lat' dir='ltr'><strong>potuit</strong></span> <span class='ocrx_word' id='word_1_276' title='bbox 1049 1142 1165 1183; x_wconf 75' lang='lat' dir='ltr'><strong>poeta.</strong></span> 
     </span>
    </p>

    <p class='ocr_par' dir='ltr' id='par_1_17' title="bbox 811 1186 1517 1873">
     <span class='ocr_line' id='line_1_53' title="bbox 863 1186 1517 1233; baseline 0.005 -11"><span class='ocrx_word' id='word_1_277' title='bbox 863 1191 895 1222; x_wconf 88' lang='lat'><strong>7.</strong></span> <span class='ocrx_word' id='word_1_278' title='bbox 921 1191 954 1223; x_wconf 92' lang='lat'><strong>8.</strong></span> <span class='ocrx_word' id='word_1_279' title='bbox 972 1186 982 1191; x_wconf 72' lang='grc'><em>”</em></span> <span class='ocrx_word' id='word_1_280' title='bbox 993 1190 1074 1232; x_wconf 74' lang='lat' dir='ltr'><strong>leyis</strong></span> <span class='ocrx_word' id='word_1_281' title='bbox 1089 1194 1240 1231; x_wconf 72' lang='lat' dir='ltr'><strong>expertes</strong></span> <span class='ocrx_word' id='word_1_282' title='bbox 1253 1191 1405 1233; x_wconf 78' lang='lat' dir='ltr'><strong>Latinae]</strong></span> <span class='ocrx_word' id='word_1_283' title='bbox 1430 1200 1517 1225; x_wconf 75' lang='lat' dir='ltr'><strong>«an-</strong></span> 
     </span>
     <span class='ocr_line' id='line_1_54' title="bbox 818 1240 1515 1281; baseline -0.001 -10"><span class='ocrx_word' id='word_1_284' title='bbox 818 1241 876 1271; x_wconf 90' lang='lat' dir='ltr'><strong>tea</strong></span> <span class='ocrx_word' id='word_1_285' title='bbox 898 1240 1048 1281; x_wconf 89' lang='lat' dir='ltr'><strong>imperio</strong></span> <span class='ocrx_word' id='word_1_286' title='bbox 1063 1241 1221 1272; x_wconf 85' lang='lat' dir='ltr'><strong>Romano</strong></span> <span class='ocrx_word' id='word_1_287' title='bbox 1241 1248 1312 1272; x_wconf 90' lang='lat' dir='ltr'><strong>non</strong></span> <span class='ocrx_word' id='word_1_288' title='bbox 1328 1240 1515 1273; x_wconf 76' lang='lat' dir='ltr'><strong>subiecti.»</strong></span> 
     </span>
     <span class='ocr_line' id='line_1_55' title="bbox 818 1289 1516 1329; baseline 0 -8"><span class='ocrx_word' id='word_1_289' title='bbox 818 1289 882 1322; x_wconf 92' lang='lat' dir='ltr'><strong>Od.</strong></span> <span class='ocrx_word' id='word_1_290' title='bbox 896 1289 929 1329; x_wconf 82' lang='lat'><strong>4,</strong></span> <span class='ocrx_word' id='word_1_291' title='bbox 944 1290 998 1328; x_wconf 74' lang='lat'><strong>45,</strong></span> <span class='ocrx_word' id='word_1_292' title='bbox 1011 1290 1076 1322; x_wconf 77' lang='lat'><strong>22:</strong></span> <span class='ocrx_word' id='word_1_293' title='bbox 1100 1290 1250 1322; x_wconf 83' lang='lat' dir='ltr'><strong>Edicta·</strong></span> <span class='ocrx_word' id='word_1_294' title='bbox 1263 1289 1362 1321; x_wconf 80' lang='lat' dir='ltr'><strong>Iulia.</strong></span> <span class='ocrx_word' id='word_1_295' title='bbox 1379 1308 1416 1313; x_wconf 94' lang='lat'>—</span> <span class='ocrx_word' id='word_1_296' title='bbox 1434 1291 1516 1322; x_wconf 69' lang='lat' dir='ltr'><strong>Vin-</strong></span> 
     </span>
     <span class='ocr_line' id='line_1_56' title="bbox 817 1335 1512 1381; baseline 0.001 -10"><span class='ocrx_word' id='word_1_297' title='bbox 817 1339 922 1380; x_wconf 79' lang='lat' dir='ltr'><strong>delici]</strong></span> <span class='ocrx_word' id='word_1_298' title='bbox 936 1335 1007 1371; x_wconf 73' lang='lat' dir='ltr'><strong>cff.</strong></span> <span class='ocrx_word' id='word_1_299' title='bbox 1021 1339 1167 1372; x_wconf 87' lang='lat' dir='ltr'><strong>Excurs.</strong></span> <span class='ocrx_word' id='word_1_300' title='bbox 1182 1339 1229 1371; x_wconf 86' lang='lat' dir='ltr'><strong>ad</strong></span> <span class='ocrx_word' id='word_1_301' title='bbox 1244 1338 1308 1371; x_wconf 90' lang='lat' dir='ltr'><strong>Od.</strong></span> <span class='ocrx_word' id='word_1_302' title='bbox 1323 1338 1344 1372; x_wconf 90' lang='lat'><strong>4</strong></span> <span class='ocrx_word' id='word_1_303' title='bbox 1355 1364 1363 1379; x_wconf 86' lang='lat'><strong>,</strong></span> <span class='ocrx_word' id='word_1_304' title='bbox 1379 1340 1419 1371; x_wconf 77' lang='lat'><strong>⁴7</strong></span> <span class='ocrx_word' id='word_1_305' title='bbox 1431 1348 1512 1381; x_wconf 85' lang='lat' dir='ltr'><strong>sqq.</strong></span> 
     </span>
     <span class='ocr_line' id='line_1_57' title="bbox 819 1389 1511 1431; baseline 0.001 -11"><span class='ocrx_word' id='word_1_306' title='bbox 819 1407 856 1412; x_wconf 97' lang='lat'><strong>—</strong></span> <span class='ocrx_word' id='word_1_307' title='bbox 881 1389 1041 1431; x_wconf 79' lang='lat' dir='ltr'><strong>didicere]</strong></span> <span class='ocrx_word' id='word_1_308' title='bbox 1067 1397 1238 1428; x_wconf 75' lang='lat' dir='ltr'><strong>«novere,</strong></span> <span class='ocrx_word' id='word_1_309' title='bbox 1264 1397 1410 1421; x_wconf 92' lang='lat' dir='ltr'><strong>sensere</strong></span> <span class='ocrx_word' id='word_1_310' title='bbox 1435 1389 1511 1431; x_wconf 91' lang='lat' dir='ltr'><strong>(Od.</strong></span> 
     </span>
     <span class='ocr_line' id='line_1_58' title="bbox 816 1437 1512 1479; baseline 0.003 -9"><span class='ocrx_word' id='word_1_311' title='bbox 816 1438 848 1477; x_wconf 89' lang='lat'><strong>4,</strong></span> <span class='ocrx_word' id='word_1_312' title='bbox 866 1437 899 1478; x_wconf 89' lang='lat'><strong>4,</strong></span> <span class='ocrx_word' id='word_1_313' title='bbox 912 1438 981 1479; x_wconf 74' lang='lat'><strong>25.)</strong></span> <span class='ocrx_word' id='word_1_314' title='bbox 999 1447 1082 1470; x_wconf 91' lang='lat' dir='ltr'><strong>cum</strong></span> <span class='ocrx_word' id='word_1_315' title='bbox 1098 1438 1228 1471; x_wconf 88' lang='lat' dir='ltr'><strong>damno</strong></span> <span class='ocrx_word' id='word_1_316' title='bbox 1244 1440 1281 1471; x_wconf 88' lang='lat' dir='ltr'><strong>et</strong></span> <span class='ocrx_word' id='word_1_317' title='bbox 1296 1437 1396 1471; x_wconf 88' lang='lat' dir='ltr'><strong>clade</strong></span> <span class='ocrx_word' id='word_1_318' title='bbox 1412 1447 1512 1472; x_wconf 74' lang='lat' dir='ltr'><strong>sua».</strong></span> 
     </span>
     <span class='ocr_line' id='line_1_59' title="bbox 815 1487 1514 1529; baseline 0.003 -10"><span class='ocrx_word' id='word_1_319' title='bbox 815 1488 871 1519; x_wconf 92' lang='lat' dir='ltr'><strong>Sic</strong></span> <span class='ocrx_word' id='word_1_320' title='bbox 898 1488 1004 1529; x_wconf 88' lang='lat' dir='ltr'><strong>Soph.</strong></span> <span class='ocrx_word' id='word_1_321' title='bbox 1033 1488 1146 1528; x_wconf 86' lang='lat' dir='ltr'><strong>Antig.</strong></span> <span class='ocrx_word' id='word_1_322' title='bbox 1171 1487 1246 1520; x_wconf 84' lang='lat'><strong>960.</strong></span> <span class='ocrx_word' id='word_1_323' title='bbox 1280 1487 1326 1519; x_wconf 90' lang='lat' dir='ltr'><strong>de</strong></span> <span class='ocrx_word' id='word_1_324' title='bbox 1351 1489 1514 1529; x_wconf 80' lang='lat' dir='ltr'><strong>Lycurgo</strong></span> 
     </span>
     <span class='ocr_line' id='line_1_60' title="bbox 814 1535 1514 1579; baseline 0.003 -11"><span class='ocrx_word' id='word_1_325' title='bbox 814 1537 959 1578; x_wconf 88' lang='lat' dir='ltr'><strong>punito:</strong></span> <span class='ocrx_word' id='word_1_326' title='bbox 1012 1539 1140 1577; x_wconf 82' lang='grc' dir='ltr'><em>κεῖνος</em></span> <span class='ocrx_word' id='word_1_327' title='bbox 1177 1535 1320 1579; x_wconf 79' lang='grc' dir='ltr'><em>ἐπέγνω</em></span> <span class='ocrx_word' id='word_1_328' title='bbox 1357 1538 1514 1579; x_wconf 72' lang='grc' dir='ltr'><strong>μανίαις</strong></span> 
     </span>
     <span class='ocr_line' id='line_1_61' title="bbox 818 1583 1515 1619; baseline 0.001 -1"><span class='ocrx_word' id='word_1_329' title='bbox 818 1583 959 1618; x_wconf 81' lang='grc' dir='ltr'><em>Ψαύων</em></span> <span class='ocrx_word' id='word_1_330' title='bbox 980 1583 1048 1618; x_wconf 75' lang='grc' dir='ltr'><strong>τὸν</strong></span> <span class='ocrx_word' id='word_1_331' title='bbox 1067 1583 1174 1618; x_wconf 79' lang='grc' dir='ltr'><strong>θεόν.</strong></span> <span class='ocrx_word' id='word_1_332' title='bbox 1198 1586 1253 1618; x_wconf 84' lang='lat' dir='ltr'><strong>Ad</strong></span> <span class='ocrx_word' id='word_1_333' title='bbox 1276 1587 1515 1619; x_wconf 85' lang='lat' dir='ltr'><strong>construetio-</strong></span> 
     </span>
     <span class='ocr_line' id='line_1_62' title="bbox 814 1636 1510 1676; baseline 0.003 -9"><span class='ocrx_word' id='word_1_334' title='bbox 814 1644 899 1668; x_wconf 92' lang='lat' dir='ltr'><strong>nem</strong></span> <span class='ocrx_word' id='word_1_335' title='bbox 927 1636 1031 1675; x_wconf 78' lang='lat' dir='ltr'><strong>Quem</strong></span> <span class='ocrx_word' id='word_1_336' title='bbox 1056 1653 1110 1659; x_wconf 94' lang='lat'><strong>-—</strong></span> <span class='ocrx_word' id='word_1_337' title='bbox 1131 1636 1294 1676; x_wconf 79' lang='lat' dir='ltr'><strong>didicere,</strong></span> <span class='ocrx_word' id='word_1_338' title='bbox 1327 1637 1415 1676; x_wconf 76' lang='lat' dir='ltr'><strong>Quid</strong></span> <span class='ocrx_word' id='word_1_339' title='bbox 1442 1638 1510 1669; x_wconf 87' lang='lat' dir='ltr'><strong>cet.</strong></span> 
     </span>
     <span class='ocr_line' id='line_1_63' title="bbox 814 1684 1511 1725; baseline 0.003 -9"><span class='ocrx_word' id='word_1_340' title='bbox 814 1685 878 1717; x_wconf 81' lang='lat' dir='ltr'><strong>cfr.</strong></span> <span class='ocrx_word' id='word_1_341' title='bbox 904 1685 1044 1717; x_wconf 88' lang='lat' dir='ltr'><strong>Terent.</strong></span> <span class='ocrx_word' id='word_1_342' title='bbox 1075 1685 1165 1717; x_wconf 88' lang='lat' dir='ltr'><strong>Eun.</strong></span> <span class='ocrx_word' id='word_1_343' title='bbox 1196 1684 1233 1725; x_wconf 86' lang='lat'><strong>3,</strong></span> <span class='ocrx_word' id='word_1_344' title='bbox 1258 1685 1299 1724; x_wconf 82' lang='lat'><strong>5,</strong></span> <span class='ocrx_word' id='word_1_345' title='bbox 1325 1685 1389 1718; x_wconf 74' lang='lat'><strong>⁴8:</strong></span> <span class='ocrx_word' id='word_1_346' title='bbox 1425 1694 1511 1718; x_wconf 85' lang='lat' dir='ltr'><strong>me-</strong></span> 
     </span>
     <span class='ocr_line' id='line_1_64' title="bbox 811 1733 1513 1775; baseline 0 -9"><span class='ocrx_word' id='word_1_347' title='bbox 811 1734 922 1773; x_wconf 73' lang='lat' dir='ltr'><strong>noriS,</strong></span> <span class='ocrx_word' id='word_1_348' title='bbox 954 1743 1057 1774; x_wconf 79' lang='lat' dir='ltr'><strong>quam</strong></span> <span class='ocrx_word' id='word_1_349' title='bbox 1078 1733 1210 1775; x_wconf 72' lang='lat' dir='ltr'><strong>eleyans</strong></span> <span class='ocrx_word' id='word_1_350' title='bbox 1228 1734 1421 1775; x_wconf 73' lang='lat' dir='ltr'><strong>sennarum</strong></span> <span class='ocrx_word' id='word_1_351' title='bbox 1440 1743 1513 1775; x_wconf 57' lang='lat' dir='ltr'><strong>we-</strong></span> 
     </span>
     <span class='ocr_line' id='line_1_65' title="bbox 811 1782 1512 1826; baseline 0.001 -10"><span class='ocrx_word' id='word_1_352' title='bbox 811 1787 921 1816; x_wconf 78' lang='lat' dir='ltr'><strong>ctator</strong></span> <span class='ocrx_word' id='word_1_353' title='bbox 947 1784 1037 1816; x_wconf 83' lang='lat' dir='ltr'><strong>siem.</strong></span> <span class='ocrx_word' id='word_1_354' title='bbox 1084 1783 1173 1815; x_wconf 83' lang='lat' dir='ltr'><strong>Ibid.</strong></span> <span class='ocrx_word' id='word_1_355' title='bbox 1210 1782 1249 1822; x_wconf 84' lang='lat'><strong>4,</strong></span> <span class='ocrx_word' id='word_1_356' title='bbox 1277 1783 1318 1823; x_wconf 88' lang='lat'><strong>3,</strong></span> <span class='ocrx_word' id='word_1_357' title='bbox 1347 1784 1410 1816; x_wconf 76' lang='lat'><strong>⁴5:</strong></span> <span class='ocrx_word' id='word_1_358' title='bbox 1452 1793 1512 1826; x_wconf 73' lang='lat' dir='ltr'><strong>eqo</strong></span> 
     </span>
     <span class='ocr_line' id='line_1_66' title="bbox 811 1833 1270 1873; baseline -0.002 -8"><span class='ocrx_word' id='word_1_359' title='bbox 811 1834 906 1865; x_wconf 82' lang='lat' dir='ltr'><strong>illum</strong></span> <span class='ocrx_word' id='word_1_360' title='bbox 927 1833 1053 1871; x_wconf 79' lang='lat' dir='ltr'><strong>nescio,</strong></span> <span class='ocrx_word' id='word_1_361' title='bbox 1079 1833 1136 1873; x_wconf 82' lang='lat' dir='ltr'><strong>qui</strong></span> <span class='ocrx_word' id='word_1_362' title='bbox 1157 1833 1270 1873; x_wconf 81' lang='lat' dir='ltr'><strong>fuerit.</strong></span> 
     </span>
    </p>

    <p class='ocr_par' dir='ltr' id='par_1_18' title="bbox 810 1881 1521 2714">
     <span class='ocr_line' id='line_1_67' title="bbox 855 1881 1513 1923; baseline 0.002 -9"><span class='ocrx_word' id='word_1_363' title='bbox 855 1882 876 1914; x_wconf 82' lang='lat'>9</span> <span class='ocrx_word' id='word_1_364' title='bbox 889 1882 976 1914; x_wconf 78' lang='grc'><strong>-42,</strong></span> <span class='ocrx_word' id='word_1_365' title='bbox 1002 1881 1109 1914; x_wconf 79' lang='lat' dir='ltr'><strong>Milite</strong></span> <span class='ocrx_word' id='word_1_366' title='bbox 1130 1891 1212 1914; x_wconf 77' lang='lat' dir='ltr'><strong>nam</strong></span> <span class='ocrx_word' id='word_1_367' title='bbox 1232 1882 1307 1923; x_wconf 79' lang='lat' dir='ltr'><strong>tuo]</strong></span> <span class='ocrx_word' id='word_1_368' title='bbox 1329 1882 1432 1915; x_wconf 84' lang='lat' dir='ltr'><strong>Idem</strong></span> <span class='ocrx_word' id='word_1_369' title='bbox 1451 1891 1513 1915; x_wconf 88' lang='lat' dir='ltr'><strong>re-</strong></span> 
     </span>
     <span class='ocr_line' id='line_1_68' title="bbox 810 1930 1521 1974; baseline 0 -10"><span class='ocrx_word' id='word_1_370' title='bbox 810 1932 898 1974; x_wconf 88' lang='lat' dir='ltr'><strong>petit</strong></span> <span class='ocrx_word' id='word_1_371' title='bbox 918 1940 954 1963; x_wconf 88' lang='lat' dir='ltr'><strong>v.</strong></span> <span class='ocrx_word' id='word_1_372' title='bbox 972 1930 1033 1963; x_wconf 86' lang='lat'><strong>33:</strong></span> <span class='ocrx_word' id='word_1_373' title='bbox 1059 1931 1101 1963; x_wconf 84' lang='lat' dir='ltr'><strong>Te</strong></span> <span class='ocrx_word' id='word_1_374' title='bbox 1114 1931 1229 1971; x_wconf 78' lang='lat' dir='ltr'><strong>copias</strong></span> <span class='ocrx_word' id='word_1_375' title='bbox 1242 1932 1311 1963; x_wconf 88' lang='lat' dir='ltr'><strong>cet.</strong></span> <span class='ocrx_word' id='word_1_376' title='bbox 1325 1957 1333 1971; x_wconf 88' lang='lat'><strong>,</strong></span> <span class='ocrx_word' id='word_1_377' title='bbox 1358 1932 1398 1964; x_wconf 84' lang='lat' dir='ltr'><strong>ut</strong></span> <span class='ocrx_word' id='word_1_378' title='bbox 1412 1941 1521 1969; x_wconf 22' lang='lat' dir='ltr'><strong>sum-¹</strong></span> 
     </span>
     <span class='ocr_line' id='line_1_69' title="bbox 812 1979 1511 2022; baseline 0 -8"><span class='ocrx_word' id='word_1_379' title='bbox 812 1990 872 2014; x_wconf 89' lang='lat' dir='ltr'><strong>ma</strong></span> <span class='ocrx_word' id='word_1_380' title='bbox 894 1980 1063 2012; x_wconf 88' lang='lat' dir='ltr'><strong>victoriae</strong></span> <span class='ocrx_word' id='word_1_381' title='bbox 1096 1979 1205 2021; x_wconf 84' lang='lat' dir='ltr'><strong>gloria</strong></span> <span class='ocrx_word' id='word_1_382' title='bbox 1235 1980 1281 2012; x_wconf 90' lang='lat' dir='ltr'><strong>ad</strong></span> <span class='ocrx_word' id='word_1_383' title='bbox 1313 1981 1511 2022; x_wconf 84' lang='lat' dir='ltr'><strong>Augustum</strong></span> 
     </span>
     <span class='ocr_line' id='line_1_70' title="bbox 811 2029 1508 2071; baseline 0 -8"><span class='ocrx_word' id='word_1_384' title='bbox 811 2029 1000 2063; x_wconf 84' lang='lat' dir='ltr'><strong>redundet.</strong></span> <span class='ocrx_word' id='word_1_385' title='bbox 1032 2047 1069 2052; x_wconf 91' lang='lat'>—</span> <span class='ocrx_word' id='word_1_386' title='bbox 1096 2029 1243 2071; x_wconf 77' lang='lat' dir='ltr'><strong>Drusus]</strong></span> <span class='ocrx_word' id='word_1_387' title='bbox 1266 2030 1332 2062; x_wconf 92' lang='lat' dir='ltr'><strong>Dio</strong></span> <span class='ocrx_word' id='word_1_388' title='bbox 1359 2029 1420 2070; x_wconf 85' lang='lat'><strong>54,</strong></span> <span class='ocrx_word' id='word_1_389' title='bbox 1446 2031 1508 2063; x_wconf 77' lang='lat'><strong>22:</strong></span> 
     </span>
     <span class='ocr_line' id='line_1_71' title="bbox 812 2056 1511 2136; baseline -0.003 -22"><span class='ocrx_word' id='word_1_390' title='bbox 812 2076 835 2114; x_wconf 82' lang='grc' dir='ltr'>ὁ</span> <span class='ocrx_word' id='word_1_391' title='bbox 851 2075 1075 2123; x_wconf 78' lang='grc' dir='ltr'><em>Αὔγουστος</em></span> <span class='ocrx_word' id='word_1_392' title='bbox 1096 2075 1310 2136; x_wconf 79' lang='grc' dir='ltr'><strong><em>πρῶτον</em></strong></span> <span class='ocrx_word' id='word_1_393' title='bbox 1303 2076 1373 2111; x_wconf 79' lang='grc' dir='ltr'><strong>τὸν</strong></span> <span class='ocrx_word' id='word_1_394' title='bbox 1386 2056 1511 2126; x_wconf 72' lang='grc' dir='ltr'><strong>Ᾰροῖι-</strong></span> 
     </span>
     <span class='ocr_line' id='line_1_72' title="bbox 811 2124 1507 2171; baseline -0.003 -9"><span class='ocrx_word' id='word_1_395' title='bbox 811 2139 884 2162; x_wconf 82' lang='grc' dir='ltr'><strong>σον</strong></span> <span class='ocrx_word' id='word_1_396' title='bbox 903 2128 966 2161; x_wconf 81' lang='grc' dir='ltr'><strong>ἐπὶ</strong></span> <span class='ocrx_word' id='word_1_397' title='bbox 988 2125 1080 2169; x_wconf 78' lang='grc' dir='ltr'><strong>τούς</strong></span> <span class='ocrx_word' id='word_1_398' title='bbox 1098 2124 1269 2169; x_wconf 77' lang='grc' dir='ltr'><strong><em>Ῥαιτοὺς</em></strong></span> <span class='ocrx_word' id='word_1_399' title='bbox 1289 2124 1456 2171; x_wconf 65' lang='grc' dir='ltr'><strong>ἔπεμψε.</strong></span> <span class='ocrx_word' id='word_1_400' title='bbox 1470 2148 1507 2153; x_wconf 94' lang='grc'><strong>-</strong></span> 
     </span>
     <span class='ocr_line' id='line_1_73' title="bbox 812 2176 1507 2219; baseline -0.001 -8"><span class='ocrx_word' id='word_1_401' title='bbox 812 2178 1003 2219; x_wconf 79' lang='lat' dir='ltr'><strong>Genaunes]</strong></span> <span class='ocrx_word' id='word_1_402' title='bbox 1038 2176 1171 2210; x_wconf 86' lang='lat' dir='ltr'><strong>incolas</strong></span> <span class='ocrx_word' id='word_1_403' title='bbox 1203 2176 1303 2210; x_wconf 84' lang='lat' dir='ltr'><strong>vallis</strong></span> <span class='ocrx_word' id='word_1_404' title='bbox 1339 2177 1507 2219; x_wconf 81' lang='lat' dir='ltr'><strong>Alpinae.</strong></span> 
     </span>
     <span class='ocr_line' id='line_1_74' title="bbox 810 2227 1511 2270; baseline -0.001 -10"><span class='ocrx_word' id='word_1_405' title='bbox 810 2237 902 2270; x_wconf 89' lang='lat' dir='ltr'><strong>quae</strong></span> <span class='ocrx_word' id='word_1_406' title='bbox 925 2227 1032 2260; x_wconf 86' lang='lat' dir='ltr'><strong>hodie</strong></span> <span class='ocrx_word' id='word_1_407' title='bbox 1051 2227 1140 2259; x_wconf 74' lang='lat' dir='ltr'><strong>Valle</strong></span> <span class='ocrx_word' id='word_1_408' title='bbox 1162 2228 1197 2260; x_wconf 87' lang='lat' dir='ltr'><strong>di</strong></span> <span class='ocrx_word' id='word_1_409' title='bbox 1216 2228 1294 2260; x_wconf 72' lang='lat' dir='ltr'><strong>Nem</strong></span> <span class='ocrx_word' id='word_1_410' title='bbox 1315 2227 1511 2269; x_wconf 87' lang='lat' dir='ltr'><strong>appellatur</strong></span> 
     </span>
     <span class='ocr_line' id='line_1_75' title="bbox 812 2276 1506 2319; baseline 0.001 -11"><span class='ocrx_word' id='word_1_411' title='bbox 812 2277 895 2317; x_wconf 90' lang='lat' dir='ltr'><strong>(non</strong></span> <span class='ocrx_word' id='word_1_412' title='bbox 905 2301 913 2316; x_wconf 90' lang='lat'><strong>,</strong></span> <span class='ocrx_word' id='word_1_413' title='bbox 938 2278 978 2308; x_wconf 92' lang='lat' dir='ltr'><strong>ut</strong></span> <span class='ocrx_word' id='word_1_414' title='bbox 991 2276 1114 2309; x_wconf 87' lang='lat' dir='ltr'><strong>volunt</strong></span> <span class='ocrx_word' id='word_1_415' title='bbox 1127 2276 1184 2309; x_wconf 83' lang='lat' dir='ltr'><strong>alii</strong></span> <span class='ocrx_word' id='word_1_416' title='bbox 1198 2302 1205 2316; x_wconf 94' lang='lat'>‚</span> <span class='ocrx_word' id='word_1_417' title='bbox 1226 2277 1288 2309; x_wconf 89' lang='lat' dir='ltr'><strong>Val</strong></span> <span class='ocrx_word' id='word_1_418' title='bbox 1302 2277 1506 2319; x_wconf 67' lang='lat' dir='ltr'><strong>d&#39;Anaqna).</strong></span> 
     </span>
     <span class='ocr_line' id='line_1_76' title="bbox 813 2325 1505 2368; baseline 0.001 -10"><span class='ocrx_word' id='word_1_419' title='bbox 813 2345 850 2350; x_wconf 91' lang='lat'>—</span> <span class='ocrx_word' id='word_1_420' title='bbox 885 2325 1112 2368; x_wconf 77' lang='lat' dir='ltr'><strong>Breunosque]</strong></span> <span class='ocrx_word' id='word_1_421' title='bbox 1154 2327 1346 2359; x_wconf 73' lang='lat' dir='ltr'><strong>Bmmecken</strong></span> <span class='ocrx_word' id='word_1_422' title='bbox 1393 2335 1505 2368; x_wconf 88' lang='lat' dir='ltr'><strong>prope</strong></span> 
     </span>
     <span class='ocr_line' id='line_1_77' title="bbox 810 2375 1509 2417; baseline 0.001 -9"><span class='ocrx_word' id='word_1_423' title='bbox 810 2376 1028 2417; x_wconf 73' lang='lat' dir='ltr'><strong>Sterzinyen;</strong></span> <span class='ocrx_word' id='word_1_424' title='bbox 1050 2375 1107 2408; x_wconf 84' lang='lat' dir='ltr'><strong>alii</strong></span> <span class='ocrx_word' id='word_1_425' title='bbox 1125 2384 1188 2408; x_wconf 92' lang='lat' dir='ltr'><strong>eos</strong></span> <span class='ocrx_word' id='word_1_426' title='bbox 1208 2375 1382 2409; x_wconf 85' lang='lat' dir='ltr'><strong>collocant</strong></span> <span class='ocrx_word' id='word_1_427' title='bbox 1396 2376 1432 2408; x_wconf 91' lang='lat' dir='ltr'><strong>in</strong></span> <span class='ocrx_word' id='word_1_428' title='bbox 1447 2376 1509 2409; x_wconf 81' lang='lat' dir='ltr'><strong>Val</strong></span> 
     </span>
     <span class='ocr_line' id='line_1_78' title="bbox 810 2424 1506 2466; baseline 0.001 -10"><span class='ocrx_word' id='word_1_429' title='bbox 810 2425 844 2456; x_wconf 88' lang='lat' dir='ltr'><strong>di</strong></span> <span class='ocrx_word' id='word_1_430' title='bbox 865 2425 1012 2466; x_wconf 69' lang='lat' dir='ltr'><strong>Breyna.</strong></span> <span class='ocrx_word' id='word_1_431' title='bbox 1059 2425 1129 2458; x_wconf 83' lang='lat' dir='ltr'><strong>Csr.</strong></span> <span class='ocrx_word' id='word_1_432' title='bbox 1156 2424 1342 2458; x_wconf 80' lang='lat' dir='ltr'><strong>Wolffarth</strong></span> <span class='ocrx_word' id='word_1_433' title='bbox 1363 2426 1399 2457; x_wconf 94' lang='lat' dir='ltr'><strong>in</strong></span> <span class='ocrx_word' id='word_1_434' title='bbox 1421 2425 1506 2458; x_wconf 75' lang='lat' dir='ltr'><strong>Arm.</strong></span> 
     </span>
     <span class='ocr_line' id='line_1_79' title="bbox 810 2474 1509 2507; baseline 0.001 -1"><span class='ocrx_word' id='word_1_435' title='bbox 810 2474 882 2506; x_wconf 85' lang='lat' dir='ltr'><strong>dell’</strong></span> <span class='ocrx_word' id='word_1_436' title='bbox 898 2474 978 2506; x_wconf 76' lang='lat' dir='ltr'><strong>last.</strong></span> <span class='ocrx_word' id='word_1_437' title='bbox 995 2474 1082 2506; x_wconf 82' lang='lat' dir='ltr'><strong>xm.</strong></span> <span class='ocrx_word' id='word_1_438' title='bbox 1102 2474 1180 2506; x_wconf 85' lang='lat' dir='ltr'><strong>Tav.</strong></span> <span class='ocrx_word' id='word_1_439' title='bbox 1198 2474 1291 2507; x_wconf 78' lang='lat' dir='ltr'><strong>d’Ad.</strong></span> <span class='ocrx_word' id='word_1_440' title='bbox 1308 2475 1348 2506; x_wconf 92' lang='lat' dir='ltr'><strong>B.</strong></span> <span class='ocrx_word' id='word_1_441' title='bbox 1373 2474 1509 2507; x_wconf 87' lang='lat' dir='ltr'><strong>Vocan—</strong></span> 
     </span>
     <span class='ocr_line' id='line_1_80' title="bbox 810 2523 1510 2556; baseline 0.003 -2"><span class='ocrx_word' id='word_1_442' title='bbox 810 2523 867 2554; x_wconf 86' lang='lat' dir='ltr'><strong>tur</strong></span> <span class='ocrx_word' id='word_1_443' title='bbox 883 2523 990 2555; x_wconf 91' lang='lat' dir='ltr'><strong>etiam</strong></span> <span class='ocrx_word' id='word_1_444' title='bbox 1002 2524 1154 2556; x_wconf 76' lang='lat' dir='ltr'><strong>Breones.</strong></span> <span class='ocrx_word' id='word_1_445' title='bbox 1173 2523 1242 2556; x_wconf 82' lang='lat' dir='ltr'><strong>Cfr.</strong></span> <span class='ocrx_word' id='word_1_446' title='bbox 1256 2523 1416 2556; x_wconf 81' lang='lat' dir='ltr'><strong>venantii</strong></span> <span class='ocrx_word' id='word_1_447' title='bbox 1428 2524 1510 2556; x_wconf 83' lang='lat' dir='ltr'><strong>For-</strong></span> 
     </span>
     <span class='ocr_line' id='line_1_81' title="bbox 811 2572 1506 2612; baseline 0.003 -8"><span class='ocrx_word' id='word_1_448' title='bbox 811 2573 922 2605; x_wconf 85' lang='lat' dir='ltr'><strong>tunati</strong></span> <span class='ocrx_word' id='word_1_449' title='bbox 962 2573 1008 2605; x_wconf 87' lang='lat' dir='ltr'><strong>de</strong></span> <span class='ocrx_word' id='word_1_450' title='bbox 1037 2573 1108 2605; x_wconf 88' lang='lat' dir='ltr'><strong>vita</strong></span> <span class='ocrx_word' id='word_1_451' title='bbox 1136 2573 1170 2605; x_wconf 92' lang='lat' dir='ltr'><strong>S.</strong></span> <span class='ocrx_word' id='word_1_452' title='bbox 1200 2572 1338 2606; x_wconf 87' lang='lat' dir='ltr'><strong>Martini</strong></span> <span class='ocrx_word' id='word_1_453' title='bbox 1363 2572 1401 2612; x_wconf 86' lang='lat'><strong>4,</strong></span> <span class='ocrx_word' id='word_1_454' title='bbox 1430 2572 1506 2606; x_wconf 82' lang='lat'><strong>645.</strong></span> 
     </span>
     <span class='ocr_line' id='line_1_82' title="bbox 810 2621 1510 2664; baseline 0.001 -10"><span class='ocrx_word' id='word_1_455' title='bbox 810 2630 891 2664; x_wconf 85' lang='lat' dir='ltr'><strong>pag.</strong></span> <span class='ocrx_word' id='word_1_456' title='bbox 921 2621 997 2655; x_wconf 86' lang='lat'><strong>470.</strong></span> <span class='ocrx_word' id='word_1_457' title='bbox 1030 2622 1093 2655; x_wconf 88' lang='lat' dir='ltr'><strong>Ed.</strong></span> <span class='ocrx_word' id='word_1_458' title='bbox 1119 2622 1251 2655; x_wconf 88' lang='lat' dir='ltr'><strong>Luchi:</strong></span> <span class='ocrx_word' id='word_1_459' title='bbox 1292 2623 1367 2664; x_wconf 77' lang='lat' dir='ltr'><strong>Qua</strong></span> <span class='ocrx_word' id='word_1_460' title='bbox 1397 2622 1510 2655; x_wconf 76' lang='lat' dir='ltr'><strong>vicina</strong></span> 
     </span>
     <span class='ocr_line' id='line_1_83' title="bbox 811 2671 1509 2714; baseline 0.001 -10"><span class='ocrx_word' id='word_1_461' title='bbox 811 2672 921 2705; x_wconf 81' lang='lat' dir='ltr'><strong>sedent</strong></span> <span class='ocrx_word' id='word_1_462' title='bbox 942 2671 1109 2707; x_wconf 73' lang='lat' dir='ltr'><strong>Brennum</strong></span> <span class='ocrx_word' id='word_1_463' title='bbox 1131 2673 1228 2713; x_wconf 84' lang='lat' dir='ltr'><strong>loca,</strong></span> <span class='ocrx_word' id='word_1_464' title='bbox 1247 2680 1351 2714; x_wconf 68' lang='lat' dir='ltr'><strong>perae</strong></span> <span class='ocrx_word' id='word_1_465' title='bbox 1368 2681 1432 2714; x_wconf 81' lang='lat' dir='ltr'><strong>per</strong></span> <span class='ocrx_word' id='word_1_466' title='bbox 1449 2672 1509 2705; x_wconf 82' lang='grc' dir='ltr'><strong>ΔΙ-</strong></span> 
     </span>
    </p>
   </div>
  </div>
 </body>
</html>
