1722 2904
169 110 258 176 508-

674 109 845 142 HORATII
870 108 1094 142 CARMINUM

447 213 552 271 Ripa
582 213 701 270 vagis
731 212 939 257 taciturna
969 213 1119 256 ventis.

334 321 415 371 Tu,
449 320 661 364 civitatem
690 320 788 377 quis
817 318 970 362 deceat
999 324 1151 368 status,

1560 317 1614 360 25

335 402 469 445 Curas
500 407 543 444 et
572 400 674 444 Urbi
706 399 912 443 sollicitus
943 399 1086 448 times,

390 481 504 534 Quid
536 482 664 525 Seres
695 487 738 524 et
767 486 942 537 regnata
973 480 1087 537 Cyro

445 564 596 605 Bactra
625 567 776 618 parent
805 560 1044 618 Tanaisque
1075 559 1255 604 discors.

333 667 527 711 Prudens
557 666 684 710 futuri
714 666 919 723 tempor1s
950 666 1111 710 exitum

334 747 574 805 Caliginosa
603 754 728 791 nocte
758 747 913 804 premit
941 746 1050 790 deus

254 880 307 912 28.
335 880 455 912 dissors
477 878 634 912 malebat
655 878 845 912 Bentleius.

166 997 299 1030 aestivo
313 1007 319 1036 ;
338 997 464 1029 horam
480 997 575 1029 enim
591 996 648 1029 hic
664 995 863 1037 significare

166 1046 248 1079 nihil
272 1046 454 1079 attinebat.

208 1096 262 1129 24.
290 1096 384 1138 Ripa]
407 1096 473 1128 rivi
494 1094 596 1128 illius.
626 1114 662 1120 -
681 1095 861 1136 taciturna]

166 1145 272 1177 «dum
308 1145 424 1178 ventis
468 1144 691 1178 cessantibus
729 1144 863 1177 nullum

164 1203 318 1236 usquam
341 1203 504 1227 murmur
526 1194 701 1226 auditur.»

207 1245 262 1276 25.
298 1244 362 1284 Tu,
394 1244 573 1285 civitatem]
605 1243 679 1275 Tibi
703 1243 862 1285 quidem,

164 1292 265 1327 Urbis
290 1302 374 1325 cura
398 1302 480 1325 cum
504 1293 566 1325 tibi
591 1293 780 1325 commissa
802 1292 862 1331 sit,

165 1342 263 1374 cordi
289 1343 370 1374 ante
398 1343 516 1374 omnia
544 1344 598 1374 est
629 1343 782 1384 optimus
814 1342 865 1373 ci-

163 1392 279 1424 vitatis
311 1393 423 1424 status
454 1392 637 1433 otiumque
667 1390 862 1433 publicum3

165 1440 269 1473 simul
297 1441 451 1473 intentus
487 1449 543 1480 es,
580 1449 672 1482 quae
707 1439 864 1482 pericula

165 1491 275 1522 exteri
292 1490 431 1530 hostes,
449 1490 622 1532 imprimis
640 1491 788 1522 Orientis
805 1498 866 1532 po-

164 1539 252 1581 puli,
278 1540 436 1571 Romano
456 1540 605 1581 imperio
622 1540 862 1573 minitentur.»

165 1588 235 1621 Cfr.
262 1588 441 1620 Frandsen
463 1589 640 1621 Maecenas
662 1598 696 1631 p.
717 1588 770 1621 69.

207 1638 262 1670 26.
299 1638 353 1669 27.
402 1637 497 1678 Urbi]
535 1639 667 1679 «capiti
704 1645 862 1670 rerum.»

166 1688 255 1727 (Tac.
283 1687 368 1719 Hist.
393 1687 432 1727 2,
467 1687 534 1727 32.)
567 1688 693 1719 Moneo
717 1687 864 1729 propter

164 1736 340 1768 Sanadoni
373 1736 456 1768 orbi.
509 1737 633 1769 Civitas
670 1739 790 1769 autem
829 1738 863 1769 et

164 1785 250 1818 urbs
276 1786 328 1827 (in
355 1794 425 1827 quo
453 1785 507 1818 ille
539 1785 729 1827 haerebat)
765 1787 862 1818 recte

165 1835 441 1876 coniunguntur,
467 1837 505 1867 ut
528 1835 623 1877 apud
644 1836 715 1868 Cic.
751 1835 861 1868 Acad.

164 1886 199 1923 2,
227 1884 258 1925 ἓ.
286 1885 359 1916 437.
384 1893 444 1916 nec
458 1885 538 1917 haec
554 1884 615 1917 tibi
631 1885 771 1917 videtur
784 1885 864 1917 urbs

164 1943 222 1966 nec
244 1935 280 1966 in
295 1943 335 1966 ea
350 1934 478 1966 civitas.
504 1936 543 1967 V.
565 1935 643 1967 Urbi
657 1935 761 1976 iunge
779 1944 862 1967 cum

164 1993 196 2015 v.
222 1985 325 2016 times.
360 2001 397 2007 —
423 1984 590 2026 sollicitus]
621 1984 707 2017 Vell.
737 1986 776 2024 2,
806 1986 859 2018 88.

165 2033 209 2065 de
234 2035 456 2067 Maecenate:
481 2034 537 2066 ubi
558 2043 612 2067 res
624 2034 777 2076 vigiliam
792 2036 863 2067 exi-

163 2086 275 2124 geret,
301 2092 380 2115 sane
403 2084 585 2125 exsomnis,
609 2085 789 2124 providens
811 2088 863 2116 at-

163 2140 226 2171 que
248 2134 368 2174 agendi
390 2133 504 2165 sciens.

206 2181 259 2213 27.
296 2182 350 2214 28.
388 2182 498 2224 Seres]
535 2183 683 2215 extremi
711 2183 861 2216 Orientis

163 2230 280 2271 populi
304 2232 469 2264 Romanis
486 2233 573 2272 noti,
601 2233 743 2264 «lanicio
757 2233 862 2265 silva-

162 2289 239 2312 rwm
253 2281 408 2313 nobiles.»
426 2281 511 2314 Plin.
527 2283 567 2314 H.
582 2283 623 2314 N.
643 2283 678 2322 6,
697 2283 751 2314 20.
771 2283 861 2315 Cum

165 2330 253 2361 Indis
283 2331 542 2372 coniunguntur
565 2331 627 2363 Od.
648 2332 661 2363 4
680 2356 686 2371 ,
707 2332 766 2372 42,
785 2332 858 2372 56.;

165 2388 247 2411 cum
271 2381 404 2420 Persis,
432 2381 521 2413 sicut
545 2381 621 2421 hic,
657 2381 719 2413 Od.
747 2380 784 2421 4,
805 2382 857 2421 45,

162 2428 216 2460 23.
242 2430 268 2460 A
293 2430 407 2470 poetis
431 2431 575 2462 ornatus
598 2431 714 2471 potius
739 2439 858 2471 causa,

164 2486 269 2518 quam
300 2480 396 2520 quod
425 2488 582 2521 unquam
611 2489 708 2512 arma
740 2489 862 2513 move-

163 2528 249 2566 rint,
278 2530 509 2562 numerantur
530 2531 621 2562 inter
635 2531 780 2563 Romani
799 2540 861 2562 no-

164 2577 265 2609 ininis
290 2578 430 2619 hostes,
469 2580 506 2611 ut
536 2579 629 2621 apud
662 2581 791 2613 Lucan.
820 2580 855 2620 4,

166 2625 227 2656 49:
257 2627 324 2658 Sub
347 2628 428 2669 iugya
451 2629 520 2660 iam
542 2629 654 2669 Seres,
688 2629 758 2661 iam
778 2629 859 2661 bar-

165 2675 264 2708 barus
287 2677 362 2710 isset
384 2677 524 2711 Araxes.
558 2679 640 2711 Stat.
661 2678 740 2711 Silv.
760 2679 796 2717 4,
817 2680 830 2711 4
849 2705 855 2719 ‚

1553 747 1612 789 30

914 996 968 1030 42.
998 996 1166 1030 Ceterum
1181 997 1264 1030 vide
1279 997 1489 1030 Excursum.
1510 1013 1546 1020 -
1563 1003 1616 1029 re-

913 1050 1021 1088 ,enata
1032 1046 1119 1087 cyro
1131 1046 1270 1089 Bactra]
1289 1045 1439 1088 «quihus
1451 1045 1536 1079 olim
1548 1045 1617 1087 Cy-

914 1104 976 1128 rus
1000 1096 1249 1138 imperitavit.»
1295 1096 1383 1129 Xen.
1403 1095 1486 1136 Cyr.
1506 1095 1543 1135 4,
1570 1094 1584 1126 4
1605 1119 1612 1134 ,

914 1144 956 1177 4;
993 1139 1084 1191 ἦρξε
1106 1143 1148 1178 δὲ
1169 1145 1367 1192 Βακτρίων
1391 1144 1459 1177 καὶ
1476 1140 1612 1176 Ἰνδῶν.

914 1192 999 1226 Plin.
1019 1194 1056 1235 6,
1075 1195 1133 1227 ⁴6:
1160 1195 1246 1228 Gens
1259 1195 1340 1227 haec
1354 1194 1476 1227 obtinet
1491 1201 1614 1226 aversa

913 1243 1034 1275 montis
1054 1244 1266 1285 Paropamisi
1297 1247 1327 1277 et
1359 1244 1518 1276 adversus
1537 1242 1616 1284 fon-

914 1294 961 1324 tes
994 1293 1068 1324 Indi
1079 1301 1092 1331 ‚·
1130 1293 1313 1325 includitur
1343 1292 1481 1335 simine
1513 1291 1612 1324 Ocho.

915 1343 1073 1383 Propert.
1100 1342 1139 1383 3,
1167 1343 1204 1383 4,
1231 1342 1295 1374 46ε
1334 1342 1398 1383 Qui
1422 1343 1522 1384 finem
1547 1341 1614 1373 im-

909 1391 998 1431 perii
1031 1392 1159 1424 Bactra
1187 1391 1306 1433 funcra
1338 1394 1471 1423 canent.
1519 1391 1614 1423 Gens

914 1440 1041 1473 nobilis
1071 1442 1195 1483 postea
1219 1440 1302 1473 inde
1326 1439 1371 1472 ab
1395 1448 1488 1473 anno
1511 1440 1616 1472 circi-

914 1490 969 1522 ter
991 1490 1067 1522 250.
1101 1498 1216 1532 usque
1243 1489 1290 1522 ad
1313 1490 1389 1522 425.
1419 1490 1500 1522 ante
1528 1489 1611 1522 Chr.

914 1548 1024 1580 regno
1055 1540 1190 1572 Graeco
1218 1539 1427 1578 Bactrian03
1465 1539 1614 1580 Augusti

914 1597 999 1622 vero
1031 1588 1254 1630 temporibus
1285 1597 1370 1631 pars
1406 1589 1614 1621 Bactrianae

913 1638 1070 1679 Parthis,
1095 1647 1179 1680 pars
1202 1638 1389 1679 Tocharis‚
1426 1638 1614 1679 Scythicae

914 1688 1025 1729 genti,
1058 1687 1219 1720 subiecta
1248 1689 1343 1727 erat3
1380 1687 1548 1730 quocirca
1571 1687 1608 1719 h.

914 1737 935 1769 l.
956 1737 1000 1770 de
1018 1738 1154 1771 Parthis
1170 1737 1352 1779 intelliges.
1376 1737 1438 1779 (De
1453 1737 1615 1770 constru-

915 1787 1031 1820 ctione
1057 1788 1119 1820 cfr.
1138 1787 1202 1820 Od.
1220 1788 1253 1828 2,
1277 1788 1310 1827 6,
1336 1786 1403 1828 44.)
1422 1805 1459 1810 -
1472 1785 1611 1828 discors]

917 1837 1105 1878 «Scythae,
1131 1838 1258 1870 Tanais
1280 1836 1444 1876 accolae,
1474 1836 1613 1869 intesti-

913 1887 968 1919 nis
1002 1886 1189 1920 discordiis
1222 1887 1382 1928 agitati»,
1422 1887 1462 1919 ut
1494 1885 1612 1918 Parthi

913 1936 976 1968 Od.
1003 1936 1040 1976 3,
1069 1937 1107 1976 8,
1138 1937 1200 1969 49:
1239 1937 1355 1970 Medus
1386 1936 1523 1977 infestus
1551 1934 1613 1967 sibi

911 1986 1067 2018 luctuosis
1088 1986 1233 2018 Dissidet
1265 1986 1382 2018 amis.
1429 1985 1611 2018 Pertinere

912 2035 1002 2067 haee
1030 2035 1196 2067 videntur
1231 2035 1379 2067 Frankio
1411 2042 1492 2076 pag.
1533 2033 1608 2066 497.

912 2084 957 2116 ad
985 2083 1125 2116 civilem
1149 2084 1359 2116 Parthorum
1381 2082 1608 2122 discordiam,

912 2133 1012 2165 cuius
1030 2133 1220 2175 participes
1237 2134 1339 2165 erant
1352 2132 1536 2166 discordes
1549 2133 1612 2164 Ta-

911 2183 1039 2214 naitae.
1062 2183 1212 2215 -Inest
1235 2182 1270 2214 in
1292 2182 1347 2215 his
1362 2182 1534 2214 innocens
1551 2189 1612 2214 ne-

911 2240 980 2273 que
1015 2231 1169 2263 amioum
1203 2230 1342 2264 laesura
1372 2231 1505 2270 ironia3
1538 2231 1612 2263 ete-

912 2282 984 2314 nim
998 2283 1033 2313 et
1047 2280 1103 2313 ille
1121 2282 1156 2313 et
1171 2290 1297 2313 omnes
1314 2281 1461 2314 Romani
1477 2280 1609 2322 optime

911 2332 1085 2363 noverant
1108 2330 1191 2363 nihil
1214 2329 1362 2372 periculi
1385 2330 1455 2362 iam
1474 2330 1611 2372 impen-

911 2381 996 2413 dere
1024 2381 1180 2412 Romano
1211 2379 1360 2421 imperio
1387 2378 1432 2411 ah
1459 2379 1609 2412 Orientis

910 2431 1017 2471 atque
1041 2429 1295 2471 Septentrionis
1318 2427 1530 2461 nationibus.

953 2479 1007 2511 29.
1022 2479 1074 2511 30.
1090 2478 1246 2520 Prudens]
1261 2478 1466 2520 «Sapienter
1477 2478 1514 2510 et
1525 2485 1610 2510 con-

910 2528 1001 2562 sulto
1028 2529 1117 2562 deus
1144 2537 1203 2561 res
1234 2528 1369 2561 futuras
1398 2526 1607 2560 mortalibus

910 2579 1006 2612 velut
1029 2579 1180 2612 obscura
1212 2579 1316 2611 nocte
1342 2578 1486 2619 pressit,
1522 2577 1608 2610 abs-

910 2629 1063 2662 condit.»
1102 2629 1276 2670 Theognis
1294 2628 1392 2661 ⁴075:
1418 2624 1607 2686 Πςήγμα-

909 2688 975 2719 τος
998 2674 1197 2724 ἆπρήκτου
1222 2674 1494 2718 χαλεπώτατον
1523 2676 1605 2710 ἐστι
