1722 2904
577 75 712 109 Lim-213.
759 76 889 109 CARM.
918 76 959 108 u.

1430 77 1511 119 655

296 182 378 223 Aut
406 180 534 223 amite
562 179 645 223 levi
675 192 772 222 rara
802 179 938 223 tendit
966 180 1093 226 retia.

355 259 508 304 Turdis
537 259 743 304 edacibus
773 259 897 304 dolos
910 294 920 310 ,

292 340 589 398 Pavidumque
605 340 799 398 leporem
814 347 859 384 et
872 340 1084 385 advenam
1100 341 1257 399 laqueo
1275 357 1425 400 gruem
1455 345 1509 386 35

350 421 541 465 Iucunda
571 428 713 479 captat
741 422 944 479 praemia.

291 502 398 554 Quis
425 515 510 544 non
540 501 771 555 malarum,
802 516 912 560 quas
941 517 1063 547 amor
1091 517 1219 548 curas
1250 504 1400 553 babet,

346 583 463 626 Haec
494 582 603 625 inter
632 581 932 626 obliviscitur?

82 648 94 666 Ι

110 727 164 760 35.
187 723 391 760 Pavum«,
422 725 600 759 Bentleius
634 728 727 759 coni.
753 744 791 750 -
832 727 885 759 36.
914 728 975 760 Hic
998 737 1032 760 v.
1058 729 1093 762 in
1115 729 1142 761 B
1164 728 1308 762 ultimus
1331 732 1395 762 est.
1424 749 1461 754 —

110 777 164 809 37.
187 776 354 808 malomm
375 784 429 817 pr.
443 774 486 814 b,
511 776 596 808 item
612 774 757 808 Aldinae
772 801 780 814 ‚
804 776 928 809 Bothe.
955 777 1006 818 (Ut
1022 785 1105 816 nos,
1130 777 1227 811 BScd
1249 779 1287 812 et
1301 787 1393 811 corr.
1413 780 1462 819 b.)

66 906 136 940 hus
171 905 380 948 piscatoriis.
426 903 540 945 Plagis
572 906 693 938 autem
726 907 762 937 et

67 955 228 989 cassibus
264 953 456 999 utebantur
491 954 527 986 in
568 963 737 996 aprorum
751 979 759 993 ,

66 1013 298 1047 caprearum,
333 1012 522 1036 cervorum
555 1004 758 1043 venatione,

66 1054 201 1087 retibus
229 1054 266 1086 in
294 1053 419 1086 avibus
450 1054 486 1085 et
518 1053 677 1095 piscibus
700 1063 762 1085 ca-

66 1103 216 1145 piendis.
240 1102 387 1136 Martial.
404 1102 444 1142 3,
459 1103 522 1141 58,
538 1103 599 1135 28:
622 1103 687 1135 Aue
700 1104 762 1135 im-

62 1154 212 1194 peditam
243 1152 388 1185 cassibus
415 1152 518 1194 refert
549 1153 695 1184 daniam.
723 1171 759 1176 —-

65 1202 167 1244 dolos]
179 1201 364 1241 manifesto
376 1202 431 1234 est
441 1202 614 1244 appositio
625 1202 670 1234 ad
689 1204 764 1234 ten-

11 1236 49 1277 *s*
66 1261 108 1285 sa
120 1252 228 1291 retia,
252 1260 320 1284 nec
337 1250 510 1292 significat
527 1260 627 1283 escas.
653 1252 759 1284 Turdi

66 1301 186 1343 (tor-di,
209 1310 229 1334 ο
248 1300 433 1342 boocaflchi)
457 1301 660 1348 etiamnunc
683 1303 759 1334 sine

65 1350 135 1384 ulla
167 1359 252 1383 esca
284 1350 331 1383 ab
365 1349 458 1382 Italis
491 1351 595 1383 huius
620 1352 760 1393 aucupii

63 1409 240 1442 perquam
260 1399 427 1433 studiosis
450 1400 636 1442 capiuntur
659 1399 759 1433 illici-

65 1449 134 1482 bus
147 1448 299 1491 (ebone),
322 1448 509 1482 formidine
524 1449 679 1491 (loyor-o),
704 1459 760 1482 re-

65 1498 180 1537 tibus,
208 1497 356 1540 laqueis.
402 1499 530 1531 edaces
551 1502 672 1532 autem
694 1509 759 1531 vo-

65 1550 205 1587 cantur,
239 1548 322 1588 quia
344 1548 481 1580 semina
503 1550 610 1589 atque
634 1549 759 1590 impri-

55 1598 134 1630 -mis
154 1597 304 1638 iuniperi
325 1596 433 1630 bacas
448 1599 613 1630 continuo
634 1599 758 1630 rostris

65 1647 246 1688 appetunt.
270 1645 416 1679 Martial.
441 1645 464 1678 l.
481 1645 503 1679 l.
521 1647 581 1679 26:
606 1647 670 1679 Sed
686 1650 759 1678 ten-

64 1695 114 1727 dit
132 1695 240 1727 avidis
259 1698 330 1727 rete
349 1695 520 1728 subdolmn
541 1697 658 1728 turdis.
685 1695 759 1728 Pal-

63 1743 178 1777 ladius
210 1743 399 1776 Decembri
429 1744 469 1776 6:
512 1746 666 1785 Tempore
697 1746 758 1777 hoc

61 1802 124 1834 per
153 1793 291 1826 humiles
310 1794 412 1826 silvas
440 1797 471 1826 et
500 1794 590 1826 bacis
615 1794 758 1835 fecunda

62 1843 213 1884 viv-quun
243 1843 292 1874 ad
322 1844 437 1875 turdos
464 1847 495 1875 et
526 1847 653 1875 ceteras
681 1852 759 1875 aves

62 1892 241 1934 capiendas
274 1892 410 1932 laqueos
444 1893 602 1933 ‹iz-pedire
637 1901 758 1924 conve-

63 1937 153 1973 niet(
174 1941 360 1981 Hucusque
378 1942 415 1973 in
436 1942 599 1973 Martium
617 1950 758 1973 mensem

63 1991 214 2022 tendetur
233 1991 424 2031 canapium.
455 2009 489 2014 —
518 1991 690 2032 advenam]
717 1999 757 2022 ‹ve

63 2048 195 2083 genere
216 2040 450 2073 adventicio.»
483 2041 593 2072 Varro
609 2041 647 2072 R.
667 2041 704 2072 R.
722 2039 755 2078 3,

37 2089 103 2128 25,
126 2089 159 2121 7.
183 2088 269 2122 Plin.
286 2090 327 2122 Η.
345 2091 386 2122 N.
414 2090 475 2128 to,
501 2089 560 2129 23,
585 2089 647 2121 30:
673 2089 757 2121 Cor-

65 2138 171 2170 nelius
183 2139 294 2179 Nepos
306 2156 326 2162 —
340 2156 359 2162 -
374 2147 449 2170 cum
470 2138 624 2170 scriberet
645 2139 760 2170 turdos

61 2187 176 2227 paullo
196 2191 275 2220 autc
294 2191 424 2228 coeptos
436 2188 606 2228 saginari,
630 2187 758 2219 addidit

62 2235 208 2268 ciconias
227 2237 336 2277 mgis
359 2237 618 2276 placer-equam
638 2245 754 2277 yrues,

0 2277 6 2283 ”
62 2293 138 2317 cum
173 2285 254 2317 haec
286 2294 374 2317 nunc
406 2286 474 2317 ales
508 2286 596 2318 inter
627 2286 758 2325 primas

62 2337 261 2374 «metatur,
287 2334 380 2366 illam
400 2343 494 2366 uerno
513 2335 591 2366 velit
611 2335 757 2375 attigisse

63 2386 168 2424 (nunc
178 2382 252 2415 Itali
267 2385 430 2415 neutram
444 2383 640 2424 attingimt).
665 2383 752 2415 lbid.

62 2431 125 2463 3⁴:
158 2432 189 2464 Ε
221 2432 399 2473 lonqinquo
432 2433 544 2464 venire
577 2433 753 2473 (ciconias)

61 2489 130 2512 non
150 2481 297 2520 dubium,
323 2482 434 2513 eodem
455 2490 519 2521 quo
533 2490 632 2522 φασδ
644 2482 754 2521 modo,

64 2529 140 2562 illas
169 2530 299 2570 Manis,
338 2530 398 2561 has
430 2531 565 2562 aestatis
597 2531 753 2563 advenas.

4 2582 18 2590 ²
67 2597 103 2601 —
116 2580 304 2621 Anapaesti
320 2579 390 2612 duo
402 2580 627 2620 pavidumve-
638 2580 755 2620 laqueo

65 2629 102 2659 et
122 2628 320 2669 tribrachys
350 2638 411 2668 que
431 2625 508 2669 'lepo
531 2629 576 2661 ad
599 2628 753 2661 celerem

808 903 939 946 leporis
950 913 1096 939 cursum
1107 907 1145 938 et
1153 905 1310 940 volatum
1320 909 1416 949 gruis
1427 909 1506 942 imi-

809 954 957 987 tandum
972 954 1133 987 consulto
1148 955 1276 989 delecti
1290 957 1467 991 videntur.

852 1004 907 1036 37.
937 1004 992 1036 38.
1019 1005 1180 1044 Qus-’sm
1195 1005 1279 1047 eet]
1304 1007 1411 1046 «Quis
1434 1017 1504 1041 non

808 1053 993 1093 malarum,
1020 1053 1251 1088 molestarum
1274 1065 1440 1088 curarum
1463 1067 1506 1089 ac

809 1102 1082 1135 sollicitudinum
1096 1129 1105 1142 ,
1151 1112 1243 1145 quae
1293 1105 1506 1139 feminarum

809 1161 951 1184 amores
967 1153 1197 1191 comitantur,
1222 1162 1285 1186 rus
1303 1153 1424 1188 colens
1443 1156 1508 1188 ob-

808 1200 1021 1234 liviscitur?»
1067 1203 1163 1234 Inter
1188 1203 1319 1236 amoris
1346 1205 1504 1237 remedia

808 1251 916 1282 vitam
939 1251 1105 1283 rusticam
1131 1254 1168 1284 et
1181 1253 1409 1286 venationem
1431 1254 1507 1287 lau·

808 1299 869 1332 dat
880 1301 1141 1333 etiamovidius
1153 1302 1191 1333 R.
1205 1304 1246 1334 Α.
1261 1311 1318 1334 vv.
1345 1303 1410 1335 ⁴69
1422 1312 1502 1345 sqq.

808 1349 906 1382 Nulla
935 1357 1082 1391 prorsus
1109 1351 1199 1384 inest
1230 1351 1416 1384 difficultas
1439 1362 1505 1385 ne-

807 1407 877 1439 que
913 1399 948 1431 in
986 1401 1259 1432 constructionis
1295 1403 1503 1436 attractione

807 1448 878 1489 (τίς
900 1443 947 1480 οὗ
971 1450 1181 1489 κακίστων,
1204 1446 1253 1491 ἂς
1275 1447 1372 1497 ἔρως
1392 1447 1505 1494 ἀνίας

806 1495 907 1537 ἔχει,
932 1496 1184 1537 λανθάνεται,·
1208 1501 1279 1532 Sat.
1299 1502 1312 1532 4
1331 1526 1338 1539 .
1358 1501 1416 1541 40,
1442 1503 1502 1534 ⁴6:

806 1548 875 1586 Illi,
910 1549 1037 1588 scripta
1058 1549 1176 1587 quibus
1197 1551 1375 1582 comedia«
1387 1552 1503 1591 prisca

804 1598 888 1628 viris
901 1601 959 1629 est.
984 1598 1104 1638 Virgil.
1127 1600 1216 1631 Aen.
1233 1600 1271 1638 8,
1298 1600 1387 1640 ⁴69.)
1402 1626 1411 1639 ,
1436 1610 1503 1634 ne-

807 1655 877 1687 que
901 1647 936 1679 in
970 1647 1091 1680 verbis
1124 1649 1223 1689 ipsis.
1270 1648 1356 1681 Illud
1385 1651 1503 1691 potius

806 1696 955 1728 concedi
978 1699 1112 1738 potest,
1136 1698 1229 1730 hanc
1245 1698 1279 1730 in
1296 1698 1503 1732 feneratoris

806 1754 867 1777 ore
901 1755 1066 1779 amorum
1107 1748 1326 1780 mentionem
1366 1748 1503 1781 ridiculi

806 1794 937 1836 aliquid
960 1796 1162 1836 continere,
1196 1797 1262 1829 etsi
1285 1798 1391 1839 ipsis,
1422 1799 1502 1839 qui-

805 1844 873 1876 bus
901 1846 1012 1877 utitur
1036 1846 1130 1878 vitae
1157 1847 1311 1879 rusticae
1340 1848 1503 1888 imagini-

804 1894 874 1926 bus
907 1893 1017 1927 Alfius
1049 1895 1167 1927 virum
1200 1895 1387 1928 robustum
1418 1905 1500 1929 sese

805 1951 885 1975 esse
911 1942 1005 1975 clare
1027 1944 1210 1984 significat.
1257 1945 1419 1978 Aldinam
1445 1944 1499 1978 le-

806 1993 959 2025 ctionem
977 1994 1162 2033 malorum,
1189 2003 1281 2035 quae
1305 1997 1424 2027 tamen
1440 2004 1501 2027 an—

804 2043 950 2083 tiquitus
979 2043 1050 2075 iam
1077 2043 1232 2074 fautores
1255 2043 1423 2076 habuisse
1445 2045 1500 2076 vi-

805 2090 909 2122 detur
934 2092 1024 2123 teste
1048 2091 1135 2123 Cod.
1160 2091 1197 2123 b.
1222 2101 1243 2123 a
1265 2101 1319 2133 pr.
1345 2101 1408 2132 m.,
1433 2094 1498 2126 nisi

805 2142 924 2171 tamen
966 2140 1002 2172 in
1045 2139 1115 2172 hoc
1159 2140 1223 2172 fuit
1266 2150 1368 2173 error
1413 2151 1498 2175 casu

804 2189 1016 2221 commissus
1032 2191 1242 2230 matureque
1258 2198 1279 2221 a
1294 2192 1500 2223 correctore

804 2237 1035 2276 emendatus,
1060 2239 1190 2270 nostris
1212 2247 1335 2271 rursus
1359 2241 1500 2281 tempo-

802 2286 901 2318 ribus
924 2288 1114 2328 patronum
1138 2287 1315 2320 invenisse
1338 2289 1395 2320 vix
1418 2297 1499 2320 cre·

803 2334 909 2367 dibile
939 2335 1091 2367 videtur.
1130 2336 1301 2368 Videlicet
1334 2338 1379 2369 ita
1410 2345 1499 2370 con-

803 2384 946 2416 struxit:
983 2385 1057 2424 quis
1076 2386 1165 2417 inter
1190 2385 1271 2417 haec
1292 2395 1359 2418 non
1380 2386 1498 2418 oblim-

801 2433 904 2464 scicur
934 2442 1053 2473 curas,
1088 2443 1172 2474 quas
1201 2443 1299 2466 amor
1330 2435 1497 2467 malonem

801 2482 919 2514 habet?
935 2485 1140 2524 comparato
1151 2484 1249 2516 Ovid.
1264 2485 1345 2516 Met.
1361 2485 1393 2523 4,
1411 2484 1491 2517 ⁴40:

803 2540 878 2572 opes
891 2532 1104 2564 irritamenta
1117 2532 1295 2564 malorum.
1320 2532 1390 2564 Sed
1405 2541 1497 2565 mmo-

802 2590 873 2613 rem
886 2581 1055 2613 mulorum
1069 2581 1138 2614 hoc
1155 2590 1263 2614 sensu
1273 2581 1394 2614 dicere
1408 2591 1497 2614 nun-

804 2638 910 2670 quam
920 2631 1059 2671 poterat
1069 2630 1243 2663 Horatius.
1252 2649 1287 2653 —-
1298 2631 1387 2663 Haec
1397 2631 1493 2673 inter]
