1722 2904
187 94 268 136 634

830 95 1000 128 HORATII

417 199 543 248 Diva,
583 198 799 255 producas
829 197 1027 241 subolem
1057 204 1314 256 patrumque

415 281 652 336 Prosperes
684 278 860 322 decreta
890 293 1023 336 super
1053 278 1251 336 iugandis

416 360 601 403 Feminis
634 360 855 417 prolisque
886 373 1025 403 novae
1054 360 1185 404 feraci

528 444 642 499 Lege
673 442 841 491 marita,

1583 439 1638 482 20

418 543 569 586 Certus
600 541 797 584 undenos
827 540 975 585 decies
1004 553 1084 597 per
1112 553 1248 582 annos

414 622 543 666 Orbis
571 629 617 664 ut
648 629 797 665 cantus
826 621 1069 678 referatque
1097 620 1224 664 ludos

414 705 494 746 Ter
524 703 594 746 die
626 702 741 746 claro
771 702 986 759 totiesque
1016 702 1137 759 grata

278 831 328 862 24.
355 831 409 862 22.
435 833 470 861 αι
493 830 658 861 denos—-
674 829 770 861 orbis
790 832 822 861 et
845 828 957 861 Codd.
984 827 1064 870 aliq.
1091 827 1263 861 Lambini.
1293 846 1328 852 -
1365 828 1420 861 23.
1446 829 1595 862 totidem-

233 889 295 919 que
317 881 355 912 Β.

189 996 269 1026 νας.
300 987 449 1017 Pausan.
476 985 517 1024 9,
542 985 602 1024 27,
635 985 675 1017 2:
707 980 826 1026 Ὠλὴν
849 982 890 1016 ἐν
943 983 1051 1015 tentia
1083 983 1252 1025 strophae
1284 984 1444 1024 quartae.
1480 1001 1516 1007 -
1541 991 1641 1024 super

188 1034 406 1074 Εἰλειθυίας
444 1028 551 1076 ὕμνῳ
588 1034 738 1080 μητέρα
766 1029 890 1087 ”Έρω-

189 1094 255 1125 τος
282 1081 352 1126 τὴν
382 1081 603 1116 Ειλείθυιάν
632 1093 755 1126 φησιν
779 1079 886 1115 εἶναι.

189 1134 259 1167 Cfr.
285 1133 384 1166 Pind.
410 1135 511 1166 Nem.
538 1134 578 1174 7,
611 1134 642 1165 4.
678 1135 828 1166 Pausan.
855 1134 887 1172 7,

187 1183 246 1223 23,
283 1184 316 1215 5.
353 1183 545 1224 imaginem
584 1181 744 1223 Ilithyiae
779 1181 890 1214 altera

189 1241 297 1265 manu
319 1232 435 1264 facem
459 1233 677 1274 gestantem,
706 1232 832 1273 «quod
855 1233 890 1264 in

188 1281 305 1314 lucem
322 1281 414 1314 fetus
436 1281 604 1323 profert»,
630 1281 812 1314 describit.
838 1281 891 1314 lli-

189 1332 309 1372 thyiae
335 1331 426 1363 duae
452 1331 502 1372 (ut
525 1330 619 1363 Iliad.
638 1329 678 1371 λ,
708 1332 784 1363 270.
814 1341 890 1374 μο-

192 1378 377 1424 γοστόκοι
398 1379 626 1423 Εἰλείθυιαι)
655 1381 691 1413 in
711 1381 889 1414 Minervae

189 1433 268 1463 ortu
291 1432 464 1472 porrectis
488 1430 654 1463 manibus
676 1431 749 1462 Iovi
773 1431 891 1472 opitu—

189 1480 305 1512 lantur
327 1480 423 1521 apud
446 1480 606 1512 Gerhard
632 1481 772 1521 Vaseny.
805 1481 831 1512 I.
850 1481 887 1513 T.

189 1530 230 1561 ΙΙ.
259 1546 295 1551 ——
328 1528 565 1562 Memorabilis
601 1531 655 1562 est
689 1530 888 1571 inscriptio.

188 1578 344 1610 HERAE.
369 1578 564 1611 LVCINAE.
591 1579 772 1612 SACRVM.
797 1579 889 1611 PRO.

189 1627 266 1659 SAL
275 1628 362 1659 VTE.
404 1628 666 1660 MARCIANAE.
699 1628 889 1660 SORORIS.

191 1677 350 1708 OCCIVS.
375 1677 473 1709 AVG.
498 1678 579 1709 LIB.
611 1678 728 1710 PROC.
757 1678 791 1710 in
822 1678 892 1710 Ca-

189 1725 322 1757 labriae
368 1727 611 1767 promontorIo
659 1727 694 1758 la
731 1727 889 1759 Colonna.

188 1775 274 1816 Ally.
299 1776 400 1816 Zeity.
428 1775 524 1808 4845.
551 1778 591 1808 N.
618 1776 693 1809 234.

235 1825 352 1857 47-20.
373 1826 543 1864 producas
565 1825 718 1867 subolem]
744 1826 892 1858 «Serves

191 1875 297 1914 atque
318 1874 364 1905 ad
387 1873 544 1906 adultam
568 1876 722 1907 aetatem
746 1874 894 1907 feliciter

191 1924 378 1965 pervenire
401 1923 546 1964 iubeas,
580 1925 704 1966 utpote
729 1933 820 1965 quae
844 1924 892 1957 sis

190 1970 493 2019 κουροτρόφος.»
519 1974 659 2006 Etenim
681 1975 739 2007 hic
761 1974 892 2006 Lucina

191 2023 319 2055 eadem
354 2025 408 2056 est
443 2033 526 2056 cum
561 2024 687 2063 Diana,
727 2025 767 2056 ut
797 2023 892 2065 apud

192 2071 315 2105 Catull.
335 2073 375 2105 32
403 2073 468 2114 (alii
492 2073 574 2115 34.),
601 2074 658 2106 ⁴3:
688 2075 734 2106 Tu
757 2073 889 2115 (Diana)

190 2122 320 2154 Lucina
343 2123 524 2155 dolentibus
546 2124 628 2156 Iuno
651 2124 741 2155 dicta
750 2132 893 2164 puerpe-

190 2172 249 2203 ris.
278 2171 348 2204 Csr.
369 2172 431 2204 Od.
452 2173 483 2212 Ξ,
505 2173 557 2213 43,
576 2173 614 2204 3;
639 2173 804 2206 Produoeit
821 2172 891 2214 (te),

191 2221 305 2260 arbos,
340 2222 513 2262 «curavit,
553 2223 593 2254 ut
623 2231 807 2255 cresceres
839 2223 895 2254 at-

191 2279 260 2311 que
279 2270 539 2303 adolesceres.»
560 2288 596 2294 —-
615 2271 679 2304 Alii
697 2271 890 2313 explicant:

193 2320 334 2351 «Proser
357 2319 520 2352 subolem
543 2321 579 2353 in
602 2320 720 2353 lucem
745 2322 892 2362 eiusque

193 2378 382 2401 numerum
399 2378 527 2410 auge»;
547 2369 766 2412 appellantes
781 2369 891 2403 Plaut.

193 2418 292 2459 capt.
313 2418 350 2457 3,
369 2419 408 2457 5,
436 2419 514 2451 405:
543 2421 646 2459 Quasi
668 2420 704 2452 in
721 2419 895 2451 orbitatem

191 2466 309 2499 liberos
326 2469 549 2508 produxerim
580 2469 799 2510 (genuerim).
844 2469 894 2500 Si-

192 2516 257 2549 lius
283 2518 320 2556 4,
353 2518 431 2549 444;
464 2521 651 2558 partusque
681 2522 832 2551 recusent
855 2519 896 2550 Te

191 2569 362 2606 surqenle,
376 2576 475 2607 puer,
494 2568 613 2599 Latiae
623 2569 810 2608 producere
823 2577 896 2599 ma-

193 2618 258 2646 !res
290 2616 416 2657 (itaque
442 2615 587 2649 abortus
613 2617 784 2658 iaciant).»
825 2616 895 2649 Sed

940 1032 1113 1074 iuglandis]
1150 1033 1223 1064 Lex
1247 1030 1333 1064 Iulia
1360 1031 1405 1064 de
1433 1032 1641 1066 maritandis

941 1081 1136 1121 ordinibus,
1154 1089 1263 1123 quam
1278 1081 1464 1115 manifesto
1477 1082 1642 1116 Horatius

940 1131 1101 1172 respicit,
1120 1129 1166 1163 ab
1182 1131 1351 1172 Augusto,
1368 1131 1407 1163 ut
1421 1126 1644 1164 minueretur

941 1180 1120 1212 caelibum
1134 1188 1306 1213 numerus
1321 1189 1364 1212 ac
1387 1189 1507 1214 mores
1529 1181 1643 1214 corri—

941 1232 1110 1271 gerentur
1121 1255 1129 1269 ,
1146 1230 1309 1271 proximo
1325 1230 1407 1263 ante
1422 1229 1525 1263 ludos
1540 1238 1644 1264 secu-

941 1279 1034 1312 lares
1052 1278 1251 1312 celebratos
1267 1287 1360 1311 anno
1384 1278 1454 1312 lata
1474 1281 1539 1312 est.
1575 1280 1641 1313 Dio

941 1330 1039 1362 Cass.
1057 1328 1117 1369 54,
1137 1329 1195 1361 46ε
1229 1323 1268 1360 Ὁ
1283 1326 1314 1360 δ’
1331 1321 1402 1361 οὖν
1417 1323 1642 1372 Αὔγουστος

940 1397 960 1403 -
975 1397 995 1402 -
1010 1381 1093 1418 τοῖς
1107 1387 1148 1410 τε
1162 1374 1332 1421 ἀγάμοις
1344 1378 1410 1410 καὶ
1425 1381 1510 1419 ταῖς
1523 1373 1641 1411 ἀνάν-

940 1426 1044 1474 δροις
1069 1424 1263 1474 βαρύτερα
1286 1426 1334 1460 τὰ
1359 1427 1529 1470 ἐπιτίμια
1553 1427 1642 1462 ἐπέ-

940 1475 1052 1520 tage(
1053 1487 1085 1510 3.
1094 1486 1129 1510 ιι.
1141 1478 1229 1519 736.)
1248 1477 1316 1510 καὶ
1331 1473 1495 1520 εμπαλιν
1509 1475 1579 1511 τοῦ
1601 1487 1643 1511 τε

941 1525 1070 1571 γάμου
1097 1528 1163 1560 καὶ
1185 1524 1256 1570 τῆς
1278 1525 1525 1569 παιδοποιΐας
1538 1520 1643 1560 ἆθλα

940 1574 1090 1621 εθηκεν.
1137 1579 1239 1610 Anno
1263 1578 1384 1610 autem
1410 1586 1446 1610 u.
1475 1578 1551 1610 762.
1579 1576 1638 1610 lex

942 1627 1026 1660 Iulia
1048 1626 1193 1669 paulum
1215 1627 1400 1659 immutata
1422 1635 1554 1660 nomen
1574 1629 1644 1660 Pa-

941 1678 1022 1720 piae
1034 1678 1221 1719 Poppaeae
1237 1685 1258 1708 a
1269 1675 1477 1709 consulibus
1485 1675 1643 1710 suffectis
1717 1693 1722 1721 q

942 1725 1032 1758 illius
1064 1725 1147 1757 anni
1181 1725 1332 1766 accepit.
1384 1725 1460 1766 (Dio
1486 1725 1545 1764 56,
1575 1725 1642 1766 40.)
1712 1735 1722 1769 j

943 1777 1070 1816 Paneg.
1095 1775 1236 1808 Maxim.
1266 1775 1302 1806 et
1325 1775 1446 1807 const.
1469 1775 1508 1807 2:
1542 1775 1645 1818 Leges

941 1825 1022 1864 hae,
1048 1832 1134 1863 quae
1148 1824 1256 1856 multa
1271 1823 1410 1856 caelibes
1422 1827 1642 1865 notaverunt,

938 1877 1095 1915 parentes
1120 1873 1286 1914 praemiis
1305 1873 1533 1914 honorarunt,
1567 1882 1645 1907 vere
1711 1867 1722 1886 ’““

942 1924 1099 1956 dicuntur
1113 1931 1178 1955 esse
1191 1923 1411 1963 fundamenta
1419 1923 1642 1964 reipublicae,

943 1974 1023 2013 quia
1052 1973 1269 2005 seminarium
1295 1973 1474 2005 iuventutis
1494 1975 1525 2005 et
1547 1973 1644 2015 quast·

940 2023 1064 2064 fontem
1089 2022 1228 2054 humani
1249 2023 1401 2062 corporis
1420 2031 1550 2063 semper
1575 2018 1644 2055 'Ro-

941 2073 1052 2104 manis
1083 2071 1281 2104 exercitibus
1314 2072 1562 2105 ministr-amnt.
1604 2090 1641 2096 -

942 2123 1026 2164 Leye
1047 2121 1186 2164 marita]
1213 2120 1372 2154 breviter
1401 2130 1444 2154 ac
1468 2129 1560 2154 nove
1587 2120 1644 2154 di·
1713 2150 1716 2155 .

944 2173 1053 2211 ctum,
1074 2171 1262 2213 Eheyesecz.
1295 2169 1461 2203 SimiIIter
1481 2171 1588 2213 Prop.
1606 2169 1640 2210 4,

945 2222 998 2261 44,
1012 2220 1066 2253 33.
1080 2221 1171 2262 faces
1180 2221 1326 2253 maritae
1336 2229 1402 2262 pro
1414 2219 1641 2262 nuptialibus.
1710 2248 1713 2262 ,

986 2268 1098 2302 24-24.
1118 2269 1643 2312 Cercus--OrbisutcanmcetJ
1703 2266 1708 2282 ¹

945 2319 1020 2357 «ut,
1037 2319 1129 2351 votis
1146 2317 1405 2351 fortunentibus
1419 2314 1558 2360 prolem
1575 2319 1646 2351 Ro-

944 2376 1098 2407 manam,
1116 2369 1197 2409 post
1208 2368 1330 2408 orbem,
1349 2365 1503 2407 κύκλον,
1521 2367 1646 2414 nepio—
1699 2366 1702 2369 ’

945 2416 1024 2457 δον,
1050 2417 1118 2449 CX.
1138 2426 1312 2450 annorum
1327 2417 1522 2450 decursum
1535 2417 1645 2450 iidem

943 2467 1016 2500 ludi
1028 2467 1136 2500 vestri
1148 2466 1328 2500 seculares
1339 2475 1462 2500 rursus
1471 2466 1645 2500 celebrari

946 2518 1096 2560 possint,
1121 2525 1192 2558 quo
1213 2517 1282 2549 ritu
1302 2517 1491 2559 imperium
1513 2517 1645 2550 Roma-

945 2576 1047 2607 num,
1085 2576 1177 2599 nova
1200 2575 1345 2609 semper
1366 2567 1474 2608 stirpe
1498 2565 1641 2605 fultum.

947 2617 1194 2649 aeternitatem
1212 2624 1315 2650 suam
1334 2616 1391 2658 pie
1408 2616 1576 2658 agnoscat
1589 2617 1644 2648 at-

198 2664 247 2695 sic
273 2666 357 2698 satis
382 2665 544 2707 languide
570 2667 792 2707 repeteretur
816 2675 897 2699 sen·
948 2675 1017 2708 que
1036 2667 1219 2699 testetur.»
1248 2683 1282 2690 -
1316 2666 1376 2698 Ter
1401 2665 1485 2707 cet.]
1515 2665 1642 2698 «tertiis
