1722 2904
334 216 542 260 Inclinarc
574 215 799 259 meridiem

332 378 477 422 Parcis
507 378 708 435 deripere
739 376 895 420 horreo

677 112 848 145 HORATII
874 111 1098 145 CARMINUM

334 567 420 608 Nos
451 564 718 608 cantabimus
749 563 930 606 invicem

1586 213 1612 253 5

386 297 525 341 Sentis
556 310 628 348 ac,
661 296 790 340 veluti
821 302 903 339 stet
930 293 1117 338 volucris
1156 293 1269 344 dies,

389 460 639 503 Cessantem
668 457 807 501 Bibuli
839 455 1027 500 consulis
1059 453 1320 511 amphoram.

384 647 628 702 Neptunum
656 651 698 687 et
726 644 887 687 virides
916 644 1148 688 Nereidum
1190 657 1359 695 comas;
1561 645 1614 688 ⁴0

248 779 279 810 6.
307 778 357 820 ac]
383 781 413 810 et
435 778 494 815 Bc,
521 777 607 809 item
622 774 666 819 γδ
689 785 746 818 ap.
764 775 904 808 Kirchn.
933 776 972 815 Q.
991 777 1031 808 N.
1050 776 1092 808 H.
1110 785 1146 818 p.
1164 775 1218 809 36.
1244 777 1298 809 56.
1327 795 1363 800 -
1381 777 1413 810 8.
1432 778 1571 818 ampho-

202 828 305 861 ram?
326 828 455 867 Bothe,
479 828 509 859 J.
539 845 574 849 —
600 826 631 858 9.
656 826 692 858 in
713 826 800 858 vices
821 826 873 857 B:
890 844 925 849 —-
953 826 1005 858 ⁴0.
1030 825 1149 858 viridis
1170 826 1208 859 B.
1238 844 1274 849 —
1300 826 1424 868 eomas]
1455 827 1593 860 choros‘

205 878 290 911 Cod.
310 878 401 919 Lips.
428 877 575 918 quartus

203 997 234 1027 5.
262 996 293 1027 6.
329 994 506 1035 Inclinare)
538 994 665 1027 «Vides
694 992 807 1026 solem
839 1002 860 1025 a

161 1044 309 1077 meridie
334 1045 404 1076 iam
421 1044 466 1076 ad
487 1051 657 1076 occasum
672 1051 858 1083 vergere.»

160 1093 362 1127 Admodum
386 1093 641 1135 tempestivum
664 1093 768 1133 igitur
795 1091 862 1124 de-

160 1143 284 1177 scribit
306 1140 539 1186 συμπόσιον.
577 1143 617 1174 In
639 1150 747 1184 prosa
770 1143 858 1174 orat.

158 1203 191 1225 se
213 1193 387 1233 inclinare,
413 1194 453 1225 ut
474 1192 547 1225 Liv.
574 1191 610 1232 9,
637 1192 696 1224 32:
722 1192 771 1224 sol
789 1200 861 1224 me-

158 1243 243 1275 ridie
265 1252 299 1275 se
320 1243 504 1275 inclinavit.
534 1260 570 1265 —
589 1250 647 1282 ae,
671 1242 784 1284 velati]
809 1242 861 1274 De

160 1292 310 1326 solemni
333 1293 400 1324 hac
423 1290 574 1324 formula
598 1290 743 1324 consule
760 1290 862 1323 Hand

160 1344 260 1375 Turs.
279 1343 304 1375 1.
323 1351 402 1383 pag.
422 1341 497 1374 478.
524 1339 613 1375 Male
629 1340 775 1373 Vossius
788 1350 863 1373 ma-

160 1392 273 1425 lebat:
299 1393 415 1431 seatis;
432 1391 594 1432 atveluti.
616 1408 652 1413 -
670 1390 739 1432 stet]
759 1399 864 1429 «con-

163 1443 278 1482 sistat,
305 1442 499 1474 moretur.»
524 1439 647 1473 Tibull.
668 1440 705 1479 4,
731 1439 771 1479 4,
798 1440 860 1472 28:

132 1495 137 1500 '
160 1501 226 1524 non
250 1492 357 1533 segnis
379 1494 446 1523 stat
465 1493 655 1530 remeatque
678 1490 755 1522 dies.

205 1542 236 1573 7.
268 1542 300 1574 8.
339 1541 466 1583 Parcis]
503 1539 718 1579 «cunctaris,
755 1539 864 1571 veluti

163 1590 319 1623 nondum
356 1591 449 1623 adsit
485 1589 629 1632 potandi
663 1590 785 1622 hora.»
825 1607 861 1612 -—

161 1639 329 1681 deripere]
365 1638 550 1672 «celeriter
585 1640 631 1671 de
667 1639 863 1681 apothecae

162 1690 297 1731 pariete
334 1689 481 1721 demere
517 1690 659 1730 hucque
690 1689 724 1720 in
757 1687 866 1721 tricli—

162 1740 261 1772 nium
277 1738 441 1771 afferre.»
462 1757 497 1761 -
522 1739 718 1780 cessantem]
737 1746 862 1779 «quae,

163 1791 200 1821 tu
225 1789 311 1821 dum
336 1788 453 1829 segnis
477 1796 535 1827 es,
562 1788 648 1820 mihi
671 1787 866 1829 impatienti

163 1840 238 1880 ipsa
262 1838 403 1870 videtur
431 1845 609 1870 cessare.»
651 1834 875 1878 (Significare‘

163 1888 301 1928 nequit:
337 1895 455 1928 «quae
483 1887 614 1919 intacta
638 1888 674 1919 et
697 1887 808 1920 otiosa
832 1887 867 1918 in

165 1939 294 1969 horreo
320 1936 427 1969 cubat
450 1937 532 1969 inde
557 1946 577 1969 a
600 1936 714 1970 Bibuli
737 1945 868 1970 consu-

167 1987 248 2019 latu.
257 1987 285 2028 »)
299 2005 334 2009 —
348 1987 469 2029 Bibuli]
480 1987 524 2020 M.
542 1985 751 2029 Calpurnius
763 1986 869 2019 Bibu-

166 2036 307 2069 lus'cos.
327 2046 408 2069 cum
434 2038 471 2069 C.
490 2036 576 2069 Iulio
601 2037 755 2070 Caesare
780 2045 811 2068 a.
830 2045 865 2067 u.

167 2096 196 2118 c.
214 2086 304 2125 695.;
323 2088 445 2119 vinum
462 2087 566 2128 igitur
581 2087 721 2120 circiter
733 2086 864 2118 XXXV.

168 2145 342 2168 annorum
376 2136 572 2169 bibiturum
608 2146 646 2170 se
682 2136 790 2177 fingit.
829 2153 864 2157 —

168 2187 389 2228 amphoram]
419 2187 480 2219 Est
503 2186 592 2219 lenis
615 2187 732 2228 potius
757 2193 868 2226 expo-

167 2235 322 2274 stulatiO,
350 2245 420 2277 qua
444 2237 593 2272 miratur
615 2235 770 2278 puellam
786 2244 870 2276 par-

167 2294 239 2317 cere
262 2287 343 2325 cet.,
371 2294 480 2326 quam
503 2286 742 2326 interrogatio.

211 2335 242 2367 9.
271 2335 322 2367 40.
350 2335 500 2377 invicem]
527 2335 762 2375 «alternatim,
789 2344 869 2367 car—

169 2385 262 2416 mine
279 2384 476 2417 amoebaeo
502 2384 766 2417 celebrabimus
782 2385 869 2417 deos

169 2433 404 2473 immortales,
432 2443 496 2475 ego
521 2435 742 2475 Neptunum,
768 2435 869 2467 cuius

170 2486 223 2515 est
258 2484 335 2516 dies
368 2483 499 2521 festus,
537 2484 685 2525 eiusque
720 2485 870 2517 comites

171 2533 388 2573 Nymphas.»
428 2533 497 2565 Cfr.
532 2533 644 2566 Hand.
677 2535 776 2566 Turs.
811 2535 865 2566 111.

172 2590 203 2621 p.
225 2580 300 2613 4ὸ2,
323 2600 357 2603 ——
375 2582 464 2613 Cum
478 2581 612 2614 Cod.B.
626 2583 868 2623 antiquissimo

172 2630 277 2662 etiam
306 2631 391 2663 Cod.
419 2632 542 2662 Graev.
570 2631 604 2662 in
631 2632 733 2671 vices,
773 2631 869 2673 quod

171 2679 295 2719 probat
320 2680 439 2712 Burin.
467 2680 511 2712 ad
536 2682 676 2713 Petron.
706 2681 756 2713 12.
786 2681 868 2714 Mihi

909 993 1088 1035 pedestris
1119 994 1237 1036 potius
1261 995 1428 1029 orationis
1450 995 1611 1032 videtum

909 1043 1022 1075 reiicit
1038 1043 1146 1075 etiam
1161 1043 1276 1076 Hand.
1297 1062 1334 1067 —
1356 1045 1490 1087 virides]
1515 1046 1610 1078 Deo-

910 1101 992 1125 rum
1026 1092 1247 1126 marinorum
1275 1094 1393 1127 omnia
1418 1094 1501 1128 sunt
1529 1103 1614 1127 cae-

911 1141 1026 1182 rulea,
1062 1141 1202 1183 glauca,
1241 1142 1386 1184 viridia;
1432 1143 1614 1177 interdum

912 1193 1021 1224 etiam
1034 1192 1166 1232 vitrea,
1185 1188 1335 1226 ὑάλινα.
1375 1193 1432 1226 Sic
1446 1193 1617 1227 caeruleos

910 1242 1018 1274 crines
1062 1241 1206 1282 Cyanae
1263 1242 1444 1285 nymphae
1495 1242 1617 1276 tribuit

912 1290 1011 1323 ovid.
1043 1291 1185 1324 Metam.
1218 1293 1258 1333 ὅ,
1286 1291 1361 1325 432.
1397 1292 1504 1334 atque
1527 1291 1614 1326 ibid.

911 1342 952 1381 2,
995 1341 1052 1373 Με
1105 1340 1150 1374 de
1187 1341 1415 1375 Nereidibus:
1469 1351 1617 1383 quarum

909 1399 996 1431 pars
1028 1399 1114 1423 nare
1144 1391 1316 1431 videntur,
1354 1392 1439 1425 Pars
1468 1391 1504 1424 in
1531 1391 1617 1424 mole

912 1441 1024 1473 sedens
1044 1440 1168 1473 virides
1191 1441 1319 1474 siccare
1339 1440 1488 1481 capillos.
1531 1442 1614 1475 Met.

915 1490 974 1530 43,
1002 1490 1078 1522 959.
1105 1489 1150 1521 de
1167 1489 1313 1523 Glauco:
1337 1490 1479 1523 viridem
1499 1491 1616 1532 ferru-

912 1540 989 1582 gine
1019 1539 1159 1571 barbam
1172 1556 1188 1563 -
1206 1555 1223 1563 -
1237 1543 1268 1572 et
1296 1540 1436 1572 caerula
1464 1539 1614 1573 brachia.

914 1590 1073 1622 Pictores
1089 1597 1193 1628 vero,
1226 1589 1266 1621 ut
1287 1597 1355 1631 par
1372 1589 1473 1629 erat,
1503 1589 1616 1623 flavas

916 1647 1038 1671 comas
1061 1638 1104 1670 iis
1127 1637 1349 1678 tribuebant,
1385 1639 1508 1672 vestes
1529 1639 1618 1672 viri-

916 1689 992 1722 des.
1017 1688 1059 1720 V.
1084 1688 1211 1721 Pittwre
1241 1688 1272 1721 α’
1299 1688 1467 1721 Ercolano
1493 1689 1551 1721 111.
1576 1689 1613 1722 T.

918 1739 971 1771 ⁴6.
999 1738 1051 1770 ⁴7.
1077 1736 1237 1770 Avellino
1259 1737 1346 1770 Buu.
1371 1738 1464 1771 arch.
1498 1738 1554 1771 IV.
1578 1747 1614 1780 p.

918 1789 971 1821 62.
998 1790 1034 1821 et
1056 1789 1111 1821 86.
1141 1806 1177 1810 —
1204 1786 1421 1828 cumulavit,
1446 1789 1486 1820 ut
1507 1787 1615 1828 solet,

917 1838 1045 1871 Statius
1075 1837 1155 1870 Silv.
1187 1838 1223 1877 4,
1260 1838 1297 1878 5,
1334 1838 1396 1871 ⁴5:
1433 1838 1496 1878 Ite,
1536 1838 1619 1871 deae

916 1888 1056 1927 virides,
1091 1888 1298 1927 liquidosque
1328 1888 1490 1920 advertite
1510 1887 1618 1920 volans

916 1938 959 1969 Et
991 1937 1134 1969 vitrewm
1163 1937 1283 1970 teneris
1311 1937 1439 1970 ‹tr-inem
1466 1937 1619 1970 redimite

917 1987 1093 2027 corymbis.

963 2037 1015 2069 ii.
1042 2036 1095 2068 42.
1132 2035 1360 2078 curva-hyra]
1386 2035 1450 2068 Od.
1477 2036 1614 2076 isio,

918 2087 957 2118 6:
998 2094 1185 2126 curvaeque
1218 2085 1314 2126 byrae
1344 2088 1532 2126 parentem.
1577 2102 1614 2109 —

916 2136 1052 2177 recines]
1093 2136 1151 2167 «tu
1183 2134 1422 2177 respondebis
1455 2135 1617 2178 canendo

918 2186 1087 2218 Latonam
1111 2186 1147 2217 et
1168 2185 1318 2218 Dianam
1339 2184 1615 2218 iaculati-icem.»

922 2254 957 2258 -
982 2234 1106 2277 celeris]
1138 2234 1260 2267 Ovidio
1283 2235 1366 2267 Her.
1393 2233 1429 2275 4,
1460 2234 1535 2267 469.
1562 2236 1618 2267 est

919 2285 1017 2326 aqilis
1043 2285 1115 2316 dea.
1146 2302 1181 2307 —
1212 2283 1387 2327 Oynthiae]
1414 2292 1434 2316 a
1463 2284 1615 2325 Cyntho,

919 2333 994 2367 Deli
1035 2334 1173 2372 monte,
1213 2332 1274 2365 ubi
1308 2334 1531 2371 Dianassnata
1564 2333 1618 2366 est

919 2392 1000 2415 eum
1024 2382 1193 2425 Apolline.

965 2433 1017 2465 43.
1045 2433 1096 2466 44.
1139 2433 1292 2474 Sammo]
1320 2434 1555 2472 «extremo»,
1580 2433 1620 2465 ut

920 2483 1007 2524 Epp.
1027 2483 1062 2521 «i,
1083 2483 1096 2514 4
1114 2508 1122 2522 ,
1150 2482 1179 2514 4.
1208 2483 1316 2515 «Nam
1332 2482 1367 2514 in
1382 2481 1531 2514 Veneris
1546 2480 1619 2514 lau-

920 2532 1024 2564 dibus
1048 2534 1087 2564 ut
1110 2532 1271 2564 amantes
1293 2532 1385 2564 inter
1400 2540 1465 2564 nos
1481 2530 1619 2564 desina-

920 2590 1016 2621 mus,
1048 2583 1328 2614 consentaneum
1355 2582 1444 2614 est.»
1470 2599 1507 2603 —
1526 2589 1619 2621 quae

920 2631 1002 2671 cet]
1020 2630 1180 2664 Pendent
1195 2631 1284 2663 haec
1300 2639 1344 2663 ex
1356 2629 1615 2672 superioribus:

921 2681 1089 2714 «Recines
1122 2688 1202 2713 eam
1233 2680 1357 2719 deam,
1398 2687 1490 2721 quae
1524 2679 1616 2711 cet.»
