1722 2904
177 85 259 127 530

686 86 857 118 ΗΟΒΑΤΠ
883 85 1108 119 CARMINUM

345 192 510 232 Aul-eos
541 188 686 232 educit
716 189 758 231 in
789 195 904 232 astra
932 188 1143 245 nigroque

517 269 682 313 Invidet
713 270 840 313 Orco.

347 387 474 430 Multa
504 387 733 430 Dircaeum
763 386 875 428 levat
905 399 1010 428 aura
1040 398 1247 444 cycnum,

1571 386 1625 429 25

347 467 515 518 Tendit,
548 467 721 517 Antoni,
755 467 954 523 quotiens
986 466 1028 508 in
1058 465 1166 508 altos

263 600 316 633 23.
342 599 527 642 reducity,
554 608 606 640 pr.
626 610 660 630 κ.
689 600 741 641 (Ut
756 607 843 638 nos,
871 598 1006 639 nostri.)
1027 615 1063 621 —
1090 599 1145 631 25.
1171 607 1316 641 cymam
1333 599 1372 639 B,
1398 607 1578 641 superscr.

219 660 258 690 c,
284 658 428 691 cyynum
449 649 468 681 J
480 674 487 688 ,
512 649 646 690 ciqnum
669 648 752 681 bSc.

176 776 282 800 mone
307 768 418 800 Garve
443 775 550 799 ausus
575 767 630 798 est
652 765 790 797 dicere:
825 766 877 798 die

174 818 333 860 goldenen
349 817 471 855 Sitten3
490 824 572 848 cum
588 816 738 857 propter
753 815 875 847 nescio

175 877 285 909 quem
310 867 475 899 timorem
498 865 645 898 Vossius
662 865 876 897 sententiam

175 918 226 950 sic
249 916 500 959 pervertisset:
527 915 582 947 des
596 914 755 956 yoldenen
769 914 877 947 Alters

173 967 289 999 Sitten.
333 983 369 988 —
409 964 518 997 educit
553 964 590 996 in
627 963 733 1006 astra]
772 963 875 997 solita

174 1011 368 1062 ὑπερβολῇ
394 1014 501 1046 etiam
517 1014 552 1045 in
567 1022 674 1055 prosa
691 1015 780 1046 orat.
800 1014 872 1047 Cic.

174 1065 220 1098 ad
250 1066 319 1098 Att.
350 1065 387 1104 ⁶2,
423 1064 485 1096 25:
532 1066 666 1096 nostras
695 1064 810 1096 laudes
839 1064 876 1096 in

172 1118 269 1147 astra
289 1114 432 1146 sustulit.
473 1112 692 1155 (Welckerus
721 1113 755 1145 in
782 1114 872 1146 Mus.

172 1166 283 1198 Rhen.
322 1165 364 1196 ΙΙ.
405 1173 440 1205 p.
476 1163 558 1195 ⁴24:
601 1164 717 1195 Horaz
753 1163 875 1195 scheint

171 1215 238 1246 mir
259 1215 355 1247 einen
377 1213 579 1246 bestimmten
596 1213 753 1252 Thr-enos,
779 1212 874 1245 einen

170 1265 341 1296 schcmsten
372 1272 438 1295 von
472 1263 578 1302 allen,
618 1263 682 1294 in's
708 1262 801 1303 Auge
829 1270 875 1294 zu

170 1315 299 1356 fassen,
339 1314 399 1345 der
432 1313 519 1345 auch
544 1313 694 1344 dadurch
719 1312 786 1344 sich
817 1312 873 1344 be-

170 1365 294 1396 stimmt
315 1372 380 1395 von
404 1363 533 1394 andern
549 1362 771 1401 unterschied‚
797 1362 874 1393 dass

171 1413 272 1445 darin
287 1413 340 1445 die
354 1412 444 1444 Seele
462 1413 517 1444 des
535 1411 770 1444 Verstorbenen
785 1411 874 1454 ῃὶοὴι

170 1464 207 1495 in
229 1463 291 1495 den
311 1462 428 1494 Hamas
442 1461 624 1502 uberqiny,
649 1461 791 1493 sondern
805 1470 874 1493 we—

170 1521 232 1554 9en
247 1512 339 1544 ihrer
354 1519 531 1544 Gowfflvfflv
551 1511 697 1543 Reinheit
712 1512 774 1543 den
791 1511 873 1552 Wey

168 1571 214 1594 zu
250 1563 312 1594 den
349 1562 488 1594 Sternen
523 1562 636 1594 nahm.
687 1561 872 1602 Ingeniosa

171 1620 257 1644 sane
273 1611 497 1650 coniectura,
523 1611 589 1644 sed
611 1611 758 1643 incerta.
785 1611 873 1642 Sim-

169 1660 293 1703 plicior
315 1662 436 1692 autem
459 1661 546 1692 mihi
565 1669 711 1701 semper
724 1660 800 1692 visa
817 1661 873 1692 est

170 1710 271 1743 solita
287 1710 578 1750 interpretatio:«
563 1718 757 1751 «sponsum
774 1708 871 1741 illum

170 1758 410 1792 immortalem
434 1759 584 1797 reddit»;
611 1768 681 1800 quo
706 1768 792 1791 sane
809 1758 874 1790 du-

171 1810 219 1843 cit
248 1806 408 1855 Θρήνων
435 1809 489 1840 Fr.
516 1808 546 1841 4
572 1809 608 1840 in
630 1809 784 1841 Boeckh.
804 1809 867 1841 Ed.

171 1859 272 1891 min.:
297 1855 483 1900 βασιλῆες
505 1854 647 1901 ἀγαυοί
669 1876 689 1881 -
711 1868 750 1882 -·
775 1857 815 1899 ἐς
830 1856 871 1891 δὲ

170 1907 238 1940 τὸν
268 1905 405 1940 λοιπὸν
435 1906 578 1954 χρόνον
607 1902 728 1962 ἥρωες
758 1904 871 1952 ἁγνοὶ

170 1955 265 2005 πρὸς
288 1953 503 2004 ἀνθρώπιον
526 1954 758 1999 καλεῦνται.)

213 2008 267 2041 24.
303 2009 430 2040 Invidet
458 2007 593 2050 Orco]‹
585 2016 626 2039 «a
654 2008 768 2039 morte
791 2007 871 2038 vin-

170 2058 282 2095 dieat3
309 2057 413 2099 eripit
431 2056 632 2089 oblivioni.»
658 2058 731 2089 Hoc
754 2057 870 2098 ipsum

170 2107 241 2148 egit
263 2107 362 2139 Pind.
389 2106 528 2148 Olymp.
555 2107 594 2146 8,
620 2101 807 2138 77:³'Eon
831 2104 872 2138 δὲ

169 2157 235 2189 καί
268 2166 304 2189 τι
341 2154 598 2189 θανόντεσσιν
633 2156 753 2201 μέρος
789 2152 872 2188 Κάν

170 2203 293 2248 νόμον
330 2203 561 2265 ἐρδό·ιιενον
606 2202 873 2262 Κατακρύπτει

169 2254 198 2287 δ
222 2252 268 2288 οὗ
294 2253 401 2297 κόνις
422 2253 627 2299 Συγγόνων
650 2252 789 2287 κεδνὰν
803 2251 873 2294 χά-

169 2316 239 2352 ριν.
259 2305 359 2338 Idem
375 2306 566 2348 praecipua
579 2306 779 2338 carminum
792 2314 873 2338 suo-

170 2364 251 2388 rum
281 2364 412 2396 genera
440 2356 487 2387 ita
511 2356 734 2388 enumeravit
755 2355 791 2386 in
815 2355 868 2387 Fr.

171 2404 286 2438 Schol.
312 2405 424 2437 Vatic.
450 2405 557 2438 Rhesi
580 2405 674 2443 895„
701 2404 798 2446 quod
820 2404 872 2437 sic

170 2455 357 2487 restituere
388 2456 535 2487 conatus
566 2455 620 2487 est
651 2453 868 2487 Schneidew.

170 2504 206 2535 in
235 2504 407 2536 Eustathii
439 2505 600 2536 Prooem.
627 2504 727 2536 Pind.
752 2513 788 2546 p.
815 2504 868 2536 35.

172 2561 213 2584 ac
237 2554 318 2594 post
342 2562 426 2585 eum
448 2554 561 2594 Bergk
590 2562 624 2594 p.
651 2553 734 2586 253.
764 2548 871 2585 οΈντι

171 2601 242 2644 μὲν
292 2601 661 2659 χρυσαλακατεκέων
717 2600 870 2643 Λατοῦς

173 2647 301 2684 ἀοιδαὶ
329 2648 457 2697 ἹΩριαι
482 2649 696 2692 παιάνιδες·
734 2647 811 2684 ἐντι
838 2649 869 2683 ὀ

925 764 1222 806 ἑπαντέλλοντος
1267 764 1312 799 ἐκ
1356 763 1499 800 κισσοῦ
1536 767 1625 800 στέ-

925 825 1054 855 φανον
1075 811 1142 848 Ἕκ
1174 812 1427 862 Διθυράμβου
1457 813 1625 859 μαιόμε-

925 875 1006 898 ναι·
1039 862 1085 898 τὸ
1106 863 1148 898 δὲ
1171 866 1356 908 κοίμισαν
1379 863 1623 912 [τετράζυγον

924 915 1014 948 θεαὶ
1054 912 1173 956 κᾶδος
1206 913 1316 959 υἱῶν]
1344 913 1491 959 σώματ’
1523 912 1625 949 ἄπο-

925 965 1138 1007 φθιμένων.
1173 960 1211 998 ‘A
1232 964 1306 1008 μὲν
1337 961 1482 1005 ἀχέταν
1505 965 1625 999 Λίνον

925 1012 1073 1047 αἴλινον
1101 1009 1232 1057 ὕμνει,
1269 1011 1307 1048 ‘A
1339 1013 1371 1047 δ’
1401 1011 1622 1058 “,Υμέναιον

926 1060 971 1097 ὃν
1003 1063 1044 1098 ἐν
1073 1061 1236 1108 γάμοισι
1270 1062 1522 1123 χροῐζόμενον
1549 1089 1558 1098 .
1584 1089 1594 1098 .
1612 1088 1622 1098 .

924 1112 1183 1172 συμπρώτοις
1203 1111 1324 1154 λάβεν
1351 1110 1559 1156 Ἔσχάτοις
1594 1113 1625 1148 δ’

924 1159 1121 1207 ὕμνοισιν
1158 1160 1185 1196 ἁ
1215 1163 1247 1197 δ’
1268 1160 1440 1207 Ἰάλεμον
1466 1161 1625 1208 ὠμοβό-

923 1212 976 1258 acy
999 1211 1130 1258 νούσῳ
1151 1212 1366 1247 πεδαθέντα
1387 1213 1552 1256 σθένος,
1590 1212 1624 1248 :1

922 1262 952 1296 δ’
979 1260 1064 1297 υἱὸν
1080 1261 1247 1310 Οἰάγρου
1269 1261 1455 1310 χρυσάορ’
1469 1259 1622 1311 Ὀρφέα.

923 1315 1030 1346 Suam
1054 1314 1176 1346 autem
1197 1313 1459 1347 restitutionem
1481 1314 1528 1347 ita
1559 1322 1624 1347 ex-

922 1362 1077 1404 planavit
1098 1362 1367 1396 Schneidewin:
1402 1362 1564 1403 Apollinis
1591 1367 1624 1397 et

921 1413 1055 1445 Dianae
1090 1421 1239 1457 paeanes
1269 1416 1367 1453 sunt,
1405 1412 1621 1453 Dfflmrmnbi

920 1465 1070 1502 spectant
1091 1463 1138 1494 ad
1158 1462 1327 1495 Bacchum
1339 1471 1351 1494 .·
1374 1463 1494 1495 Musae
1513 1465 1625 1496 autom

921 1515 1054 1544 mature
1076 1511 1330 1552 absumptorum
1362 1511 1512 1553 filim-um
1541 1521 1622 1546 eor·-

916 1570 1008 1602 pora
1034 1560 1229 1603 lugubribus
1254 1561 1360 1593 modis
1381 1561 1622 1595 condiderim:

921 1611 992 1643 alia
1035 1612 1157 1643 Linum
1210 1610 1416 1644 lamentabili
1469 1611 1621 1644 emmim

916 1661 1206 1701 prosequendwm,
1238 1660 1348 1694 altera
1372 1661 1620 1702 Hymenaeum.

920 1711 1021 1742 tertia
1041 1710 1203 1743 Ialomum
1235 1713 1336 1750 atque
1368 1709 1522 1753 (quarta)
1556 1710 1624 1743 ors

916 1760 1016 1800 phea.

965 1810 1019 1841 25.
1054 1809 1343 1851 Multa--oeuraJ
1374 1817 1523 1851 «magna
1556 1817 1623 1842 au-

921 1867 982 1891 rae
1016 1859 1069 1891 vis
1093 1857 1246 1901 (Masso),
1273 1866 1344 1900 qua
1366 1858 1525 1891 nituntur
1555 1866 1623 1900 cy-

922 1909 978 1941 cni
1011 1907 1103 1941 latae
1137 1907 1257 1941 alae.»
1294 1926 1332 1932 -
1366 1908 1564 1950 Dircaeum]
1599 1917 1621 1940 a

921 1958 1045 1996 Dirce,
1081 1957 1175 1990 fonte
1205 1957 1384 1990 Thebano.
1425 1956 1495 1990 Cfr.
1513 1956 1622 1999 Apol-

921 2006 991 2039 lod.
1025 2007 1064 2046 3,
1095 2008 1136 2047 5,
1170 2007 1210 2047 5,
1243 2006 1275 2039 9.
1310 2025 1348 2030 —
1389 2006 1494 2049 levat]
1538 2005 1622 2040 010-

920 2058 968 2090 ris
990 2056 1148 2090 volatum
1170 2055 1281 2089 altum
1305 2055 1410 2089 simul
1433 2057 1542 2099 atque
1570 2057 1620 2089 ita

922 2107 1099 2147 quietum,
1124 2107 1165 2138 ut
1185 2105 1231 2138 ab
1252 2109 1335 2138 aere
1358 2106 1437 2147 ipso
1452 2106 1529 2139 sine
1545 2104 1622 2139 ala-

921 2164 1002 2188 rum
1036 2155 1250 2188 verberibus
1283 2163 1427 2188 sursum
1453 2155 1537 2188 ferri
1565 2155 1622 2188 vi-

921 2205 1063 2245 deatur,
1089 2205 1274 2246 significat.
1303 2222 1340 2229 -
1379 2204 1540 2247 cycnum]
1563 2205 1620 2237 Sic

922 2256 1029 2287 Leon.
1048 2256 1127 2287 Tar.
1140 2254 1245 2287 Anth.
1260 2253 1330 2287 Pal.
1346 2255 1371 2287 1.
1386 2263 1421 2296 p.
1436 2254 1512 2287 344.
1537 2253 1620 2287 Alc-

921 2313 1065 2336 manem
1079 2305 1206 2337 vocat:
1232 2301 1301 2337 τὸν
1320 2300 1504 2350 ὑμνητῆρ’
1526 2299 1620 2347 ὑμε-

921 2354 1039 2387 ναίων
1046 2350 1209 2386 Κύκνον.
1219 2354 1335 2396 Antip.
1350 2353 1421 2386 Sid.
1430 2353 1535 2386 Anth.
1544 2352 1616 2386 Pal.

921 2405 946 2436 I.
963 2413 998 2446 p.
1018 2404 1105 2436 3⁴5:
1131 2399 1152 2436 ὁ
1179 2401 1296 2446 Τήΐος
1317 2401 1455 2437 ἐνθάδε
1476 2401 1620 2445 κύκνος

920 2447 1046 2486 Eitea.
1092 2471 1128 2476 —
1171 2453 1317 2487 Acutius
1359 2461 1469 2495 quam
1496 2453 1619 2486 verius

921 2505 1034 2536 totum
1063 2503 1159 2535 hunc
1186 2502 1304 2537 locum
1328 2502 1480 2545 explicat
1502 2503 1618 2544 Unger

920 2554 956 2586 in
1001 2552 1129 2586 Electis
1174 2553 1328 2593 criticis,
1375 2551 1617 2585 Friedlandiae

922 2602 1019 2635 4842.
1045 2611 1080 2644 p.
1099 2601 1153 2635 45.
1172 2628 1178 2640 ‚
1206 2610 1316 2643 quem
1330 2601 1429 2642 vide,
1454 2602 1485 2635 si
1499 2602 1615 2634 vacat.

964 2652 1006 2684 26
1022 2670 1041 2675 -
1055 2652 1110 2684 28.
1134 2651 1271 2692 Antoni]
1295 2652 1334 2684 In
1356 2651 1425 2684 hoc
1448 2660 1520 2684 uno
1536 2659 1617 2683 car-
