1722 2904
189 76 271 118 662

728 79 899 112 noenu
932 67 1105 113 EPODON

679 369 1135 412 cmm-

417 469 610 512 Parentis
641 469 743 512 olim
772 469 808 512 si
839 470 937 527 quis
967 470 1099 528 impia
1128 485 1257 514 manu

470 550 614 593 Senile
646 557 790 607 guttur
819 550 1016 608 fregerit,

412 631 509 674 Edit
537 631 687 675 cicutis
718 631 863 674 allium
892 633 1131 676 nocentius.

474 713 511 755 Ο
543 711 652 755 dura
682 725 924 756 messorum
954 713 1050 757 ilia!

414 793 527 846 Quid
558 793 639 837 hoc
669 795 823 837 veneni
854 795 991 838 saevit
1021 795 1063 838 in
1092 796 1398 853 praecordiis?
1617 798 1644 840 5

277 915 331 945 111.
363 914 472 946 Inscr.
498 912 588 954 volg.
627 913 678 945 Ad
699 914 946 954 Maecenatem,
974 916 1010 948 et
1031 915 1082 948 sic
1105 915 1164 956 Bc,
1189 915 1364 950 addentes
1393 917 1604 950 Exsocratur

233 963 359 995 allium.
389 981 421 986 —
458 962 489 995 3.
516 963 594 994 Edit
618 971 798 1004 superscr.
825 973 848 996 a
870 963 913 1004 h,

943 965 1034 997 Edat
1056 965 1080 997 d
1103 967 1140 998 et
1163 965 1366 1008 complures
1388 965 1463 1007 alii,
1489 967 1598 1000 etiam

232 1014 322 1045 Pott.
340 1038 347 1051 ,
365 1012 485 1045 Aldus.
506 1013 558 1054 (Ut
580 1021 658 1053 nos,
675 1014 760 1054 BSc,
788 1013 909 1047 Bland.
929 1015 1114 1056 quattuor,
1138 1016 1230 1048 Pott.
1247 1015 1414 1058 septem.)
1438 1034 1475 1040 -
1493 1016 1599 1052 alium

233 1064 270 1094 B.
298 1063 374 1095 Vid.
393 1063 588 1096 Schneider
603 1064 677 1096 Lat.
693 1064 752 1096 Gr.
772 1065 797 1096 1.
816 1073 851 1106 p.
869 1063 945 1097 408.
977 1065 1134 1105 Wagner
1150 1065 1305 1107 Orthoqr.
1327 1066 1447 1108 Vergil.
1465 1074 1500 1108 p.
1518 1065 1595 1099 4⁴6.

233 1169 288 1200 111.
315 1169 438 1202 Iocosa
463 1171 660 1202 exsecratio
685 1169 769 1210 allii,
796 1171 893 1212 quod

192 1219 223 1250 ei
253 1219 415 1251 inscienti
443 1221 631 1253 Maecenas
659 1220 694 1252 in
718 1219 815 1252 olere
838 1221 893 1252 in-

191 1269 333 1300 coctum
372 1270 598 1310 apposuerat.
652 1270 759 1302 Miros
798 1270 893 1301 enim

191 1320 275 1349 tunc
310 1318 411 1350 cibos
443 1318 626 1359 (Italorum
661 1318 816 1361 erbolati)
849 1328 894 1351 ex

192 1367 320 1400 talibus
344 1368 593 1401 conficiebant.
628 1369 699 1401 Cic.
719 1369 776 1401 ad.
794 1369 890 1401 Fam.

191 1418 229 1456 7,
266 1418 327 1449 26:
374 1418 514 1459 fungos,
567 1418 736 1458 helvellas,
775 1419 895 1451 herbas

192 1476 303 1499 omnes
324 1468 374 1499 ita
404 1469 578 1507 condiunt,
616 1472 654 1500 ut
683 1469 766 1500 nihil
789 1469 895 1509 possit

191 1526 257 1548 esse
272 1517 419 1549 suavius.
454 1517 518 1549 Alii
535 1518 735 1558 cogitarunt
757 1518 802 1551 de
818 1527 895 1550 mo-

193 1567 288 1605 reto,
315 1567 381 1598 sed
401 1567 533 1608 prisc-us
555 1568 584 1599 is
609 1569 686 1600 erat
708 1568 810 1608 cibus,
836 1577 895 1600 ru-

192 1616 363 1648 sticorum
378 1617 564 1658 imprimis.
583 1617 671 1649 Vide
685 1618 784 1650 Ovid.
801 1619 890 1651 Fast.

193 1665 224 1703 4,
244 1665 307 1697 367
325 1675 426 1708 seqq:
446 1669 482 1699 et
498 1667 594 1708 quod
611 1667 751 1709 Virgilio
768 1667 893 1700 tribui—

190 1717 248 1746 tur
268 1717 446 1748 Moretum.
480 1717 738 1759 (compositum
752 1717 893 1750 videtur

191 1772 353 1805 carmen,
389 1767 581 1807 antequam
609 1767 772 1799 Terentia
795 1769 893 1801 Mae-

191 1815 306 1847 cenati
330 1819 519 1857 nupserat,
551 1826 583 1849 a.
610 1826 643 1849 u.
671 1826 703 1849 c.
730 1818 805 1850 7⁴9.
832 1819 894 1850 aut

192 1865 280 1905 7⁶20.)

235 1915 306 1947 4-5.
347 1915 436 1958 olim]
471 1916 540 1948 Cfr.
567 1917 631 1949 Od.
658 1916 694 1957 4,
729 1916 765 1956 4,
791 1918 822 1949 5.
852 1936 888 1940 —

188 1965 315 2006 quatur]
333 1965 395 1997 Od.
414 1966 453 2005 2,
474 1966 514 1998 43
528 1991 535 2005 ,
561 1966 592 1998 6.
619 1966 804 2008 usurpavit
818 1965 893 1998 vol-

191 2014 304 2053 gatius
325 2015 484 2056 franqere
507 2016 667 2048 cervicem
688 2024 754 2058 pro
775 2019 891 2047 stran-

191 2064 321 2104 9ut'are.
362 2083 397 2087 —
437 2065 534 2097 «Edit
556 2067 673 2107 potius
697 2066 891 2098 dicendum

193 2122 301 2154 quam
325 2115 411 2146 edat.
438 2115 580 2156 Antiqui
605 2116 699 2147 enim
724 2115 893 2148 dicebant

190 2164 293 2203 edim,
319 2165 404 2204 edis,
429 2165 495 2196 edit
510 2166 600 2197 cet.»
625 2166 741 2197 Aenon
756 2167 889 2198 NAle.

191 2213 318 2254 Sicque
353 2216 409 2246 est
443 2215 548 2247 etiam
583 2215 653 2246 Sat.
685 2215 724 2253 2,
760 2215 797 2254 8,
835 2215 888 2247 90.

191 2262 263 2294 Cic.
283 2263 328 2294 ad
345 2264 439 2296 Fam.
454 2264 485 2302 9,
501 2264 560 2296 20:
586 2273 627 2296 ne
642 2282 661 2287 -
676 2283 695 2289 -
710 2265 889 2303 comedim;

191 2313 226 2343 et
260 2313 466 2345 constanter
500 2313 596 2354 apud
631 2313 805 2346 Plautum.
837 2314 888 2355 (V.

189 2360 303 2394 Aulul.
330 2362 368 2401 3,
394 2363 431 2401 2,
460 2363 512 2395 46.
550 2363 744 2395 Trinumm.
775 2363 815 2402 ⁴,
848 2363 887 2402 2,

190 2410 405 2450 65.1bid.2,
432 2411 471 2451 4,
498 2412 550 2444 72.
578 2412 659 2452 cet.)
688 2412 889 2444 Perfectum

191 2467 271 2491 esse
294 2461 430 2501 nequit,
458 2469 539 2493 cum
555 2469 684 2494 sensus
701 2461 889 2494 manifesto

191 2509 248 2540 hic
271 2510 332 2541 sit:
360 2511 454 2542 «Hoc
479 2519 660 2543 summum
677 2510 889 2553 supplicium

190 2560 359 2599 patiatur,
398 2561 436 2591 ut
465 2559 584 2593 allium
608 2569 687 2599 esse
713 2560 887 2599 debeat;»

192 2609 397 2649 neutiquam
429 2618 533 2642 vero:
574 2610 677 2642 «Ideo
706 2611 787 2651 quia
818 2610 890 2643 edit

191 2656 309 2690 allium
334 2667 450 2699 eoque
475 2659 508 2691 in
533 2659 688 2692 furorem
706 2661 805 2693 actus
822 2662 887 2700 est,

941 1172 1082 1212 patrem
1108 1169 1310 1212 iugulavit.»
1349 1170 1457 1204 Simili
1481 1179 1645 1205 exsecra-

942 1221 1036 1253 tione
1060 1229 1148 1253 usus
1172 1222 1227 1254 est
1248 1221 1401 1254 Naevius
1421 1220 1517 1263 apud
1531 1222 1640 1254 Prisc.

942 1270 974 1309 6,
992 1270 1025 1302 2.
1039 1279 1075 1312 p.
1090 1271 1166 1302 225.
1181 1271 1261 1303 Kn:
1290 1271 1330 1303 Ut
1343 1271 1438 1304 illum
1452 1271 1500 1303 dii
1513 1271 1642 1313 serant,

942 1320 999 1359 qui
1027 1320 1179 1360 primum
1209 1320 1309 1352 alitor
1330 1329 1447 1361 cepam
1476 1321 1642 1361 protulit!

945 1388 981 1392 —-
1005 1377 1188 1402 messor-mn
1208 1369 1280 1412 ilia]
1307 1379 1421 1412 «quae
1445 1370 1538 1403 ferre
1553 1379 1641 1412 pos-

942 1419 1011 1452 sint
1048 1421 1121 1452 tam
1156 1419 1273 1453 dirum
1306 1428 1522 1452 venenum.»
1569 1420 1639 1453 Csr.

941 1468 1070 1510 Virgilii
1109 1470 1286 1503 Moretum
1320 1470 1357 1502 et
1389 1468 1461 1502 Ecl.
1497 1470 1538 1510 2,
1575 1470 1640 1502 ⁴0:

944 1518 1098 1559 Tnestylis
1124 1522 1156 1551 et
1180 1519 1303 1560 rapido
1333 1519 1427 1561 fessis
1446 1518 1645 1551 messoribus

942 1571 1036 1600 aestu
1056 1567 1145 1600 Allia
1166 1568 1411 1609 serpyllumque
1432 1567 1551 1600 herbas
1567 1577 1646 1601 con-

942 1618 1050 1650 tundit
1073 1618 1203 1650 olentes.
1234 1616 1387 1650 Galenus
1410 1617 1560 1660 Therap.
1587 1618 1641 1658 ⁴2,

941 1667 973 1700 8.
1000 1666 1124 1700 allium
1135 1668 1242 1700 vocat
1263 1664 1339 1699 τῶν
1360 1662 1553 1714 ἀγροίκων
1570 1666 1645 1710 θη-

941 1714 1091 1764 ριακήν.
1120 1736 1156 1740 -
1185 1716 1412 1758 praecordiis]
1440 1725 1507 1758 pro
1531 1717 1645 1749 «inte-

942 1768 1075 1800 stinis».
1108 1766 1178 1800 Cfr.
1204 1767 1276 1799 Sat.
1301 1767 1340 1807 2,
1365 1766 1403 1807 4,
1427 1766 1482 1799 26.
1507 1767 1644 1799 Seneca
1684 1795 1686 1797 ,

941 1819 1004 1860 Ep.
1042 1817 1100 1857 95,
1126 1817 1189 1850 25:
1230 1815 1505 1859 qam--'non
1537 1816 1645 1849 credis

940 1876 1039 1900 urere
1061 1867 1151 1899 salsa
1173 1867 1248 1899 tabe
1263 1865 1496 1907 praecordia?

986 1917 1080 1949 6-8.
1121 1917 1290 1957 viperinus
1320 1916 1433 1958 cruor]
1467 1924 1641 1958 praesens

940 1975 1139 2007 venenum,
1174 1968 1215 1999 ut
1237 1966 1302 1999 Od.
1329 1966 1366 2006 4,
1392 1966 1429 2006 8,
1455 1965 1487 1998 9.
1517 1982 1554 1988 -
1588 1965 1644 1997 in-

941 2016 1062 2058 coctus]
1088 2016 1144 2048 Sic
1167 2016 1291 2049 Medea
1315 2015 1411 2058 apud
1433 2015 1535 2048 ovid.
1557 2015 1639 2048 Met.
1690 2022 1691 2025 ’

941 2066 980 2105 7,
998 2066 1080 2099 265:
1107 2066 1308 2106 Seminaque
1325 2066 1489 2108 floresque
1503 2067 1536 2096 et
1549 2072 1645 2096 sucos
1688 2066 1690 2069 “

939 2116 1087 2156 incoquit
1109 2124 1214 2148 acres.
1236 2133 1273 2138 —
1297 2114 1417 2156 malas]
1440 2114 1536 2155 virg.
1553 2115 1640 2146 Aen.

940 2165 981 2204 2,
1014 2164 1098 2197 47⁴:
1139 2165 1272 2198 coluber
1303 2165 1398 2196 mala
1431 2163 1640 2205 (venenosa)

939 2215 1099 2256 yramina
1114 2218 1244 2255 pastus.
1278 2233 1315 2238 -
1347 2212 1500 2255 Canidia]
1535 2221 1639 2254 saga,

941 2264 1071 2296 Horatii
1103 2264 1255 2297 inimica.
1303 2263 1372 2297 Cir.
1398 2262 1511 2306 Epod.
1536 2263 1569 2295 5.
1606 2263 1643 2294 et

941 2314 994 2346 47.
1023 2333 1059 2337 —
1085 2314 1254 2356 tractavit]
1288 2313 1490 2355 «apparavit
1516 2313 1552 2345 et
1573 2311 1643 2344 mi-

940 2363 1065 2396 scuit.»
1106 2363 1162 2395 Sic
1185 2363 1248 2395 Od.
1274 2363 1316 2403 2,
1350 2362 1410 2402 ⁴3,
1438 2362 1479 2394 8:
1514 2369 1642 2394 venena

940 2413 1060 2446 Colcha
1075 2431 1094 2436 -
1109 2429 1123 2435 -
1146 2412 1325 2445 Tractavit.
1686 2414 1687 2419 ’

983 2463 1078 2495 9-42.
1105 2462 1284 2503 Insignem
1306 2462 1380 2494 vim
1403 2462 1579 2494 comicam
1602 2461 1638 2494 in

939 2511 1186 2544 huiuscemodi
1199 2511 1357 2544 carmine
1373 2510 1508 2544 habent
1520 2519 1641 2544 exem-

938 2560 995 2603 pla
1011 2560 1056 2593 ab
1073 2560 1243 2593 heroibus
1258 2560 1419 2602 repetita.
1441 2579 1477 2583 —
1499 2560 1538 2592 Ut
1553 2561 1638 2600 cet.]

940 2612 1197 2651 «Posteaquam
1214 2609 1338 2642 Medea
1359 2609 1494 2642 Iasonis
1511 2609 1640 2642 ceteris

939 2659 1104 2693 omnibus
1119 2659 1330 2701 Argonautis
1344 2657 1555 2701 pulchrioris
1571 2658 1641 2692 sor-
