1722 2904
559 96 637 129 Lm.
662 96 719 128 lv.
767 96 805 129 C.
831 96 871 128 11.

1430 96 1513 138 533

235 199 332 251 Quo
361 197 462 240 nihil
491 198 629 242 maius
658 198 866 243 meliusve
894 199 1019 242 terris

236 279 337 321 Fata
367 277 587 322 donavere
615 278 805 336 bonique
836 279 924 322 divi

234 359 323 402 Nec
351 357 535 409 dabunt,
567 359 762 416 quamvis
794 359 972 403 redeant
1002 359 1044 402 in
1072 373 1225 403 aurum

405 439 613 496 Tempora
641 439 844 496 priscum.

1455 443 1510 484 40

235 543 444 587 Concines
472 543 695 601 laetosque
724 543 818 587 dies
846 551 888 587 et
918 544 1044 588 Urbis

239 623 463 667 Publicum
490 623 640 666 ludum
671 637 803 681 super
833 624 1058 681 impetrato

236 694 374 747 Fortis
402 704 579 761 Augusti
610 704 750 747 reditu
778 705 1003 762 forumque

65 921 222 963 primum
242 919 464 961 inhabitans,
498 921 558 963 qui
581 929 666 954 cum
688 922 764 955 Usi-

67 970 159 1012 petis
182 970 219 1003 et
239 971 421 1003 Tencteris
442 971 488 1004 M.
513 969 662 1004 Lollium
685 979 764 1004 ma-

68 1028 138 1061 gna
159 1018 261 1052 clade
291 1019 487 1052 affecerunt
508 1029 544 1052 a.
567 1029 603 1052 u.
629 1029 661 1052 c.
686 1021 762 1053 737.

67 1068 154 1109 Sed,
204 1077 288 1102 cum
320 1067 469 1102 Lollium
503 1077 627 1102 rursus
663 1077 761 1102 arma

65 1125 193 1159 parare
226 1117 284 1150 vel
310 1118 509 1159 Augustum
542 1126 626 1150 cum
659 1127 764 1150 exer-

67 1167 138 1199 citu
160 1167 445 1209 appropinquare
469 1169 683 1208 cognossent
694 1184 712 1207 ,·
727 1167 762 1199 in

65 1215 156 1249 fines
177 1224 263 1249 suos
284 1218 512 1249 recesserunt
526 1218 563 1249 et
577 1215 763 1248 obsidibus

66 1265 156 1298 datis
166 1273 294 1307 pacem
304 1266 399 1307 pacti
410 1266 492 1298 sunt
503 1274 535 1298 a.
547 1265 621 1298 738.
637 1266 761 1298 Postea

65 1315 186 1347 autem
217 1315 254 1347 in
287 1315 463 1348 sinistram
499 1315 611 1347 Rheni
647 1315 762 1357 ripam

66 1364 290 1398 transductus
305 1373 386 1398 esse
402 1366 551 1397 constat.
570 1365 666 1397 Suet.
683 1365 758 1397 Oct.

64 1415 119 1447 2⁴.
145 1414 443 1455 Caedeyaudentes
462 1415 634 1446 vocantur
652 1414 761 1447 iidem

66 1463 130 1495 Od.
147 1462 187 1503 ⁴»,
205 1462 267 1503 ⁴4,
283 1463 354 1502 5⁴.,
370 1463 406 1495 h.
423 1462 446 1495 l.
462 1464 604 1504 seroces,
624 1465 759 1505 «quia»,

67 1513 108 1544 ut
127 1513 227 1544 aiunt
251 1513 369 1545 Acron
397 1513 434 1544 et
464 1513 603 1545 Comm.
629 1514 758 1554 Cruq.,

68 1562 280 1602 «antequam
313 1563 543 1603 caperentur,
580 1562 762 1595 centurio-

66 1618 131 1643 nes
163 1611 361 1650 Romanos,
412 1611 473 1651 qui
508 1611 555 1643 ad
587 1610 759 1652 stipendia

67 1658 115 1692 ab
138 1659 180 1692 iis
203 1659 375 1700 exigenda
397 1659 498 1692 missi
532 1662 654 1699 erant,
691 1661 762 1692 cir-

69 1709 279 1743 cumventos
323 1708 491 1742 crucibus
536 1709 730 1742 affixerant.
743 1721 759 1738 n

69 1756 351 1799 (Sigambrorum
372 1766 505 1791 nomen
531 1759 601 1791 Iac.
626 1759 762 1791 Grimm

66 1807 187 1839 statuit
201 1815 282 1839 esse
297 1808 534 1848 compositum
555 1816 598 1840 ex
614 1816 672 1840 vv.
688 1808 763 1849 siqu

66 1851 103 1885 ’=
124 1856 271 1888 victoria
301 1857 338 1888 et
357 1856 503 1898 yambar
525 1873 558 1884 =
581 1858 759 1897 strenuus,

66 1914 193 1947 sagax,
229 1905 277 1937 ita
309 1907 349 1937 ut
384 1907 609 1938 contractum
642 1906 687 1939 sit
718 1915 762 1938 ex

66 1954 294 1996 sigigambar.
336 1954 448 1987 Gesch.
485 1956 518 1987 d.
546 1956 579 1987 d.
615 1955 762 1996 Sprache

66 2005 92 2037 1.
115 2004 193 2042 525.
216 2004 269 2036 De
291 2003 419 2036 iisdem
441 2003 492 2036 ib.
517 2013 552 2046 p.
577 2006 660 2037 520:
699 2005 763 2037 Am

64 2052 217 2085 sicherste
228 2053 321 2085 nand
333 2053 622 2086 unmittelbarsten
637 2055 702 2096 auf
711 2055 763 2086 die

66 2102 220 2135 Frankon
252 2111 299 2134 zu
332 2102 482 2135 beziehcm
518 2104 561 2136 ist
593 2105 654 2136 das
685 2104 764 2136 Volk

66 2153 126 2185 der
153 2152 371 2194 sigambern,
408 2153 520 2185 dassen
551 2154 604 2185 die
644 2154 764 2186 Ronwr

65 2210 131 2233 von
162 2199 261 2242 fm'he
293 2210 340 2233 an
373 2202 420 2242 ott
448 2202 624 2243 aedenken.
670 2201 760 2235 Ibid.

66 2251 151 2283 522:
170 2251 276 2283 Wemt
290 2259 323 2283 es
336 2250 386 2283 bei
398 2251 513 2283 Horaz
525 2251 590 2284 Od.
605 2251 638 2291 4,
655 2252 688 2291 2,
706 2251 761 2284 34.

66 2299 181 2332 hoissi:
206 2317 243 2324 —
271 2299 410 2333 feroces
428 2318 466 2323 —
483 2300 704 2342 Sigambros,
729 2310 764 2332 so

65 2349 185 2382 Ιεόππω
209 2349 306 2381 ihm„
329 2348 466 2382 feroces
488 2350 589 2382 sehon
610 2350 766 2391 beiqeleqt

66 2399 152 2439 sein,
189 2398 266 2430 weil
294 2407 341 2430 zu
371 2399 445 2431 dem
476 2399 664 2431 rb'mischen
698 2399 766 2431 Ohr

66 2448 272 2488 einEpithet
304 2449 411 2480 dieser
442 2457 594 2489 aeman.
619 2449 766 2481 Stiimme

68 2497 261 2538 qedmtqen
281 2506 379 2536 war,
416 2498 478 2528 das
499 2498 644 2530 nuchhar
672 2498 767 2530 ihren

68 2545 282 2587 diametrum
302 2547 433 2579 Namen
455 2546 594 2585 bildete‚·
618 2550 767 2579 nannten

68 2595 230 2628 mische
274 2596 353 2629 oder
395 2596 550 2637 quaiso-he
586 2596 767 2628 Nachbam

3 2693 8 2696 .
69 2644 129 2676 den
161 2645 302 2677 Rffmem
338 2645 423 2678 diese
458 2644 655 2687 Siaambm
701 2645 766 2678 ieri

813 922 892 954 oder
913 921 1074 962 feroces,
1098 923 1261 956 wienaho
1282 923 1417 966 laada:
1435 926 1509 959 dom

812 972 1218 1054 mhffsspdm
1264 974 1384 1007 Frate
1428 977 1509 1008 oder

855 1081 972 1115 37-40.
999 1083 1071 1123 Quo
1084 1083 1168 1115 nihil
1187 1084 1309 1126 maius]
1331 1084 1401 1117 Cir.
1419 1085 1506 1128 Epp.

810 1131 849 1171 2,
876 1131 913 1170 ⁴,
945 1132 1004 1163 ⁴7:
1038 1132 1097 1164 Nil
1124 1133 1292 1165 oriturum
1321 1134 1427 1175 alias,
1462 1135 1512 1168 nil

810 1183 920 1212 orcum
942 1181 1010 1213 tale
1028 1181 1169 1222 fatentes
1183 1181 1308 1223 (qualis
1324 1184 1381 1216 est
1394 1185 1512 1225 Augu·

810 1230 911 1270 stus).
958 1229 1056 1262 Ovid.
1082 1239 1127 1262 ex
1153 1232 1263 1271 Ponto
1298 1232 1311 1263 4
1332 1257 1340 1272 ,
1370 1233 1414 1273 2,
1440 1233 1506 1266 98:

809 1278 907 1311 Alma
933 1279 1016 1311 nihil
1043 1280 1154 1311 maius
1177 1280 1320 1312 caesare
1342 1284 1436 1314 terra
1455 1282 1509 1324 fe-

810 1331 878 1359 rat.
911 1344 948 1351 —
986 1329 1151 1361 danaim-e
1165 1346 1185 1352 —
1198 1347 1218 1352 —
1233 1329 1373 1372 dabunt]
1390 1328 1399 1337 “
1410 1331 1509 1364 Hanc

810 1377 1043 1409 variationem
1063 1378 1295 1419 reprehendit
1315 1387 1506 1420 nonnemo,

811 1435 855 1458 ex
869 1427 1072 1459 Latinorum
1086 1436 1154 1459 usu
1169 1426 1266 1460 idem
1279 1429 1433 1462 verbum
1448 1439 1509 1462 re—

810 1475 1006 1517 petendum
1029 1476 1136 1509 fuisse
1167 1478 1405 1519 contendens,
1443 1479 1509 1512 sed

810 1527 1001 1566 utrumque
1034 1526 1071 1557 in
1104 1525 1204 1558 solita
1239 1526 1389 1560 formula
1420 1529 1508 1561 dedit

810 1575 1009 1613 donavitque
1028 1574 1111 1615 (Cic.
1121 1575 1222 1606 Verr.
1234 1576 1359 1616 Acc.5‚
1371 1577 1424 1617 ⁴7,
1439 1577 1507 1619 44.)

810 1625 885 1655 arte
910 1623 1147 1664 coniungitur,
1173 1623 1265 1656 adeo
1285 1626 1326 1657 ut
1347 1626 1404 1658 hic
1430 1627 1507 1659 sine

810 1671 879 1704 ulla
901 1673 1179 1714 reprehensione
1206 1682 1320 1706 unum
1346 1677 1428 1716 post
1456 1675 1509 1708 al-

810 1723 928 1753 terum
942 1722 1025 1762 poni
1035 1722 1199 1762 potuerit.
1217 1740 1254 1745 —
1271 1722 1412 1764 bonique
1426 1725 1505 1766 divi]

812 1770 991 1811 «benigni,
1021 1771 1198 1812 propitii»,
1232 1773 1272 1804 ut
1301 1772 1365 1804 Od.
1397 1772 1435 1813 4,
1468 1775 1505 1812 5,

800 1821 848 1858 vi:
882 1821 979 1852 Divis
1006 1823 1078 1852 orte
1106 1820 1209 1852 bonis.
1248 1821 1342 1862 virg.
1371 1821 1443 1854 Ecl.
1472 1823 1505 1862 5,

811 1869 870 1901 65:
894 1869 950 1901 Sis
970 1869 1074 1901 bonus
1094 1879 1114 1901 o
1134 1870 1283 1910 felixque
1304 1871 1393 1902 tuis!
1418 1889 1455 1894 —
1472 1872 1508 1903 in

810 1918 944 1959 aurum]
970 1918 1152 1960 «quamvis
1175 1927 1324 1951 aureum
1347 1919 1507 1952 seculum

810 1967 969 2000 redeat.»

854 2034 909 2068 44.
934 2033 989 2067 42.
1020 2034 1138 2077 laetos]
1176 2034 1356 2074 «festos»,
1393 2036 1509 2069 cuius-

811 2083 909 2116 modi
938 2084 1039 2115 erant
1064 2083 1266 2124 Augustalia
1294 2085 1451 2125 primum
1473 2094 1505 2117 a.

811 2142 848 2165 u.
873 2142 904 2164 c.
930 2132 1004 2164 735.
1031 2131 1210 2165 celebrata
1235 2133 1310 2174 (Dio
1337 2133 1398 2173 54,
1425 2134 1505 2175 ⁴0.)‚

811 2184 936 2224 postea
967 2191 1000 2214 a.
1033 2190 1069 2213 u.
1103 2191 1134 2215 c.
1164 2181 1244 2215 743.
1282 2179 1432 2228 πρῶτον
1465 2182 1508 2216 ἐκ

812 2228 1005 2274 δόγματος
1020 2230 1213 2274 ἐτελέσθη.
1251 2231 1313 2273 (Id.
1331 2231 1420 2264 lbid.
1439 2232 1506 2274 34.)

813 2280 907 2313 Talia
946 2281 1050 2322 igitur
1090 2289 1174 2313 mox
1213 2280 1433 2314 celebratum
1467 2283 1509 2314 iri

813 2330 962 2371 putabat
982 2331 1099 2371 poeta.
1126 2348 1164 2354 —
1197 2330 1368 2363 Publicum
1381 2331 1507 2373 ludmn]

815 2379 918 2412 editis
941 2380 1048 2411 etiam
1070 2379 1278 2412 muneribus
1296 2379 1509 2420 gladiatoriis

815 2430 883 2461 cet.
911 2446 948 2451 —
971 2428 1160 2470 impetrato]
1182 2429 1273 2461 votis
1296 2429 1436 2461 nostris.

858 2497 912 2530 43.
939 2496 993 2530 44.
1016 2497 1137 2539 reditu]
1161 2497 1356 2538 Supersunt
1373 2498 1508 2529 nummi

817 2556 848 2579 a.
867 2555 901 2578 u.
921 2555 952 2579 c.
971 2546 1045 2579 738.
1071 2546 1167 2588 apud
1187 2545 1318 2579 Eckhel
1333 2547 1374 2578 D.
1392 2547 1432 2578 N.
1451 2546 1505 2578 Vl.

816 2604 895 2637 pag.
916 2595 989 2628 ⁴63.
1016 2604 1098 2631 cum
1125 2595 1373 2636 inscriptione:
1410 2595 1445 2626 S.
1469 2595 1506 2627 P.

819 2646 857 2686 Q.
883 2646 920 2678 R.
951 2646 985 2677 V.
1003 2645 1038 2678 S.
1065 2645 1157 2686 (vota
1178 2644 1342 2685 suscepta)
1365 2645 1441 2676 Pno.
1466 2645 1504 2677 S.
