1722 2904
163 31 244 73 736

701 35 871 67 HORATH
896 35 1068 68 EPODON

625 337 940 377 cm
979 338 1161 379 xm

330 452 417 494 Iam
448 451 532 494 iam
563 449 725 493 efficaci
756 449 813 492 do
844 463 995 493 manus
1025 450 1252 501 scientiae,

330 531 520 590 Supplex
550 538 591 574 et
621 544 698 573 oro
730 544 862 588 regna
893 545 971 588 per
1000 532 1306 589 Proserpinae,

327 616 409 658 Per
440 621 483 656 et
511 613 674 655 Dianae
705 625 790 654 non
819 611 1032 654 movenda
1061 612 1260 660 numina,

329 696 411 738 Per
442 701 571 751 atque
603 692 735 735 libros
766 692 1003 735 carminum
1034 692 1265 735 valentium

244 821 344 853 XVII.
381 821 490 852 lnscr.
516 817 607 859 volg.
644 818 694 850 Ad
717 817 903 850 Canidiam.
943 833 980 839 —
1020 817 1133 859 Finyit
1165 826 1199 850 se
1221 817 1383 850 Canidiae
1403 820 1567 861 veneficiis

201 874 408 912 superatum.
435 868 630 910 allegoricos
653 868 851 908 deprecatur
875 869 914 899 ut
934 866 996 898 sibi
1012 870 1138 907 parcat
1159 867 1219 900 Bc.
1248 885 1284 891 —-
1310 867 1386 900 Om.
1411 868 1448 901 Τ.

203 921 293 952 4-52
317 921 353 952 in
376 920 401 952 B
426 918 579 958 desunt.)

199 1033 301 1064 XVII.
343 1033 476 1064 Rursus
510 1029 702 1063 salsissime
735 1029 858 1061 irridet

157 1081 338 1114 Canidiam
364 1079 578 1121 (Gratidiam)
602 1087 726 1120 sagam
749 1080 855 1119 atque

155 1132 271 1163 semet
301 1131 418 1171 ipsum
449 1128 584 1162 artibus
609 1129 685 1160 eius
710 1128 855 1168 magicis

155 1181 305 1221 petitum
329 1181 365 1212 et
387 1179 502 1212 saevis
519 1177 734 1210 cruciatibus
751 1177 796 1209 ab
814 1186 855 1209 ea

155 1229 323 1261 affectum
358 1228 513 1269 fingens,
549 1229 590 1260 ut
612 1226 678 1260 sihi
702 1228 774 1258 iam
797 1235 857 1259 sa-

153 1279 198 1310 tis
221 1278 421 1320 perdomito
445 1277 591 1310 tandem
605 1278 748 1318 parcat,
774 1284 856 1317 sup-

153 1327 234 1370 plex
274 1328 452 1359 inimicam
490 1328 566 1359 orat
605 1328 641 1358 et
675 1325 852 1358 obsecrat.

154 1377 299 1419 Reliqua
317 1377 483 1410 carminis
500 1385 608 1409 scena
624 1385 690 1418 per
706 1384 744 1408 se
761 1374 855 1407 clara

155 1428 220 1459 est.
269 1428 375 1460 Recte
396 1428 518 1458 autem
534 1425 742 1466 Doeringius
758 1424 856 1456 refu—

153 1478 240 1509 tavit
262 1475 595 1513 Mitscherlichium‚
634 1475 694 1516 qui
722 1475 856 1506 Varum

156 1526 278 1568 (Epod.
307 1526 352 1566 5.)
386 1526 442 1558 hic
475 1525 571 1566 loqui
606 1525 770 1566 opinatus
801 1524 856 1555 est

153 1584 268 1617 usque
299 1575 345 1607 ad
376 1585 409 1607 v.
434 1575 488 1607 52.
531 1587 546 1603 «ι
558 1575 647 1606 Nam
660 1585 695 1613 ι),
722 1573 852 1614 inquit,

156 1626 214 1656 «ut
247 1623 331 1656 nihil
366 1624 410 1656 de
437 1634 471 1656 v.
502 1623 564 1656 39:
604 1623 672 1655 sive
703 1622 856 1654 mendaci

153 1675 230 1713 lyra
258 1674 347 1706 Voles
368 1673 483 1705 sonari
506 1673 639 1711 dicam,
674 1671 854 1713 quomodo

152 1722 322 1755 ridiculus
339 1722 394 1754 ille
413 1731 522 1755 senex
537 1723 650 1754 Varus
663 1731 719 1753 vv.
734 1720 851 1753 42-44.

153 1781 192 1804 se
216 1779 299 1803 cum
323 1772 524 1804 Stesichoro
554 1779 762 1812 comparare
788 1778 855 1811 po-

154 1822 239 1853 tuit‘?
250 1832 265 1849 »
283 1822 351 1852 cet.
373 1821 558 1852 «Omnium
575 1820 772 1862 epodorum
789 1828 856 1851 no-

152 1870 318 1902 vissimus
341 1869 427 1901 mihi
458 1869 599 1901 videtur
629 1878 726 1908 esse,
764 1869 855 1901 scri-

141 1921 233 1961 ‘ptus
249 1927 280 1950 a.
307 1919 447 1950 circiter
471 1917 568 1950 724.»
594 1918 738 1949 FRANKE.
763 1919 854 1950 Item

152 1967 387 2001 Walckenaer
424 1969 449 2000 1.
490 1977 524 2009 p.
563 1968 647 2000 468:
689 1966 851 1999 dernier-e.

153 2018 243 2049 Sane
280 2018 378 2058 prius
407 2017 625 2058 compositus
654 2018 707 2049 est
741 2017 851 2058 Epod.

152 2067 184 2098 5.
211 2068 247 2098 et
274 2067 342 2098 Sat.
364 2067 376 2098 4
395 2092 402 2105 ,
428 2067 459 2098 8.
488 2066 689 2106 (Grotesend
706 2067 740 2098 et
756 2064 854 2098 Wal-

153 2117 308 2148 ckenaer
332 2125 363 2147 a.
383 2116 474 2155 745„
501 2116 673 2147 Kirchner
700 2124 731 2147 a.
759 2116 849 2155 722„

152 2165 334 2197 Weichert
366 2173 396 2196 a.
423 2164 498 2196 729.
547 2165 702 2206 Tempus
735 2165 852 2206 ipsum

151 2215 274 2255 utique
298 2215 473 2246 incertum
498 2214 577 2254 est.)

196 2265 268 2296 4-5.
294 2265 335 2295 do
358 2263 488 2304 manas]
514 2264 605 2295 Dant
628 2271 755 2295 manus
772 2271 853 2304 pro-

150 2313 244 2355 prie,
271 2314 330 2354 qui
354 2321 479 2344 manus
495 2321 577 2345 suas
600 2312 724 2344 victori
746 2320 852 2353 prae-

151 2361 239 2395 bent
260 2361 487 2399 vinciendas;
513 2362 595 2393 hinc
619 2362 675 2394 est
699 2361 850 2393 «cedere

152 2414 187 2444 et
210 2411 311 2444 fateri
336 2420 375 2444 se
399 2411 601 2444 inferiorem
621 2419 735 2443 esse.»
778 2409 848 2442 Cir.

152 2462 293 2493 Lucret.
311 2461 348 2500 2,
376 2460 455 2493 4044
473 2470 479 2492 z
514 2461 604 2492 Dede
625 2468 747 2503 manus
757 2468 769 2498 ;
793 2462 852 2491 aut

150 2511 178 2541 si
191 2511 315 2551 falsum
326 2513 384 2549 esc,
402 2510 575 2550 accingere
587 2513 717 2541 contra.
736 2509 850 2541 Etiam

151 2561 185 2591 in
214 2560 370 2601 pedestri
400 2560 570 2591 oratione.
614 2559 685 2591 Cic.
712 2558 757 2590 ad
781 2559 848 2591 Att.

152 2610 189 2648 ’2,
216 2610 274 2640 ’22;
301 2609 410 2642 aiebat
442 2609 536 2641 illum
555 2608 667 2649 primo
689 2617 768 2640 sane
795 2608 852 2640 diu

1490 869 1564 910 (vv.

905 1028 1013 1061 multa
1034 1031 1171 1069 contra,
1206 1030 1252 1061 aa
1280 1031 1469 1062 extremum
1497 1032 1610 1062 autom

905 1087 1027 1110 manus
1064 1078 1197 1115 dedisse.
1242 1097 1279 1102 —
1316 1087 1384 1111 non
1419 1080 1607 1120 movenda]

907 1136 1005 1159 «non
1038 1126 1214 1160 laedenda
1246 1137 1364 1170 neque
1402 1129 1606 1169 irritanda»,

906 1173 1069 1219 ἀκίνητα
1082 1201 1091 1215 ,
1127 1176 1355 1210 translatione
1389 1177 1435 1210 ab
1468 1179 1510 1211 iis
1541 1178 1608 1211 de—

906 1227 1065 1267 sumpta,
1102 1226 1162 1267 qui
1184 1226 1332 1268 profano
1362 1226 1471 1259 modo
1495 1227 1608 1260 simu-

905 1274 1000 1307 lacra
1024 1275 1172 1308 deorum
1197 1275 1276 1308 loco
1299 1284 1366 1308 suo
1390 1279 1536 1310 movent
1550 1276 1607 1310 vel

906 1325 1013 1357 etiam
1026 1324 1205 1357 deiiciunt.
1226 1324 1353 1366 (Schol.
1362 1323 1448 1358 Plat.
1460 1326 1604 1359 Theaet.

905 1383 984 1417 pag.
1014 1374 1078 1407 900
1104 1373 1150 1414 b,
1179 1373 1240 1407 44;
1277 1369 1338 1407 ὅτι
1353 1371 1425 1432 Ἃμὴ
1451 1374 1513 1408 δεῖ
1538 1370 1606 1419 ἕδη

903 1422 1002 1480 μηδὲ
1022 1420 1183 1466 βωμοὺς
1204 1425 1324 1456 κινεῖν
1344 1419 1373 1467 ἦ
1400 1421 1551 1466 τάφους
1580 1421 1609 1468 ἢ

905 1467 1032 1519 ὅρους.
1024 1473 1049 1515 .)
1067 1489 1104 1496 -
1124 1473 1334 1515 Proserpina
1350 1474 1387 1506 et
1401 1474 1511 1507 Diana
1528 1474 1608 1516 (He-

904 1523 994 1564 cate)
1011 1523 1235 1565 potissimum
1251 1524 1506 1563 memorantur,
1525 1524 1607 1565 quia

904 1573 987 1605 sunt
1014 1572 1159 1604 numina
1187 1571 1386 1605 Inferorum
1417 1581 1460 1604 ac
1483 1581 1607 1614 maga-—

904 1630 1003 1661 rum,
1030 1621 1126 1653 unde
1150 1623 1342 1662 praeerant
1363 1622 1474 1655 sacris
1496 1623 1608 1663 magi-

905 1671 966 1702 cis.
1016 1670 1086 1703 Cfr.
1112 1670 1219 1703 etiam
1242 1671 1282 1703 A.
1301 1672 1338 1703 P.
1356 1670 1432 1704 454.
1457 1688 1494 1694 -
1514 1672 1607 1710 Quo-

905 1719 1012 1752 modo
1034 1719 1181 1752 Bothius
1204 1720 1239 1751 in
1263 1720 1325 1752 Per
1338 1723 1440 1761 atquo
1453 1721 1604 1754 haerere

905 1771 941 1803 et
973 1771 1035 1802 Per
1068 1772 1163 1809 teque
1194 1777 1395 1811 proponere
1429 1771 1602 1811 potuerit,

903 1820 963 1851 vix
985 1818 1198 1860 intelligitur.
1219 1836 1256 1841 —
1273 1819 1477 1860 carminum]
1501 1819 1600 1852 ovid.

903 1869 982 1900 Am.
1001 1869 1040 1908 Ξ,
1068 1868 1105 1907 4,
1131 1867 1191 1900 23:
1218 1867 1380 1900 Carmina
1400 1868 1605 1910 san-quincue

904 1918 1069 1949 deducunt
1090 1925 1219 1948 cornua
1245 1917 1360 1950 Lunae
1380 1917 1425 1950 Et
1444 1922 1603 1951 revocant

902 1967 1014 1999 niveos
1035 1966 1122 1999 Solis
1143 1966 1249 1998 euntis
1270 1975 1380 2006 equos.
1410 1985 1447 1990 —-
1470 1967 1601 2010 Reli-va]

903 2017 990 2049 Sunt
1030 2015 1131 2056 quasi
1163 2014 1252 2047 fixae
1282 2015 1318 2047 in
1356 2014 1455 2047 caelo
1479 2015 1601 2048 stellae

903 2064 999 2106 (Plin.
1019 2065 1059 2096 H.
1078 2065 1118 2096 N.
1137 2065 1175 2102 Ξ,
1201 2064 1238 2096 8:
1276 2064 1413 2104 Sidera,
1438 2074 1525 2105 quae
1546 2065 1603 2107 af—

898 2115 974 2156 fioea
1001 2114 1148 2146 divimus
1172 2114 1307 2146 mundo.
1315 2113 1353 2156 );
1393 2114 1601 2148 devocando

899 2164 1005 2205 igitur
1019 2164 1223 2205 religantur,
1250 2162 1406 2196 efficiunt
1421 2171 1545 2205 sagae,
1562 2166 1601 2197 ut

902 2212 1069 2246 decidant
1099 2212 1144 2244 de
1176 2211 1286 2244 caelo.
1326 2213 1419 2253 Virg.
1445 2214 1533 2250 Aen.
1557 2214 1598 2255 5,

901 2263 983 2295 527:
1019 2262 1110 2294 caelo
1139 2271 1199 2294 ceu
1220 2271 1318 2303 saepo
1338 2264 1449 2305 refioea
1477 2263 1601 2296 Trans—

899 2315 1040 2344 currunt
1073 2312 1263 2352 crinemque
1301 2312 1452 2344 volantia
1489 2312 1601 2345 sidera

902 2362 1036 2394 ducunt.
1073 2362 1295 2394 Deteriorem
1326 2360 1515 2394 lectionem
1543 2363 1602 2395 de-

899 2411 974 2452 fioea
995 2410 1055 2451 qui
1078 2409 1300 2451 praeferunt,
1326 2410 1602 2452 interpretantur

901 2458 956 2491 vel
982 2458 1105 2491 «affixa
1135 2458 1275 2498 caelo.»
1300 2458 1354 2491 vel
1380 2457 1599 2501 «δεδεμένα,

903 2509 1173 2542 incantamentis
1196 2507 1334 2549 ligata.»

946 2559 977 2590 6.
997 2559 1027 2590 7.
1054 2558 1187 2590 vocibus
1201 2557 1346 2599 -sacrisJ
1365 2557 1601 2591 «carminibus
1658 2593 1662 2595 Δ

902 2607 1058 2649 magicis.
1067 2619 1082 2636 »
1095 2626 1130 2630 -
1146 2608 1318 2648 cumque
1324 2610 1415 2640 retro
1422 2607 1519 2649 solve]
1533 2607 1600 2639 «ita
