1722 2904
187 81 268 133 474

354 187 549 238 Quorum
579 185 770 243 plaustra
798 200 931 245 vagas
961 187 1041 230 rite
1071 187 1243 230 trahunt
1261 186 1432 239 domos,

297 267 450 310 Vivunt
479 274 523 310 et
551 267 679 325 rigidi
713 267 869 318 Getae,

696 83 867 116 HORATll
893 82 1119 117 CARMINUM

1576 156 1631 231 v⁴0

351 349 571 392 Immetata
601 348 760 406 quibus
790 349 940 406 iugera
968 348 1127 392 liberas

296 456 459 511 Fruges
489 460 532 497 et
562 454 767 498 Cererem
795 446 937 497 serunt

350 536 438 579 Nec
467 535 635 578 cultura
663 535 806 593 placet
833 534 1001 592 longior
1030 549 1172 578 annua

296 617 641 674 Defunctumque
672 615 893 660 laboribus

272 718 325 750 40.
351 726 458 759 uaqos
480 718 517 749 T.

181 820 217 852 p.
243 810 338 850 408„
381 810 443 843 ubi
468 811 561 843 inter
586 809 652 843 alia
686 819 748 844 eos
778 811 883 844 vocat

182 856 279 903 ἔθνη
303 856 446 903 εὗσεβῆ
470 857 591 900 πάνυ,
619 856 686 901 Ὡς
709 856 800 894 οῦδὲ
828 857 883 902 εἷς

180 905 365 952 ἔμψυχον
380 906 564 953 ἀδικῆσαί
579 910 661 942 ποτ’
675 906 736 942 ἄν.
754 910 880 943 Strabo

181 960 212 991 7.
230 969 265 1001 p.
284 959 360 993 464.
377 961 415 993 C.
442 961 577 1001 Campi,
595 959 700 1002 plana
716 959 772 992 illa
789 959 878 1000 loca,

180 1018 272 1049 quae
307 1018 373 1042 nos
396 1018 566 1042 vocamus
588 1010 749 1050 Steppen3
786 1019 881 1042 cam-

176 1062 302 1099 pestres
342 1068 427 1100 ergo
464 1068 630 1100 «semper
669 1060 704 1092 in
743 1060 879 1102 campis

178 1108 372 1149 degentes,
420 1105 626 1151 νομάδες.»
670 1126 706 1132 -
745 1109 879 1153 melius]

178 1157 275 1190 Iliad.
312 1168 352 1199 ν,
387 1159 420 1190 5.
467 1159 512 1191 de
551 1159 679 1192 iisdem
714 1158 877 1201 populis:

177 1204 334 1251 ἀγαυῶν
352 1204 615 1252 Ἱππημολγῶν
647 1206 880 1250 Γλακτοφά-

181 1268 278 1301 γων,
300 1253 432 1297 Ἀβίων
448 1267 509 1298 τε,
533 1256 786 1291 δικαιοτάτων
809 1255 879 1291 ἀν-

176 1306 354 1355 θρώπων.
387 1326 422 1332 -
452 1309 628 1351 plaustra]
651 1305 877 1352 ἁμαξόβιοι,

177 1354 401 1401 ἁμάξοικοι.
441 1358 608 1400 Aeschyl.
634 1361 751 1392 Prom.
789 1361 875 1393 709·

176 1406 332 1449 Σκύθας
366 1406 396 1439 δ
429 1403 559 1449 ἀφίξει
603 1406 800 1451 νομάδας,
841 1410 880 1442 οἳ

177 1455 338 1499 πλεκτὰς
370 1458 509 1501 στέγας
548 1457 758 1516 Πεδάρσιοι
794 1461 879 1493 ναί-

180 1510 265 1542 ουσ
283 1508 337 1541 ἐπ’
349 1504 581 1550 stimulas-⁰
565 1504 688 1551 όχοις.
706 1511 877 1543 Pindarus

179 1560 213 1591 in
247 1560 300 1591 Fr.
332 1559 487 1591 Boeckh.
521 1559 584 1592 Ed.
616 1561 701 1593 min.
731 1569 767 1602 p.
798 1560 874 1593 244.

179 1609 234 1641 his
258 1606 485 1650 Νομάδεσσι
513 1608 635 1642 tribuit
668 1606 878 1652 αμαξοφό-

178 1668 296 1704 ρητον
313 1655 434 1690 οἶκον.
483 1657 609 1691 Salust.
628 1660 681 1692 Fr.
700 1669 779 1701 pag.
797 1661 874 1693 258.

175 1708 291 1740 Gerl.:
340 1708 483 1748 Scythae
520 1709 709 1750 Nomades,
760 1710 879 1749 quibus

172 1758 331 1797 plaustra
353 1758 442 1789 sedes
464 1760 550 1789 sunt.
609 1758 746 1791 Seneca
769 1760 874 1792 Herc.

177 1807 243 1839 sur.
269 1816 302 1839 V.
321 1807 407 1839 535:
434 1806 604 1839 Hercules
627 1808 770 1840 Intravit
791 1809 878 1849 Scy-

176 1857 263 1888 thiae
296 1856 500 1898 mulcivayas
540 1857 653 1889 domos
685 1858 730 1890 Et
765 1861 877 1899 ,qentes

170 1906 294 1946 patriis
326 1906 456 1938 sedibus
489 1906 646 1946 hospitas.
705 1906 806 1940 Silius
830 1908 850 1940 3
866 1933 874 1947 ,

173 1955 231 1987 294
250 1965 256 1986 :
282 1956 421 1996 Scythis
443 1956 595 1996 miqrare
613 1965 677 1996 per·
698 1965 787 1989 arva
804 1958 878 1989 Mos

173 2008 273 2045 atque
288 2008 438 2037 errantes
453 2005 711 2038 circumvectare
726 2007 872 2039 Penates.

174 2055 273 2087 Coni.
300 2055 434 2087 Grimm
461 2055 573 2087 Gesch.
606 2056 637 2087 d.
665 2057 696 2087 d.
727 2056 876 2096 Sprache

172 2105 197 2135 l.
222 2113 258 2146 p.
284 2104 371 2136 23οῑ
410 2105 494 2136 «Die
524 2113 625 2146 qeqen
650 2106 784 2137 Norden
806 2106 876 2137 and

174 2154 302 2186 Westen
318 2153 577 2196 aufbreehenden
590 2155 733 2194 Skythen
746 2158 876 2188 massen

171 2204 376 2244 stufenweise
391 2204 594 2236 entschieden
611 2205 685 2236 dem
698 2206 875 2237 wandem-

171 2254 233 2285 <len
255 2253 461 2285 Hirtenleben
485 2254 671 2295 zuyefallen
693 2255 786 2292 sein;
825 2255 874 2287 bei

173 2303 331 2335 Griechen
354 2305 422 2335 und
438 2305 597 2343 Ro'mern,
623 2305 676 2336 die
689 2305 751 2336 mit
765 2305 874 2337 diesen

172 2353 395 2385 wandernden
416 2354 557 2393 Scythen
583 2354 743 2386 zunachst
759 2355 794 2386 in
807 2355 872 2386 Be-

171 2402 322 2443 riihrunq
353 2406 482 2442 trater»,
522 2404 682 2436 wurzeltc
708 2404 760 2436 die
789 2404 872 2436 Vor-

170 2452 308 2493 scellany
324 2461 399 2484 vom
414 2453 685 2494 Boyenschiessen
701 2454 770 2485 und
788 2453 872 2486 Wa-

1578 619 1685 662 45Δ

930 811 989 844 hic
1011 820 1082 844 non
1103 810 1281 853 loquitur3
1314 820 1406 854 quae
1430 812 1526 846 enim
1549 821 1631 846 mox

931 861 976 894 de
1000 862 1074 903 agri
1098 861 1235 894 cultura
1249 861 1368 902 affert,
1393 861 1439 895 ad
1454 861 1551 896 solos
1567 864 1632 896 Ge-

929 912 984 944 tas
1006 912 1207 953 pertinent:
1247 919 1375 944 verum
1401 913 1484 944 sunt
1507 912 1628 952 iidem,

930 969 1021 1002 quos
1039 961 1204 1002 profugos
1225 959 1379 1003 appellat
1394 961 1458 995 Od.
1478 962 1510 1003 4,
1524 962 1579 1002 35,
1596 962 1628 994 9.

930 1012 966 1043 et
988 1010 1052 1043 Od.
1077 1009 1117 1050 4,
1144 1009 1203 1050 44,
1227 1009 1282 1043 42.
1310 1029 1346 1035 -
1371 1011 1452 1054 n'te]
1479 1020 1542 1044 «ex
1565 1020 1630 1044 ve-

929 1061 1005 1092 tere
1028 1060 1133 1092 huius
1157 1061 1270 1101 gentis
1293 1068 1430 1094 more.»

973 1110 1008 1142 44
1026 1109 1111 1142 -46,
1147 1109 1262 1151 rigidi]
1287 1109 1488 1152 «simplices
1510 1118 1554 1143 ac
1575 1119 1631 1144 se—

927 1159 1016 1198 veri,
1026 1171 1041 1188 n
1066 1159 1106 1190 ut
1119 1158 1239 1191 Sabini
1251 1159 1355 1201 rigidi
1371 1160 1462 1202 Epp.
1475 1161 1508 1201 2,
1527 1160 1560 1200 4,
1573 1161 1627 1193 25.

927 1208 992 1242 Alii
1015 1209 1133 1241 minus
1155 1209 1254 1241 recte
1270 1209 1316 1241 ad
1335 1208 1489 1251 gelidam
1504 1218 1630 1243 eorum

927 1259 1111 1300 regionem
1130 1258 1300 1291 referunt.
1322 1277 1359 1283 —-
1385 1259 1498 1301 Getae]
1521 1259 1631 1292 Thra·

929 1309 1004 1341 ciae
1039 1307 1213 1350 populus,
1263 1309 1368 1341 Dacis
1403 1308 1629 1351 (quibuscum

929 1358 1088 1399 cognatio
1120 1357 1297 1399 quaedam
1320 1359 1372 1391 eis
1395 1358 1505 1392 fuisse
1526 1358 1630 1391 vide-

926 1408 995 1450 tur)
1033 1408 1140 1440 vicini
1164 1408 1200 1440 et
1221 1406 1313 1440 ultra
1345 1408 1413 1441 hos
1447 1408 1629 1440 Orientem

926 1466 1054 1490 versus
1077 1457 1279 1491 habitantes
1303 1457 1349 1490 ad
1366 1457 1570 1491 Danubium
1593 1458 1629 1490 et

927 1509 1078 1540 Pontum
1093 1508 1280 1540 Euxinum.
1312 1508 1414 1540 Getas
1427 1508 1547 1540 autem
1562 1515 1629 1540 an-

927 1559 1099 1599 tiquiores
1129 1557 1277 1590 eosdem
1310 1566 1458 1600 prorsus
1481 1565 1562 1590 esse
1585 1565 1628 1589 ac

926 1608 1144 1650 posteriores
1189 1608 1352 1640 Gothones
1395 1608 1469 1640 sive
1507 1607 1628 1640 Gothos

926 1658 1100 1699 sagaciter
1129 1657 1378 1699 comprobavit
1397 1658 1467 1690 lac.
1492 1657 1627 1689 Grimm

924 1709 1106 1742 Imnandes
1119 1710 1189 1741 wnd
1200 1709 1253 1741 dio
1260 1709 1371 1741 Geton.
1396 1707 1511 1740 Berlin
1527 1706 1624 1740 4846.

927 1760 1035 1792 etiam
1057 1760 1093 1791 in
1116 1760 1207 1792 Actt.
1227 1757 1490 1798 Acad.Berol.,
1515 1765 1625 1798 quem

925 1808 1084 1841 libellum
1119 1809 1283 1850 excerpsi
1315 1807 1362 1840 ad
1395 1808 1477 1841 Tac.
1504 1808 1623 1840 Germ.

925 1858 979 1891 43.
1021 1857 1091 1890 Cfr.
1117 1858 1282 1890 eiusdem
1305 1857 1490 1890 Gesehichte
1511 1857 1571 1889 der
1589 1857 1622 1888 d.

925 1909 1003 1948 Spr.
1029 1909 1053 1939 Ι.
1073 1915 1108 1948 p.
1129 1907 1192 1939 ⁴76
1208 1915 1288 1948 sqq.
1316 1905 1380 1948 (Ad
1394 1915 1429 1939 v.
1450 1907 1504 1939 44.
1523 1905 1626 1938 affert

925 1958 1022 1990 Grut.
1047 1957 1157 1988 Inscr.
1185 1957 1270 1996 464,
1287 1957 1331 1989 2;
1373 1955 1525 1997 (Narses)
1561 1955 1626 1996 Qui

919 2006 1029 2047 potuit
1066 2006 1233 2047 rigidas
1270 2005 1453 2038 Gothonoen
1489 2004 1626 2037 subdere

923 2054 1072 2096 mentes.)
1111 2073 1147 2078 —
1181 2054 1368 2097 Immetata]
1403 2062 1499 2087 nunc
1520 2048 1625 2095 ἅπαξ

924 2102 1148 2148 λεγόμενον,
1176 2112 1266 2137 «non
1282 2105 1415 2137 metata
1428 2129 1436 2143 ‚
1453 2103 1547 2136 nulla
1563 2103 1626 2136 de-

924 2154 1097 2196 cempeda
1114 2154 1274 2187 dimensa
1297 2155 1334 2186 et
1353 2154 1446 2186 inter
1467 2151 1623 2194 singulos

923 2205 1068 2237 divisa.»
1108 2203 1177 2236 Cfr.
1203 2204 1298 2245 Virg.
1318 2205 1388 2236 Ge.
1416 2204 1453 2243 4,
1479 2203 1555 2236 426.
1582 2220 1620 2226 -

921 2254 1042 2286 liberas
1063 2254 1190 2295 Fruqes
1211 2256 1243 2285 et
1265 2252 1434 2294 Cererem]
1460 2251 1621 2285 «Cereris

923 2303 1040 2344 fruges
1070 2302 1181 2335 libere
1214 2303 1497 2335 maturescentes
1506 2311 1520 2340 3
1550 2309 1623 2333 non

922 2353 1008 2385 certi
1044 2351 1191 2384 alicuius
1226 2352 1376 2391 domini,
1416 2350 1481 2384 sed
1515 2351 1622 2383 totius

921 2401 1039 2444 populi
1063 2410 1306 2434 communes.»
1327 2419 1364 2424 —
1388 2402 1456 2433 Nec
1477 2400 1622 2441 cultura]

922 2452 1054 2484 Caesar
1076 2453 1113 2484 B
1144 2453 1181 2483 G.
1212 2451 1251 2491 4,
1283 2451 1324 2483 4·
1364 2451 1464 2483 Saevi
1491 2453 1622 2482 οεηιιιηι

169 2501 316 2541 yenhaus
331 2502 435 2533 aller
451 2501 593 2542 Skythen
610 2503 690 2534 ein»
690 2504 811 2535 ›Sane
825 2502 870 2534 de
916 2510 1024 2543 pagos
1057 2501 1175 2533 habere
1209 2501 1380 2541 dicuntur,
1429 2509 1473 2533 σω
1505 2499 1622 2540 quibus

170 2550 310 2583 duobus
327 2549 391 2583 illis
413 2551 578 2592 Scythiae
595 2551 752 2594 populis
780 2561 870 2593 quos
921 2551 1100 2592 quotannis
1126 2551 1259 2592 singula
1287 2550 1382 2582 milia
1409 2552 1621 2582 mmaeomm

171 2599 369 2632 Herodotus
399 2600 435 2639 4,
471 2601 522 2633 48.
556 2598 712 2641 Σκύθας
735 2596 872 2647 ἆροτῆ-
922 2601 1064 2633 bellandi
1097 2609 1202 2633 causa
1235 2609 1278 2632 ex
1309 2599 1430 2642 finibus
1466 2599 1618 2631 educunt.

170 2658 238 2692 ρας
274 2651 309 2680 et
338 2647 492 2690 Σκύθας
527 2647 718 2696 γεωργοὺς
753 2652 867 2688 vocat,
921 2650 1071 2690 Reliqui,
1098 2651 1154 2689 qui
1177 2650 1264 2682 domi
1288 2649 1489 2688 manserint,
1514 2657 1548 2681 se
1570 2651 1622 2680 ab·
