1722 2904
166 62 247 104 ΜΟ

675 62 846 94 HORATII
871 60 1096 95 CARMINUM

338 155 588 211 Stirpesque
619 159 762 209 raptas
793 159 834 196 et
863 166 997 209 pecus
1028 158 1070 194 et
1100 150 1253 193 domus

336 234 548 278 Volventis
578 247 664 276 una
694 247 780 276 non
811 233 903 276 sine
934 232 1143 275 montium
1198 265 1204 268 >

391 315 586 359 Clamore
616 314 871 371 vicinaeque
903 313 1055 362 silvae,

450 397 557 440 Cum
589 395 678 438 fera
708 381 890 437 diluvies
921 393 1090 450 quietos

335 502 472 545 Irritat
502 514 662 544 amnes.

1561 393 1614 434 40

725 499 798 543 Ille
830 505 983 556 potens
1014 499 1080 541 sui

334 585 578 640 Laetusque
609 582 757 638 deget,
790 580 859 623 cui
891 579 991 623 licet
1022 579 1064 622 in
1093 578 1209 622 diem

388 664 557 706 Dixisse
588 662 696 706 Vixi:
734 675 831 705 cras
861 660 929 703 vel
960 667 1051 703 atra

446 743 567 787 Nube
597 742 746 800 polum
775 743 901 785 Pater
931 747 1163 798 occupato,

332 850 406 895 Vel
436 849 528 893 sole
558 862 688 906 puro3
719 861 805 890 non
834 853 976 889 tamen
1006 845 1171 889 irritum

251 958 304 991 42.
331 957 418 999 degit
445 966 476 989 c.

163 1046 335 1078 Theocrit.
361 1045 421 1083 22,
441 1043 506 1076 49;
532 1043 664 1089 πέτροι
687 1038 865 1099 ὁλοίτςζο-

162 1105 248 1135 χοι,
296 1089 411 1127 οὕστε
456 1091 642 1126 κυλίνδων
686 1087 865 1137 Χειμάρ-

162 1140 255 1188 ῥους
278 1139 454 1185 ποταμὸς
468 1139 655 1186 μεγάλαις
671 1139 864 1188 περιέξεσε

160 1191 293 1233 δίναις.

203 1243 257 1275 37.
284 1242 337 1274 38.
363 1242 555 1281 stirpesque
568 1240 696 1282 raptas]
721 1240 864 1272 Servius

161 1292 207 1324 ad
230 1293 317 1324 Aen.
345 1291 406 1330 ⁴2,
432 1290 519 1323 208:
563 1291 659 1322 «Imo
687 1290 727 1321 de
749 1289 861 1330 stirpe]

162 1340 243 1373 ideo
277 1349 408 1381 genere
444 1338 641 1372 masculino
673 1347 764 1371 usus
790 1339 861 1378 est,

161 1391 243 1431 quia
266 1389 311 1422 de
335 1388 525 1422 arboribus
548 1388 714 1430 loquitur.
735 1412 738 1417 .
773 1389 863 1420 Nam

161 1440 206 1472 de
231 1438 436 1471 hominibus
459 1446 590 1479 genere
615 1437 783 1470 feminino
807 1437 863 1469 di-

160 1489 294 1527 cimus,
330 1489 371 1519 ut
405 1487 453 1527 (7,
486 1487 576 1527 293.)
622 1487 695 1519 Heu
726 1487 863 1527 stirpem

160 1537 324 1569 invisam!
364 1536 457 1568 Dixit
484 1537 624 1576 tamen,
661 1536 728 1569 sed
756 1544 861 1568 usur-

159 1587 300 1628 pative,
332 1587 496 1619 Horatius
519 1586 625 1618 etiam
649 1586 694 1618 de
722 1585 863 1618 arbori-

160 1635 250 1668 bus:
288 1636 479 1675 Stirpesque
502 1638 657 1676 raptas.»
683 1644 732 1659 ·—
772 1635 861 1677 uma]

161 1685 299 1717 «omnia
333 1685 423 1717 haee
457 1686 550 1717 inter
580 1694 619 1718 se
651 1685 860 1727 permixta.»

160 1735 215 1767 Sic
240 1734 338 1767 ovid.
364 1735 446 1768 Met.
474 1735 510 1772 4,
528 1734 615 1767 ‘2852
656 1735 863 1775 Exspatiata

161 1787 267 1816 ruumt
291 1793 357 1825 per
379 1787 513 1825 apertos
541 1785 685 1826 flumina
706 1793 860 1825 campos,

160 1834 308 1874 Cumque
320 1834 403 1866 satis
425 1833 566 1865 arbusta
587 1834 685 1865 simul
702 1835 864 1874 pecudes-

159 1892 222 1923 que
250 1884 407 1923 virosque
437 1884 598 1922 Tectaque
627 1892 767 1924 cmnque
795 1883 864 1915 suis

157 1933 297 1974 rapiunt
315 1933 503 1973 penetralia
525 1933 642 1964 sacris.

203 1983 258 2015 39.
284 1982 338 2015 40.
366 1982 529 2024 Clamore]
559 1982 717 2023 «fragore
742 1990 784 2014 ae
807 1991 865 2014 so-

158 2033 232 2065 nitu
249 2033 429 2064 immani.»
454 2032 551 2064 Iliad.
570 2042 610 2078 9,
628 2033 712 2064 265:
733 2027 862 2073 ἠϊόνες

157 2078 340 2121 βοόωσιν.
380 2100 416 2105 —-
454 2081 606 2123 diluvies]
642 2083 682 2113 ut
716 2082 859 2122 eluvies,

158 2132 303 2171 illuvies,
334 2131 504 2172 proluvies
537 2132 593 2163 est
622 2131 729 2163 etiam
766 2131 861 2172 apud

160 2182 297 2213 Lucret.
324 2181 363 2220 6,
390 2180 465 2213 290.
493 2181 528 2212 et
552 2180 615 2212 Od.
643 2180 680 2220 4,
701 2179 764 2219 44,
782 2180 858 2218 28.;

159 2230 380 2272 frequentius
403 2230 575 2262 diluvium.

202 2279 255 2312 44.
298 2279 434 2320 Irritat]
475 2278 575 2312 «Illos
613 2279 758 2319 fluvios,
800 2281 861 2321 qui

159 2327 311 2369 alioquin
337 2327 516 2360 exundare
541 2337 611 2360 non
636 2327 767 2367 solent,
802 2329 860 2360 Ti-

159 2378 269 2417 niam,
288 2379 435 2416 Narem,
454 2378 627 2410 Anienem
643 2378 857 2419 reprimens,

159 2426 253 2458 haud
285 2428 401 2460 minus
430 2427 567 2459 saevire
598 2427 724 2468 cogit.»
771 2427 855 2459 Plin.

159 2476 244 2517 Epp.
272 2476 309 2515 8,
337 2478 396 2508 47:
436 2477 558 2508 Tiberis
580 2477 713 2508 alveum
743 2485 859 2509 exces-

158 2525 198 2556 sit
228 2529 259 2557 et
281 2525 523 2558 demissioribus
545 2526 629 2566 ripis
651 2526 718 2558 alte
739 2534 859 2566 super—

157 2574 319 2614 funditur.
348 2593 367 2598 -
381 2593 399 2598 -
414 2575 492 2607 Inde
515 2583 602 2614 quae
624 2576 703 2608 solet
715 2576 858 2618 flumina

159 2624 308 2663 accipere
334 2628 363 2656 et
389 2625 560 2664 permixta
591 2625 744 2657 devehere
771 2625 858 2657 vetut

889 2230 965 2261 ‘111.
992 2237 1027 2270 p.
1054 2228 1135 2262 343:

1560 847 1614 888 45

916 1041 1030 1074 obvius
1062 1045 1153 1074 retro
1186 1041 1274 1084 cogit
1303 1044 1404 1082 atque
1425 1041 1615 1074 ita-alienis

915 1091 1014 1131 aquis
1045 1092 1152 1132 operit
1185 1099 1287 1134 agros
1300 1116 1308 1132 ,
1344 1099 1427 1132 quos
1457 1091 1528 1132 ipse
1547 1099 1615 1124 non

915 1142 1033 1183 tangit.
1062 1159 1098 1164 —
1123 1140 1242 1173 Amnes
1263 1141 1386 1174 autem
1407 1140 1466 1173 hic
1489 1140 1535 1173 de
1550 1141 1615 1173 mi-

915 1190 1062 1223 noribus
1079 1190 1186 1222 etiam
1200 1190 1318 1223 fluviis
1329 1215 1338 1230 ,
1362 1190 1402 1222 ut
1415 1190 1511 1231 Virg.
1524 1190 1611 1222 Aen.

915 1240 952 1279 7,
978 1239 1053 1272 465.
1091 1248 1199 1272 ausus
1233 1240 1289 1272 est
1322 1238 1443 1271 dicere
1476 1238 1534 1271 vel
1567 1239 1613 1272 de

915 1298 1007 1330 aqua
1030 1289 1065 1321 in
1088 1287 1207 1321 lebete
1230 1287 1412 1321 bulliente.
1438 1307 1475 1312 —
1498 1292 1616 1330 potens

913 1338 976 1380 sui]
1004 1335 1191 1385 ἐγκρατὴς
1216 1334 1376 1378 ἑαυτοῦ,
1401 1333 1608 1384 αὐτάρκης.

958 1388 1011 1422 42.
1036 1389 1073 1420 in
1088 1388 1185 1430 diem]
1211 1387 1376 1430 «singulis
1391 1387 1555 1421 diebus.»
1573 1406 1611 1413 -

916 1438 1003 1480 Vixi]
1029 1439 1102 1471 Cic.
1128 1438 1175 1470 ad
1196 1438 1299 1470 Attio.
1318 1438 1379 1478 ⁴2,
1407 1438 1447 1470 2:
1472 1436 1614 1478 βεβίω-

895 1497 986 1528 ,ται.
1033 1488 1174 1520 Terent.
1206 1488 1292 1520 Hec.
1319 1487 1358 1525 3,
1383 1487 1421 1527 5,
1448 1487 1508 1520 ⁴⁴:
1541 1487 1614 1519 Sibi

911 1546 991 1570 vero
1004 1537 1090 1569 hanc
1111 1538 1245 1569 laudem
1262 1536 1478 1577 relinquunt:
1505 1537 1596 1570 Vivit
1598 1561 1612 1578 ,

913 1588 993 1618 dum
1005 1587 1111 1627 vioeit,
1137 1586 1226 1619 bene.
1252 1587 1388 1618 Seneca
1409 1586 1472 1628 Ep.
1491 1586 1551 1618 ⁴2:
1575 1586 1614 1618 In

912 1644 1064 1668 somnum
1093 1636 1176 1668 ituri
1201 1636 1280 1668 laeti
1309 1635 1495 1675 hilarosque
1517 1635 1614 1668 dica-

912 1694 1009 1717 mus:
1047 1686 1123 1718 Vixi
1155 1686 1191 1718 et
1221 1693 1330 1727 quem
1357 1684 1508 1718 dederat
1529 1693 1613 1717 cur-

913 1743 994 1767 sum
1009 1735 1161 1767 Fortuna
1175 1735 1309 1777 peregi.
1348 1734 1446 1776 (Aen.
1463 1733 1485 1767 4
1496 1759 1504 1774 ,
1521 1733 1611 1775 653.)

915 1783 1107 1816 Crastinum
1141 1784 1171 1816 si
1203 1783 1362 1816 adiecerit
1393 1784 1495 1824 deus,
1532 1783 1613 1816 laeti

913 1833 1125 1874 recipiamus.
1171 1833 1230 1865 Ille
1261 1833 1469 1866 beatissimus
1500 1835 1548 1865 est
1581 1835 1614 1865 et

913 1891 1050 1915 securus
1071 1883 1123 1914 sui
1137 1891 1329 1923 possessor,
1354 1882 1413 1923 qui
1425 1882 1612 1914 erastinum

912 1933 982 1964 sine
1003 1932 1221 1964 sollicitudine
1241 1934 1422 1973 umectat.
1458 1932 1613 1972 Quisquis

912 1982 1022 2014 dizit:
1046 1982 1143 2021 Vixi,
1169 1981 1314 2022 quotidie
1328 1981 1520 2013 adlucrwm
1532 1989 1612 2014 sur-

910 2032 970 2072 9it.
999 2050 1015 2054 -
1070 2030 1160 2064 Male
1190 2030 1276 2063 olim
1302 2029 1516 2072 iungebant:
1556 2031 1612 2063 eui

910 2082 985 2113 ticet
1019 2082 1085 2113 “Iu
1114 2081 1228 2113 diem»
1252 2081 1375 2113 dixisse
1403 2080 1530 2112 mixi.»
1571 2081 1610 2113 In

911 2131 997 2163 diem
1028 2130 1141 2175 vivere
1173 2131 1270 2163 esset
1303 2131 1441 2162 temere
1471 2138 1514 2162 ac
1537 2128 1611 2162 for·

910 2180 996 2212 tuito
1019 2180 1128 2212 vitam
1150 2188 1335 2221 peragere.
1384 2179 1486 2212 Hand
1507 2180 1608 2213 Turs.

1176 2228 1374 2262 «Bentleius
1398 2230 1501 2262 acute
1524 2237 1611 2271 per-

910 2279 1024 2321 spexit
1047 2279 1082 2310 in
1105 2278 1160 2311 his
1183 2288 1239 2310 vv.
1265 2277 1407 2320 intelligi
1432 2286 1611 2320 «quocun-

909 2337 979 2369 que
1004 2329 1182 2361 transaeto
1207 2327 1282 2367 die,
1307 2327 1500 2369 quotidie.»

953 2377 1007 2410 44.
1028 2377 1156 2419 polum]
1180 2377 1284 2420 Apud
1298 2378 1424 2419 poetas
1439 2377 1609 2419 frequen-

909 2428 964 2459 ter
997 2435 1062 2468 pro
1086 2426 1205 2466 caelo,
1230 2428 1270 2459 ut
1292 2427 1380 2459 avis.
1421 2445 1457 2450 -—
1497 2426 1607 2469 Pater]

909 2477 972 2508 Od.
1000 2477 1040 2523 ⁴,
1065 2476 1127 2517 34,
1152 2477 1194 2509 5:
1231 2476 1405 2517 Diespiter.
1433 2493 1471 2500 -
1507 2484 1608 2508 oceu-

904 2525 1000 2567 pato]
1025 2526 1148 2558 tertiae
1165 2527 1220 2558 est
1234 2533 1410 2568 personae
1422 2550 1430 2565 ,
1459 2533 1530 2557 non
1546 2533 1608 2558 se-

908 2575 1043 2608 sundae
1071 2585 1136 2618 pro
1165 2583 1313 2616 occupa,
1345 2576 1384 2608 ut
1411 2575 1460 2607 ait
1487 2573 1602 2607 Schol.

909 2626 1041 2666 Cruq.,
1078 2624 1134 2657 vel
1170 2623 1365 2665 occupabis,
1401 2626 1440 2656 ut
1472 2626 1601 2657 Acron.
