1722 2904
549 78 629 112 LlB.
654 77 710 111 111.
757 79 796 111 C.
820 77 936 112 xxm.

1454 76 1539 120 469

378 182 460 224 Aut
487 181 642 225 crescit
670 181 844 225 Albanis
874 181 916 224 in
945 181 1090 225 herbis

429 262 607 306 Victima
634 262 883 320 pontificum
914 275 1091 306 secures

317 367 497 412 Cervice
526 367 674 425 tinget:
705 373 747 411 te
776 366 878 410 nihil
909 367 1056 411 attinet

319 447 498 491 Tentare
528 446 661 490 multa
687 447 822 491 caede
851 446 1088 491 bidentium

375 529 536 571 Parvos
566 534 843 572 coronantem
871 528 1037 571 marino

1488 528 1540 570 ⁴5

429 610 542 652 Rore
572 607 679 652 deos
709 607 933 666 fragilique
963 614 1115 667 myrto.

319 712 524 756 Immunis
555 726 673 756 aram
703 713 739 756 si
770 713 904 770 tetigit
932 726 1108 763 manus,

182 821 234 854 42.
260 820 401 853 securim
424 821 534 863 Syme
559 820 595 852 et
616 828 671 862 pr.
696 830 735 859 v,
761 821 846 852 item
868 819 1024 853 Pottierii
1047 818 1085 860 4,
1113 818 1170 858 43,
1203 819 1270 859 47.,
1301 819 1491 854 Bentleius.

139 871 190 911 (nt
212 878 296 910 nos,
322 869 394 909 Tc.)
422 886 458 892 —
485 869 536 902 43.
564 869 690 911 tinguet
711 870 749 902 T.

93 962 306 996 efficiebant.
338 963 432 1004 virg.
463 963 523 994 Ge.
548 962 586 1001 2,
612 961 686 994 ⁴46.
712 970 792 994 me-

93 1013 210 1045 morat
230 1012 392 1044 victimas
416 1011 461 1043 ad
484 1009 699 1043 Clitumnum
726 1019 791 1052 pa—

92 1061 184 1101 stas,
215 1060 313 1093 ovid.
338 1061 429 1093 Fast.
458 1060 494 1100 l,
517 1059 571 1092 84.
598 1068 676 1100 eas,
702 1061 793 1101 Quas

93 1109 179 1142 aluit
205 1110 333 1150 cummis
359 1109 460 1142 herba
487 1109 619 1141 Falisca
644 1110 723 1142 suis.
752 1128 788 1132 -—

92 1158 239 1200 Devota]
276 1159 443 1191 «iamiam
477 1159 546 1191 aris
581 1157 789 1191 destinata.»

95 1225 135 1232 —
154 1208 350 1250 pontificum
364 1208 505 1250 secures]
534 1207 571 1239 id
600 1209 671 1247 est,
697 1208 790 1240 hanc

92 1256 149 1290 vel
183 1256 278 1290 illam
310 1257 468 1296 securim,
504 1256 599 1289 unde
630 1258 705 1289 orta
736 1259 790 1290 est

92 1306 184 1339 haec
212 1307 288 1348 ipsa
313 1314 508 1348 paucorum
532 1306 642 1338 Codd.
661 1305 787 1345 lecti03

93 1355 160 1388 sed
197 1356 340 1388 Horatio
377 1355 443 1397 ipsi
478 1355 536 1386 vix
574 1354 791 1397 placuissent

92 1405 358 1438 terminationes
394 1413 468 1444 um,
508 1404 565 1436 im.
602 1405 789 1438 Pontifices

91 1455 213 1487 autem
233 1462 408 1496 poparum
432 1453 477 1486 ad
508 1454 576 1486 hoc
599 1454 790 1487 utebantur

93 1504 300 1536 ministerio.

136 1552 189 1585 43.
216 1552 268 1585 44.
288 1552 430 1594 cervice]
450 1554 638 1594 «sanguine
654 1562 696 1586 ex
714 1562 790 1586 cer-

91 1601 169 1634 vice
192 1599 417 1634 ebulliente.»
442 1602 534 1643 Virg.
559 1603 619 1634 Ge.
641 1602 678 1642 3,
704 1602 786 1635 492:

90 1649 137 1682 Ac
157 1650 219 1682 viv
239 1651 400 1690 suppositi
427 1651 602 1692 tinguntur
628 1652 789 1692 sanquine

91 1699 202 1732 cultri.
229 1717 266 1722 —
292 1703 323 1732 te
344 1700 427 1732 nihil
451 1700 583 1742 attinet]
617 1701 787 1732 «minime

95 1757 186 1791 opus
203 1751 269 1789 est,
284 1745 395 1782 οὐδὲν
411 1746 632 1796 προσήκει.»
653 1766 689 1772 -
711 1750 790 1781 Ten-

94 1799 179 1840 tare]
203 1800 242 1831 ut
257 1798 338 1831 alibi
352 1800 509 1840 satiyare,
529 1799 686 1831 lacessere
702 1800 787 1831 deos,

93 1848 166 1890 (Od.
194 1849 231 1888 2,
265 1849 324 1888 48,
358 1849 424 1889 42.)
464 1848 624 1888 «Nihil»,
662 1849 785 1889 inquit,

93 1906 203 1939 «opus
228 1898 301 1937 cst,
326 1899 364 1930 ut
388 1897 506 1930 multis
528 1899 681 1931 victimis
704 1898 790 1930 deo-

91 1955 171 1979 rum
200 1955 325 1988 pacem
357 1956 400 1980 ac
435 1948 592 1980 favorem
614 1947 677 1979 tibi
701 1957 789 1980 con-

92 1995 209 2029 ciliare
232 1997 394 2037 studeas,
427 1997 638 2037 dummodo,
670 2000 710 2030 ut
735 1998 788 2031 fa-

92 2045 160 2085 cis,
179 2054 307 2087 parvos
323 2048 401 2079 tuos
416 2048 525 2080 Lares
541 2056 691 2080 corones
706 2056 786 2080 rore

90 2095 245 2134 marino,
269 2095 393 2128 frutice
417 2096 510 2128 bene
533 2096 685 2129 olente.»
717 2098 789 2129 Du-

90 2142 172 2185 plex
204 2146 324 2177 autem
356 2146 392 2177 et
418 2145 594 2187 implicata
623 2147 677 2179 est
699 2155 788 2179 con-

91 2194 236 2225 structio
263 2197 390 2227 tentare
415 2195 491 2226 deos
514 2196 549 2227 et
574 2199 788 2227 coronantem

91 2243 177 2274 deos.
198 2261 234 2266 -
252 2243 440 2285 bidentium]
465 2245 499 2275 in
515 2253 680 2276 sermone
697 2253 788 2286 pon-

90 2291 224 2324 tificum
253 2294 289 2324 et
315 2292 409 2334 apud
436 2295 560 2334 poetas
592 2302 702 2326 «oves
730 2293 788 2325 bi-

91 2349 206 2373 mae.»
232 2342 372 2374 Festus:
411 2342 607 2374 «Ambidens
633 2343 706 2374 sive
730 2342 787 2374 bi-

91 2389 180 2422 dens
203 2390 277 2422 ovis
297 2390 550 2432 appellabatur,
576 2400 666 2432 quae
684 2399 789 2432 supe-

90 2438 242 2472 rioribus
271 2440 307 2471 et
335 2439 559 2472 inferioribus
591 2441 645 2473 est
671 2440 787 2472 denti-

91 2486 194 2520 bus.»
220 2488 288 2520 Cfr.
315 2487 398 2520 Gell.
427 2489 485 2528 46,
510 2489 540 2520 6.

134 2537 188 2569 45.
209 2537 260 2569 46.
285 2538 411 2569 Parvos
425 2541 663 2570 coronantem—
675 2539 785 2581 -deos]

92 2585 190 2617 Ovid.
226 2587 320 2619 Fast.
360 2587 400 2626 5,
432 2587 506 2619 430.
555 2587 600 2620 de
639 2588 786 2621 Laribus

91 2634 320 2675 praestitibus
336 2644 342 2666 :
368 2634 531 2678 siynaque‘
543 2645 657 2678 parva
675 2637 783 2670 dem.

841 962 962 995 Iuven.
987 962 1027 1002 9,
1062 960 1141 994 ⁴37:
1180 961 1207 994 0
1236 963 1338 1002 parvi
1369 963 1539 1004 nostr-imae

840 1011 958 1051 Lares,
991 1019 1073 1051 quos
1093 1011 1189 1043 thure
1209 1011 1337 1044 minuto
1359 1011 1424 1045 Aut
1444 1013 1540 1055 farre

840 1062 871 1092 et
893 1061 982 1092 tenui
1002 1060 1087 1092 soleo
1108 1069 1254 1093 exorare
1274 1069 1412 1094 corona.
1451 1062 1538 1095 cato

839 1110 878 1141 R.
909 1110 947 1142 R.
974 1108 1053 1142 ⁴43:
1078 1108 1198 1141 villica
1212 1109 1388 1150 Kalendis,
1415 1110 1537 1151 Idibus,
1580 1150 1584 1153 χ

839 1159 960 1198 Nonis,
990 1158 1091 1200 festus
1118 1159 1186 1191 dies
1214 1168 1290 1191 oum
1318 1160 1400 1199 erit,
1440 1169 1539 1192 coro-

838 1216 919 1240 nam
940 1209 975 1239 in
996 1207 1108 1249 foetam
1130 1208 1242 1247 imum
1261 1217 1326 1249 per
1344 1209 1540 1252 ,eosquue

839 1258 907 1290 dies
938 1258 1021 1290 Lari
1047 1257 1213 1299 familiari
1238 1267 1304 1298 pro
1332 1259 1431 1298 copia
1457 1268 1539 1300 sup—

832 1306 943 1347 plicet.
988 1307 1052 1339 Hic
1079 1307 1207 1339 eadem
1231 1307 1312 1339 facit
1345 1309 1444 1349 virgo
1479 1318 1538 1341 ru-

839 1357 924 1388 stica
955 1357 1118 1397 ingenua.
1156 1356 1205 1397 (ln
1229 1356 1433 1390 Felicissimi
1460 1359 1538 1400 epi-

838 1406 958 1448 taphio
987 1414 1102 1447 nuper
1131 1408 1276 1447 reperto
1302 1407 1453 1447 (Rouard
1478 1409 1537 1440 In-

837 1456 1012 1496 scm'ptions
1042 1464 1082 1487 en
1108 1464 1184 1487 vers
1210 1456 1256 1487 du
1283 1458 1393 1488 muse'e
1421 1457 1532 1490 d'Atx.

837 1505 901 1537 Aix
918 1505 1014 1537 4839.
1032 1514 1068 1546 p.
1087 1505 1163 1546 46ῑ)
1188 1514 1294 1537 cornes
1315 1506 1365 1537 his
1384 1507 1435 1547 fui
1449 1524 1465 1530 -
1479 1508 1536 1548 qui

836 1571 852 1577 -
866 1557 1012 1594 tempore
1037 1554 1126 1586 veris
1147 1554 1298 1586 Floribus
1318 1555 1455 1588 intextis
1478 1566 1536 1589 re-

835 1603 946 1644 fovent
958 1603 1140 1635 simulacra
1156 1603 1321 1646 deorum.)
1343 1623 1381 1627 —
1404 1605 1534 1648 fragili]

837 1661 909 1684 non
940 1651 1112 1692 «flexili»,
1153 1653 1219 1685 sed
1254 1654 1383 1686 «cuius
1409 1654 1535 1687 ramuli

838 1701 937 1734 facile
955 1701 1194 1743 franguntur»,
1211 1703 1322 1742 spriid.
1349 1703 1447 1735 Cons.
1461 1704 1535 1736 Eu-

837 1752 902 1792 rip.
939 1750 988 1783 El.
1012 1751 1092 1783 778:
1117 1752 1284 1798 τερείνης
1305 1754 1495 1798 μυρσίνης
1516 1771 1536 1777 -

838 1797 1018 1841 πλόκους.

882 1851 935 1881 47.
960 1850 1119 1882 Immum‘s
1141 1851 1195 1883 est
1226 1849 1316 1883 liber
1339 1860 1360 1883 a
1381 1860 1533 1893 munere,

838 1899 970 1931 tributo
1004 1900 1091 1931 cet:
1132 1900 1192 1940 qui
1227 1900 1311 1932 nihil
1349 1902 1534 1942 praestare

838 1948 958 1981 debet.
1007 1949 1047 1980 H.
1079 1947 1102 1980 l.
1138 1949 1295 1981 immunis
1326 1958 1447 1982 manus
1478 1951 1534 1983 est

838 1998 913 2030 eius
926 2023 933 2037 ,
959 1998 1019 2040 qui
1035 1997 1228 2038 sacrificat,
1253 2007 1325 2031 non
1341 1999 1422 2031 ideo
1438 2000 1535 2040 quod

838 2056 968 2079 noxam
1016 2047 1171 2089 aliquam
1220 2049 1362 2090 expiare
1405 2048 1536 2082 debeat

838 2097 1061 2137 deorumque
1115 2097 1204 2128 iram
1254 2096 1396 2138 placare
1410 2123 1418 2137 ,
1469 2099 1536 2131 sed

838 2146 920 2187 quia
944 2147 1043 2186 grato
1067 2146 1198 2187 pioque
1230 2147 1351 2178 animo
1382 2146 1534 2179 deorum

837 2195 1062 2228 maiestatem
1086 2196 1299 2235 veneratur,
1324 2194 1400 2236 vel,
1436 2196 1475 2227 ut
1497 2196 1532 2228 h.

837 2243 859 2276 l.
895 2244 1083 2285 significari
1129 2244 1287 2285 videtur,
1338 2245 1534 2277 immeritas

838 2292 1055 2325 calamitates
1079 2302 1099 2324 a
1123 2301 1162 2325 se
1186 2293 1332 2334 suisque
1348 2293 1534 2335 deprecari

838 2344 997 2374 conatur.
1025 2342 1079 2374 Ad
1102 2341 1199 2374 idem
1222 2350 1308 2382 ergo
1330 2342 1424 2374 redit
1447 2351 1490 2374 ac
1505 2344 1535 2375 si

838 2392 984 2424 dixisset
1005 2391 1135 2423 sceleris
1150 2399 1261 2431 pura,
1285 2387 1398 2434 ἁγνή.
1431 2392 1532 2426 ovid.

838 2442 920 2473 Her.
940 2440 997 2479 ⁴4,
1024 2440 1063 2472 8:
1088 2441 1164 2472 Non
1174 2441 1266 2482 piyet
1280 2441 1442 2473 immunes
1454 2449 1534 2474 cao-

838 2490 888 2521 dis
909 2489 1029 2522 habere
1048 2497 1179 2521 manus.
1220 2489 1307 2522 Vell.
1330 2490 1370 2529 2,
1395 2490 1433 2521 7:
1468 2491 1534 2523 im-

836 2539 947 2571 munis
974 2539 1168 2571 delictorum
1192 2542 1424 2579 paternorum.
1472 2540 1534 2572 Ni-

838 2588 967 2620 mirum
998 2589 1038 2620 ut
1070 2586 1151 2620 talia
1181 2587 1355 2621 vocabula
1385 2586 1534 2621 relativa

839 2637 1017 2671 interdum
1031 2638 1213 2680 ponuntur
1228 2637 1361 2671 omisso
1374 2635 1426 2681 τῷ
1438 2634 1535 2684 πρὸς
