1722 2904
191 52 276 94 676

744 55 916 89 HORATII
939 55 1112 89 EPODON

474 158 598 203 Dulci
629 173 788 217 sopore
818 159 1075 218 languidae,

418 241 597 292 Senem,
630 240 751 299 quod
782 254 932 284 omnes
963 240 1152 293 rideant,
1186 241 1429 286 adulterum

472 322 646 366 Latrent
676 321 930 366 Suburanae
962 336 1093 366 canes

417 402 560 447 Nardo
591 409 869 460 perunctum,
903 402 1032 461 quale
1064 417 1150 447 non
1179 404 1414 462 perfectius

471 484 593 527 Meae
624 483 860 527 laborarint
888 498 1055 528 manus.
1091 510 1148 517 --

1589 488 1643 529 60

397 562 530 617 =Quid
561 563 751 608 accidit?
791 564 878 608 Cur
906 564 1001 608 dira
1029 564 1242 610 barbarae
1273 567 1414 610 minus

472 647 646 689 Venena
676 644 856 689 Medeae
886 644 1067 689 valent?

274 779 357 811 Post
385 788 417 811 v.
445 778 499 810 57.
527 777 648 810 deficit
679 777 801 810 Codex
825 777 849 810 d
871 786 986 819 usque
1018 777 1065 811 ad
1091 779 1203 821 Epod.
1227 780 1266 819 8,
1291 780 1324 812 2.
1345 767 1401 804 ¹—
1438 781 1493 813 59.
1518 782 1595 824 non]

231 837 289 861 nec
313 829 349 860 L.
378 846 414 851 —
441 827 494 860 60.
522 827 710 860 laborarint
732 827 818 867 bSc,
848 827 970 861 Bland.
996 829 1181 874 antiquiss.
1199 855 1207 870 ,
1239 829 1376 871 Bentl.,
1406 831 1466 864 FJ:
1501 831 1598 864 labo-

231 881 355 910 rarunt
377 877 536 917 B,LCtM.

184 996 299 1028 bonas
323 995 433 1028 habet
455 995 685 1028 auctoritates
715 997 751 1028 et
780 1004 889 1038 prae·

184 1047 297 1080 fertur
319 1055 339 1078 a
362 1045 607 1086 Bernhardyo.

228 1096 282 1128 57.
307 1095 362 1127 58.
397 1096 504 1128 Totus
531 1094 633 1128 locus
657 1104 740 1128 cum
761 1096 886 1129 Bothio

184 1145 235 1178 sic
251 1144 498 1186 explicandus:
519 1145 713 1187 «Principio
724 1145 885 1178 venefica

183 1195 298 1237 optat,
315 1194 354 1226 ut
369 1202 494 1226 senem
510 1195 617 1227 noctu
631 1196 886 1237 properantem

182 1245 229 1277 ad
245 1245 398 1276 amicam
421 1243 577 1285 aliquam
593 1244 817 1277 Suburanam
832 1244 886 1277 al-

179 1295 310 1327 latrent
328 1293 624 1335 ahsterreantque
642 1303 662 1326 a
679 1294 812 1328 foribus
829 1303 887 1327 ca-

180 1353 246 1377 nes
285 1344 361 1376 eius
398 1343 487 1383 vici,
528 1352 599 1385 quo
638 1343 730 1377 facto
765 1343 808 1376 ad
844 1353 883 1377 se

179 1394 297 1436 ipsam
330 1392 531 1425 rediturum
561 1401 644 1425 eum
673 1394 794 1435 sperat
820 1402 885 1426 cu-

179 1443 300 1486 pidine
324 1442 527 1483 abreptum.
576 1442 646 1475 Sed
675 1444 796 1476 tacent
822 1452 884 1475 ca-

180 1501 256 1525 nes.
304 1491 356 1524 Ibi
381 1491 509 1524 mulier
530 1501 564 1524 v.
592 1493 650 1524 64:
687 1493 798 1532 «Quid
821 1502 884 1525 ac-

179 1542 288 1575 cidit‘?
323 1550 388 1574 cur
409 1550 481 1575 non
503 1542 602 1574 venit
623 1542 756 1582 Varus3
791 1551 884 1584 quo-

177 1591 287 1624 modo
333 1591 404 1623 mei
449 1599 520 1623 non
561 1592 740 1631 meminit,
789 1601 881 1634 quae

179 1640 295 1673 cubile
326 1641 402 1672 eius
431 1648 474 1672 eo
510 1640 773 1674 medicamento
803 1650 883 1674 ma-

177 1691 256 1733 gico
289 1689 471 1729 unxerim,
514 1690 612 1731 quod
649 1691 882 1724 meretricum

178 1740 357 1779 omnium,
395 1739 568 1781 quotquot
595 1741 694 1780 sunt,
732 1739 884 1773 oblivio-

178 1798 263 1822 nem
297 1788 469 1821 inducere
503 1788 707 1821 videretur?
744 1790 883 1822 Dormit

176 1841 315 1878 tamen,
353 1847 426 1871 non
449 1838 577 1879 surgit,
614 1847 731 1880 neque
764 1839 882 1871 Subu-

175 1897 255 1921 ram
288 1897 356 1921 nec
388 1896 447 1920 me
483 1888 611 1929 petit.»
663 1888 760 1921 Haec
794 1888 882 1921 dum

177 1938 278 1978 dicit,
315 1938 514 1980 propinqua
543 1937 659 1979 aliqua
683 1938 807 1978 domo,
842 1939 883 1971 ut

178 1989 356 2022 coniicere
382 1987 484 2027 licet,
521 1989 714 2020 exeuntem
738 1988 882 2030 conspi-

177 2038 225 2071 cit
259 2045 385 2070 senem
412 2038 448 2069 et
476 2037 522 2069 ad
552 2039 670 2070 scorta
694 2046 733 2070 se
758 2037 883 2074 confe-

174 2088 318 2120 rentem
341 2095 428 2119 cane
452 2086 602 2119 latrante
622 2085 729 2119 nullo.
779 2087 880 2126 Quod

176 2137 335 2170 sentiens
355 2135 530 2169 exclamat
545 2146 579 2168 v.
594 2136 648 2168 7⁴.
665 2136 732 2177 Ah,
749 2137 794 2169 ah
810 2137 878 2169 cet.

178 2186 367 2225 «Video»,
401 2186 514 2227 inquit
547 2194 671 2227 maga,
715 2186 776 2219 «vi
799 2195 880 2218 mea

176 2235 312 2269 solutus
328 2235 420 2276 abit,
446 2245 555 2277 quam
571 2236 707 2268 irritam
723 2245 788 2269 suo
805 2245 882 2268 car-

176 2286 272 2318 mine
299 2285 454 2318 reddidit
476 2285 543 2318 alia
569 2285 746 2327 quaedam
766 2286 882 2318 scien-

176 2336 245 2369 tior
267 2345 326 2368 me
346 2336 519 2368 venefica.
545 2335 701 2368 Festinat
723 2334 768 2367 ad
784 2343 881 2368 amo-

176 2394 247 2418 res.
296 2386 366 2418 Sed
390 2385 436 2418 ad
459 2394 518 2417 me
546 2393 731 2424 recurres,
763 2385 877 2423 Vare;

174 2434 334 2468 insolitas
357 2444 475 2476 neque
498 2434 694 2467 vincendas
715 2435 878 2476 potiones

176 2484 327 2526 parabo,
355 2484 485 2526 quibus
508 2482 604 2516 totus'
620 2492 743 2516 amore
759 2484 879 2516 incen-

176 2534 272 2567 deris
295 2536 488 2575 menteque
519 2533 757 2579 alienabere.»
796 2533 878 2575 (Re-

175 2583 253 2624 gelii
282 2585 612 2626 interpretationem
635 2583 716 2616 vide
742 2583 777 2615 in
808 2583 878 2615 Ex-

177 2641 283 2665 cursu
313 2634 350 2673 1.)
387 2652 423 2656 -
458 2631 806 2674 Senem-—Latrenl]
838 2633 879 2664 ut

937 997 1025 1039 Epp.
1053 997 1090 1037 l,
1115 997 1153 1038 2,
1179 997 1242 1030 65:
1272 998 1641 1040 venaticus-wellen

936 1046 1105 1078 latravit—
1118 1047 1288 1079 -caculus.
1309 1046 1419 1080 Plaut.
1438 1047 1582 1082 Poenul.
1600 1049 1637 1089 5,

936 1094 974 1137 4,
993 1095 1053 1128 64:
1077 1096 1192 1128 Etiam
1205 1105 1258 1129 me
1271 1105 1364 1130 meae
1383 1097 1514 1130 latrant
1527 1107 1637 1131 canos.

939 1163 974 1169 -
1001 1144 1214 1188 Suburanae]
1244 1145 1383 1179 Subura
1411 1147 1511 1181 vicus
1538 1147 1638 1181 urbis

935 1195 1086 1235 Romae,
1112 1194 1174 1227 ubi
1198 1195 1407 1228 habitabant
1428 1196 1635 1238 prostibula.

935 1245 1033 1277 Pers.
1059 1245 1130 1277 Sat.
1155 1245 1194 1285 5,
1231 1245 1286 1277 32.
1327 1245 1474 1279 Martial.
1499 1246 1537 1287 6,
1574 1247 1635 1279 66:

933 1294 1060 1326 Famae
1081 1303 1149 1326 non
1170 1294 1312 1327 nimium
1333 1294 1439 1327 bonae
1457 1296 1632 1337 puellam,

936 1344 1057 1384 Quales
1077 1344 1113 1376 in
1134 1344 1246 1376 media
1268 1345 1380 1377 sedent
1405 1344 1541 1378 Subura
1563 1347 1632 1379 cet.
1675 1385 1678 1392 Ι

937 1411 973 1415 -
990 1393 1123 1425 Veram
1146 1394 1361 1436 scripturam
1384 1395 1519 1428 Subura
1532 1404 1638 1438 prae-

932 1441 1020 1474 bent
1045 1443 1240 1484 Inscriptt.;
1265 1442 1368 1485 volgo
1401 1444 1572 1486 Saburra,
1597 1446 1638 1478 nt
1674 1443 1675 1446 ’

932 1501 972 1524 re
994 1501 1082 1524 vera
1105 1494 1161 1525 est
1182 1493 1218 1525 in
1241 1493 1336 1526 Sexti
1357 1494 1434 1527 Rufi
1454 1495 1631 1537 Descript.

931 1541 1031 1574 urbis
1066 1543 1197 1574 Romae
1231 1542 1328 1584 apud
1362 1544 1495 1576 canina
1516 1545 1636 1578 *Roma

933 1592 1047 1624 antica
1074 1601 1107 1633 p.
1132 1591 1186 1624 34.
1227 1592 1312 1625 Erat
1344 1594 1465 1626 autem
1498 1594 1565 1627 sita
1598 1595 1634 1628 iu

932 1640 1034 1674 Urbis
1057 1641 1244 1682 regionum
1273 1642 1399 1675 tertiae
1422 1644 1459 1675 et
1486 1644 1635 1685 quartae

933 1690 1097 1723 confinio.
1139 1690 1228 1723 Ibid.
1253 1701 1289 1733 p.
1315 1692 1369 1725 77.

977 1740 1031 1772 59.
1057 1740 1110 1772 60.
1135 1740 1309 1781 NardoJ«
1293 1743 1494 1783 «unguento
1510 1742 1637 1775 nardi*

933 1797 998 1829 no,
1061 1788 1106 1821 de
1135 1790 1235 1822 cuius
1261 1790 1409 1823 mistura
1439 1791 1512 1824 vid.
1545 1791 1630 1825 Plin.

933 1839 974 1870 H.
993 1839 1033 1870 N.
1054 1838 1106 1878 ⁴3,
1127 1839 1158 1870 l.
1191 1855 1228 1861 —
1259 1840 1470 1882 perunctum]
1494 1841 1534 1873 ut
1559 1842 1635 1873 Sta-

931 1886 1002 1920 lino
1019 1888 1178 1930 comicus
1194 1897 1305 1921 senex
1327 1890 1363 1922 in
1383 1889 1494 1922 Plauti
1511 1890 1629 1923 casin.

931 1938 973 1977 2,
1010 1936 1047 1976 3,
1084 1937 1118 1969 9:
1153 1941 1334 1978 postquam
1354 1937 1442 1972 ἀιηο
1475 1939 1634 1973 casinam

930 1987 1040 2028 magis
1060 1986 1155 2019 initio
1169 1988 1342 2020 munditiis
1354 1989 1557 2022 Mantiniam
1571 1999 1633 2022 an-

930 2037 1015 2069 tideo
1021 2044 1034 2075 ,·
1049 2037 1245 2077 Myropolas
1259 2046 1371 2070 omnes
1383 2038 1521 2071 sollicito
1528 2047 1541 2078 ;
1554 2037 1632 2071 ubl-
1660 2057 1662 2059 -

929 2094 1059 2126 cunque
1079 2090 1283 2127 unquentum
1306 2090 1354 2119 est
1373 2088 1534 2128 lepidum,
1563 2097 1632 2120 un-

929 2144 1011 2176 qor,
1047 2136 1086 2167 Ut
1106 2136 1156 2168 illi
1182 2137 1351 2176 placeam.
1380 2155 1417 2160 ——
1443 2138 1542 2178 quale
1562 2146 1630 2170 non

923 2184 1114 2227 perfectius]
1130 2185 1266 2218 Eadem
1277 2187 1539 2219 constructione
1555 2187 1627 2219 Sat.

931 2235 970 2274 l,
1006 2235 1045 2274 5,
1083 2234 1144 2267 44:
1187 2236 1340 2276 animae,
1381 2236 1495 2275 quales
1525 2244 1632 2277 neque

929 2284 1138 2317 candidiores
1162 2285 1265 2317 Terra
1287 2286 1363 2318 tulit
1383 2285 1451 2318 cet.
1480 2304 1517 2310 —-
1535 2284 1631 2318 labo-

928 2333 1057 2376 rarint]
1092 2343 1206 2376 «quo,
1232 2335 1261 2368 si
1283 2333 1340 2368 vel
1363 2335 1518 2367 maxime
1552 2333 1630 2367 vel-

929 2383 1017 2424 lem,
1055 2383 1234 2417 odoratius
1258 2385 1294 2417 et
1328 2384 1506 2417 efficacius
1533 2383 1630 2417 aliud

928 2442 1143 2476 praeparare
1188 2441 1258 2466 non
1295 2442 1476 2475 possem.»
1532 2434 1630 2466 Haec

928 2482 1032 2515 lectio
1062 2482 1296 2525 praeferenda
1318 2482 1508 2515 videbatur
1529 2481 1630 2515 alteri

927 2532 1144 2565 laborarunt:
1184 2531 1401 2574 «perfectius
1435 2530 1602 2564 omnibus
1616 2556 1626 2572 ,

929 2591 1020 2623 quae
1044 2590 1201 2623 unquam
1224 2582 1470 2624 praeparavi.»
1498 2597 1535 2616 1-
1562 2582 1628 2614 Ca-

928 2631 1022 2664 nidia
1051 2631 1190 2664 deridet
1219 2640 1343 2664 senem
1365 2639 1496 2664 vanum
1519 2631 1626 2672 atque
1651 2645 1655 2648 ·
