1722 2904
561 51 640 84 Lm.
664 51 720 84 111.
767 50 806 84 C.
832 51 934 84 xvn.

1438 51 1521 93 445

247 155 468 211 Compone
497 153 677 212 liguum:
708 167 806 198 cras
836 153 1019 197 Genium
1048 167 1169 197 mero

299 234 481 279 Curabis
511 241 553 278 et
582 247 716 292 porco
744 233 938 278 bimestri

1466 236 1519 278 ⁴5

356 315 463 359 Cum
492 314 658 358 famulis
688 328 872 373 operum
901 314 1065 382 solutis.

159 423 213 456 ⁴5.
232 431 341 464 pom
362 422 405 461 d,
430 424 470 454 ut
491 421 601 454 edidit
622 421 912 463 cuninghamius.
939 403 1173 455 -Ἶῆιιιωειή
1194 421 1356 455 Bbsrcd.

70 515 470 558 Iomanem-iatam,
490 513 769 556 ubiegoetflal-

72 565 165 598 mins
189 564 287 609 lom.)
309 581 347 595 .—
368 565 518 606 Propter
542 564 612 597 boc
636 565 764 606 ipsum,

72 614 170 656 quod
202 613 322 648 famuli
351 613 523 656 operibus
551 614 656 647 vacui
686 622 767 647 esse

72 663 244 703 debeant,
282 664 427 706 poetam
464 672 534 696 non
572 663 619 696 de
652 662 767 705 epulis

70 713 271 753 dumtaxat,
295 712 362 746 scd
383 711 429 745 de
453 721 557 746 sacro
572 711 688 754 aliquo
704 711 768 745 do-

70 762 220 796 mestico
256 763 399 804 praeter
434 761 638 794 natalicium
670 761 766 804 ioqui

70 811 296 857 manifestum
314 812 380 844 est.
405 811 497 845 Dicit
510 811 657 853 quidem
671 812 764 844 lani:

71 859 216 894 «solutis
244 861 390 903 propter
418 859 645 902 procellam.»
690 859 767 893 Noli

70 909 238 943 credere:
262 911 347 942 tuuc
369 910 466 942 euim
479 910 574 943 servi
596 908 766 952 operibus

70 958 275 992 domesticis
296 958 575 1001 occupabantur.
601 960 664 1001 (De
681 968 768 1002 epu-

70 1007 114 1041 lis
145 1006 203 1041 die
234 1007 391 1051 profesto
417 1008 630 1051 apparandis
659 1016 767 1042 acce-

69 1066 157 1100 pere
177 1057 409 1092 casaubonus
431 1058 478 1091 ad
501 1059 598 1092 Pers.
614 1058 654 1097 2,
680 1057 712 1091 3.
730 1059 766 1091 et

815 514 972 548 Bosscha
994 523 1029 556 p.
1056 515 1147 553 ⁴⁴2„
1172 523 1298 548 verum
1318 515 1364 547 de
1387 514 1515 548 talibus

816 573 861 596 ex
883 571 965 597 meo
991 563 1138 605 quidem
1163 572 1272 597 sensu
1292 564 1516 607 puudissima

815 612 940 646 ruisset
970 614 1070 655 porci
1098 612 1280 646 bimestris
1313 615 1515 656 apponendi

816 662 974 704 mentio.)
1016 662 1182 696 anthane
1217 671 1256 696 se
1290 663 1396 696 simul
1426 673 1516 697 con-

814 711 934 745 vivam
944 711 1086 744 Lamiae
1102 711 1232 745 offerre
1245 713 1441 752 Horatium,
1458 723 1517 746 ur-

814 761 948 794 banum
963 769 1146 803 quemque
1163 770 1250 794 suus
1271 761 1373 795 facile
1387 771 1516 796 sensus

814 810 993 843 docebit.»
1027 811 1168 843 mrscn.
1203 811 1338 844 Verum
1363 812 1512 845 huiusce

815 859 1035 899 urbanitati&
1060 860 1091 893 si
1113 861 1234 893 tamen
1254 859 1438 895 urbanitas
1457 864 1514 895 est

815 910 896 951 (qua
931 909 977 942 de
1011 918 1051 942 re
1082 910 1318 943 vehementer
1349 910 1513 944 dubitare

812 958 926 1000 licet),
949 959 986 992 in
1001 961 1076 992 toto
1087 960 1244 993 carmine
1259 959 1396 994 nullum
1410 970 1516 1004 pror-

813 1017 875 1042 sus
897 1009 990 1042 inest
1010 1009 1207 1051 vestigium.
1248 1009 1301 1043 Cf.
1326 1018 1420 1052 quae
1452 1010 1516 1043 ad—

814 1059 1015 1091 notavimus
1038 1058 1085 1091 ad
1106 1067 1142 1091 v.
1166 1059 1200 1091 7.

643 1634 936 1648 ΙΙ
