1722 2904
604 73 684 106 un.
706 73 765 106 111.

293 177 425 221 Audis
452 190 541 234 quo
569 175 748 234 strepitu
777 176 925 224 ianua,
956 188 1044 232 quo
1074 188 1225 218 nemus

811 72 850 105 C.
874 72 927 105 X..

1479 175 1506 216 ΕΒ

295 259 409 301 Inter
436 256 614 321 pulchra
641 262 780 300 satum
807 262 919 300 tecta
948 255 1159 312 remugiat

295 313 459 389 Ventisfi
491 344 535 382 et
562 337 724 395 positas
752 342 799 379 ut
826 336 980 394 glaciet
1008 336 1128 379 nives

325 391 519 462 ”Puro
549 417 721 461 numine
751 416 969 475 Iuppiter?

489 479 650 494 Μ

294 525 505 582 Ingratam
534 524 687 567 Veneri
715 536 827 581 pone
859 521 1126 580 superbiam,

296 606 359 649 Ne
389 611 586 649 currente
616 611 731 677 rego
759 604 870 647 funis
900 610 970 647 eat
999 609 1106 646 rota.

158 738 190 770 6.
213 737 313 769 sitim
333 736 379 769 cd
401 737 438 769 et
464 744 556 768 corr.
581 735 647 775 bS,

1457 602 1509 645 ⁴0

682 735 767 767 item
791 734 972 776 (quattuor
1000 736 1119 767 tamen
1148 734 1320 776 exceptis)
1351 734 1462 767 Codd.

115 786 280 820 Pottierii.
307 786 359 827 (Ut
372 794 457 826 nos,
481 782 611 829 ΒΤ,γξι
633 786 670 818 et
684 794 774 818 corr.
792 782 836 824 β,
860 783 983 817 Bland.
1007 783 1106 824 tres.)
1125 801 1162 807 —-
1180 783 1213 816 6.
1229 783 1262 817 7.
1278 783 1468 825 remugiat?

114 837 223 869 Sentis
249 839 281 868 et
308 834 483 868 Bentleius
510 835 602 867 coni.

630 853 666 858 —
691 835 723 867 8.
748 836 844 867 Doro
872 833 1050 867 Bentleius
1078 834 1169 867 coni.
1196 850 1233 858 —
1260 834 1313 866 40.
1337 834 1406 866 Noc
1426 833 1463 866 b.

119 903 155 909 -—
178 888 256 918 rota
275 879 367 927 funi-i
386 888 441 918 σαι
460 889 539 918 rota
558 882 623 927 μξ,
647 884 758 917 Bentl.
785 885 838 926 (Ut
859 892 943 923 nos,
968 884 1079 916 nostri
1094 885 1131 916 et
1145 883 1299 916 Pottierii
1313 884 1464 923 omnes.)

72 1011 143 1044 que
166 1002 314 1035 humum
342 1003 511 1047 contegit,
547 1011 640 1035 nunc
666 1002 764 1035 caelo

72 1051 163 1085 sudo
195 1053 232 1084 et
262 1061 390 1087 sereno
423 1053 459 1085 in
492 1052 642 1094 glaciem
677 1062 766 1086 con-

72 1102 269 1134 vertatur.»
319 1102 459 1135 serenis
494 1103 614 1135 autem
651 1103 766 1135 nocti-

72 1149 141 1183 bus
162 1149 292 1191 glacies
314 1150 447 1184 facilius
462 1160 694 1184 concrescere
710 1159 766 1184 so—

72 1198 121 1232 let
135 1208 243 1242 quam
265 1199 445 1234 nubilosis.
461 1220 497 1226 -
522 1202 610 1234 Puro
631 1201 766 1233 nurnine

70 1249 229 1291 amtor]
257 1249 349 1283 Cum
375 1250 514 1284 caelum
542 1251 658 1292 ipsum
683 1251 766 1290 Jup-

67 1300 157 1340 pita·
189 1298 342 1339 dicatur,
379 1300 429 1341 (ut
461 1300 525 1333 Od.
551 1301 588 1340 4,
625 1301 663 1340 4,
698 1301 761 1332 25:

71 1347 514 1391 mmetsublovefriqido.
551 1349 614 1381 Od.
640 1350 677 1389 4,
701 1350 762 1389 22,

71 1399 127 1432 20.
161 1398 273 1441 Epod.
309 1399 368 1439 43,
403 1400 467 1441 2.),
503 1400 623 1433 dicere
656 1401 764 1433 etiam

74 1450 231 1491 poterat:
257 1451 414 1490 σαίρω-ο
429 1451 642 1483 suomamo'm
666 1450 764 1491 (nutu

72 1507 115 1532 ac
158 1498 331 1540 potentia)
378 1498 574 1541 conglaciet
621 1500 763 1532 nives.»

73 1548 303 1588 meutiquam
334 1558 457 1581 numen
486 1549 522 1581 h.
546 1547 568 1581 l.
594 1549 766 1590 significat

71 1597 162 1630 lovis
197 1597 387 1638 imaginem
421 1598 660 1640 formamque,
700 1598 765 1631 sed

72 1654 153 1679 eam
201 1647 377 1688 potentiae
429 1648 763 1686 manifestationem,

72 1703 164 1736 quae
195 1694 282 1728 caeli
313 1697 542 1729 serenitatem
574 1696 694 1736 efficit,
730 1699 767 1729 et

0 1743 2 1747 ’
72 1753 164 1786 quae
198 1753 280 1777 eam
311 1745 358 1778 ob
392 1755 535 1779 causam
569 1747 645 1788 ipsa
674 1756 768 1787 pura

72 1792 301 1836 appellatura·
327 1796 411 1827 hm«
433 1795 480 1827 ad
500 1796 594 1836 Virg.
618 1797 706 1828 Aen.
732 1796 765 1835 4,

0 1849 5 1889 1
71 1842 105 1875 8.
149 1842 296 1876 Bentleii
330 1845 434 1884 duro,
474 1845 622 1885 nemini,
670 1845 768 1886 quod

72 1893 200 1933 sciam,
234 1892 441 1934 probatum,
475 1895 671 1927 sententiae
693 1895 767 1927 vim

71 1943 178 1983 atque
201 1942 414 1976 evidentiam
435 1944 622 1977 imminuit.

114 1991 148 2023 9.
171 1991 356 2034 humatam]
380 1993 545 2034 Agathias
564 1994 668 2026 Anth.
691 1993 763 2026 Pal.

71 2041 96 2073 1.
131 2049 168 2082 p.
203 2042 286 2073 ⁴7⁴:
325 2039 470 2088 Κύπρις
504 2040 579 2089 γὰρ
613 2040 662 2075 τὰ
694 2042 766 2085 μὲν

70 2085 170 2123 ἄλλα
190 2089 437 2135 παλίγκοτος·
462 2089 504 2124 ἓν
525 2091 567 2126 δέ
587 2103 625 2126 τι
645 2091 766 2126 καλὸν

72 2136 271 2181 ’,Ελλαχεν
309 2141 503 2188 ἐχθαίρειν
540 2139 609 2184 τὰς
643 2143 766 2183 σοβα-

33 2218 36 2219 .
71 2191 293 2236 ρευομένας.

115 2240 170 2272 40.
182 2241 233 2273 Ne
242 2244 393 2273 ctu-rente
404 2241 486 2283 cet]
497 2242 670 2275 Construo
682 2252 689 2274 :
706 2252 767 2275 «ne

71 2293 163 2322 rou-o
189 2293 342 2322 cmv-ento
368 2294 446 2323 rota
471 2291 578 2323 etiam
598 2292 689 2332 funis
712 2295 767 2324 eat

71 2341 211 2377 retro»;
246 2339 294 2371 ita
323 2341 363 2371 ut
391 2344 482 2372 retro
504 2341 551 2373 ad
571 2342 764 2383 utrumque

71 2387 223 2421 verbum
244 2389 435 2430 pertineat:
461 2399 545 2422 nam
559 2389 766 2432 simpliciter

70 2437 184 2478 funem
203 2438 272 2477 ire,
295 2446 361 2480 pro
381 2442 474 2471 retro
495 2440 545 2471 ire
566 2439 623 2470 vix
644 2439 763 2472 dicere

72 2487 223 2528 poterat.
269 2487 359 2519 Cum
395 2488 534 2529 pondus
570 2487 765 2528 qualecun-

73 2543 143 2576 que
166 2535 248 2568 fune
270 2545 379 2577 super
399 2538 515 2569 rotam
541 2538 624 2578 apto
650 2538 685 2570 in
711 2537 764 2570 al-

73 2587 150 2616 tum
164 2584 346 2626 attollitur,
370 2586 549 2618 interdum
563 2586 702 2625 accidit,
726 2587 764 2618 ut

48 2659 54 2664 .
74 2635 177 2675 rupto
199 2634 280 2667 fune
302 2634 359 2668 vel
384 2645 427 2668 ex
450 2635 583 2677 opificis
598 2635 762 2669 manibus

815 1001 935 1044 elapso
968 1001 1154 1034 machinae
1186 1000 1393 1041 manubrio,
1433 1003 1510 1034 rota

813 1061 884 1084 una
907 1060 991 1084 cum
1013 1051 1096 1084 tune
1118 1052 1215 1083 retro
1230 1052 1355 1092 agatur
1368 1052 1404 1084 vi
1417 1059 1511 1093 pon-

814 1101 927 1141 deris,
953 1100 1050 1142 quod
1071 1102 1107 1133 in
1122 1109 1296 1143 praeceps
1311 1100 1507 1140 descendit3

813 1152 864 1184 sic
894 1151 930 1183 in
956 1152 1107 1192 puteum
1134 1149 1246 1183 sitella
1268 1159 1383 1192 aquae
1404 1149 1510 1192 plena

812 1199 869 1233 vel
891 1199 1017 1242 lapidis
1040 1198 1153 1232 moles
1175 1200 1211 1232 in
1232 1199 1348 1232 solum
1365 1199 1508 1232 decidit.

812 1251 862 1282 Ita
893 1250 1009 1282 omnis
1036 1248 1138 1281 labor
1164 1249 1294 1282 frustra
1322 1250 1511 1282 insumitur

814 1302 850 1332 et
864 1307 973 1341 saepe
989 1299 1129 1341 pondus
1144 1297 1240 1338 illud,
1258 1299 1355 1340 quod
1366 1307 1510 1332 rursum

813 1348 1019 1389 tollebatur,
1059 1349 1310 1382 comminuitur
1345 1347 1403 1381 vel
1431 1349 1510 1391 ipsa

812 1399 977 1431 machina
988 1398 1169 1440 frangitur.
1184 1397 1417 1431 proverbium
1431 1399 1510 1431 erat

813 1449 883 1481 hoc
915 1449 1148 1486 Graecorum3
1183 1447 1325 1480 Aristid.
1360 1448 1506 1481 Panatb.

812 1506 891 1539 pag.
934 1496 1170 1530 ⁴⁴8.1ebb.:
1216 1494 1392 1530 ἐντεῦθεν
1433 1491 1509 1540 ἤδη

814 1545 958 1586 πάντα,
991 1556 1121 1593 ωσπερ
1153 1545 1276 1581 κάλον
1308 1543 1508 1594 ῥαγέντος,

810 1594 1011 1653 ἐχώρησεν
1056 1594 1181 1630 ὀπίσω
1217 1598 1285 1630 καὶ
1319 1596 1510 1631 διελέλυτο

810 1643 1010 1689 Ἀμαζόσιν
1038 1642 1064 1689 ἦ
1092 1642 1207 1692 ἀρχή.
1254 1648 1395 1680 Lucian.
1420 1647 1510 1680 Dial.

815 1697 955 1729 Meretr.
981 1696 1013 1728 3.
1039 1697 1148 1728 extr..
1172 1694 1227 1729 Σὺ
1250 1694 1291 1729 δὲ
1314 1694 1415 1729 πάνυ
1437 1707 1512 1736 χα-

815 1742 928 1804 λεπὴα
934 1742 995 1777 ἀεὶ
1013 1743 1066 1788 τῷ
1065 1741 1272 1803 ἀνθρώπῳ
1294 1747 1510 1790 γεγένησαι,

815 1795 882 1826 καὶ
904 1790 999 1840 ὅρα,
1021 1791 1095 1837 μὴ
1101 1794 1200 1827 κατὰ
1214 1793 1286 1838 τὴν
1301 1798 1512 1842 παροιμίαν

815 1840 1094 1890 ἀπορῥήξωμεν
1130 1843 1230 1878 πάνυ
1263 1846 1434 1878 τείνασαι
1464 1843 1512 1879 τὸ

815 1892 1018 1927 καλώδιον.
1065 1893 1188 1935 Adagii
1211 1896 1386 1927 sententia
1408 1896 1515 1937 igitur

815 1944 906 1976 haec
929 1946 1001 1976 est:
1028 1953 1093 1976 «ne
1118 1946 1154 1976 et
1176 1945 1290 1977 omnis
1314 1953 1423 1986 opera
1437 1954 1459 1977 a
1474 1947 1512 1978 te

815 1994 997 2035 insumpta
1014 1994 1050 2026 in
1072 1992 1294 2026 ludificandis
1309 1994 1512 2029 amantibus

814 2044 851 2076 in
885 2052 1027 2076 cassum
1060 2043 1272 2085 suscipiatur
1307 2044 1343 2075 et
1370 2045 1410 2076 tu
1434 2045 1512 2086 ipsa

814 2102 948 2135 poenas
971 2093 1159 2135 superbiae
1181 2095 1262 2125 tuae
1285 2092 1396 2126 luas.»
1427 2095 1513 2134 (Nu—

814 2152 880 2184 per
908 2142 1054 2183 quidam
1084 2142 1248 2184 probavit
1277 2142 1393 2175 Schol.
1422 2144 1511 2177 Cod.

814 2193 855 2223 V.
901 2191 1177 2232 Vanderburgii:
1233 2192 1380 2224 «Potest
1430 2201 1511 2225 esse

814 2243 967 2273 tractum
990 2250 1011 2273 a
1033 2240 1124 2274 ludis
1139 2249 1354 2282 puerorum,
1379 2242 1441 2283 qui
1455 2251 1514 2274 ro-

814 2289 886 2323 tula
897 2290 1054 2331 quadam
1067 2289 1204 2330 ludunt,
1219 2290 1400 2324 trahentes
1411 2290 1458 2323 ad
1469 2300 1510 2324 se

812 2339 869 2372 vel
893 2340 1038 2381 corrigia
1061 2339 1118 2372 vel
1142 2338 1217 2379 filo,
1242 2340 1339 2381 quod
1354 2339 1510 2373 relaxata

814 2398 922 2421 manu
944 2398 965 2421 a
987 2390 1084 2421 retro
1108 2389 1271 2422 volvente
1294 2391 1371 2422 rota
1394 2391 1512 2422 retra-

814 2438 941 2470 bitur.»
987 2438 1057 2470 Sed
1078 2439 1161 2471 huic
1184 2437 1405 2480 explicationi
1427 2440 1510 2471 ante

814 2488 930 2519 omnia
954 2487 1072 2520 obstat
1096 2496 1132 2520 v.
1151 2488 1259 2529 simis,
1286 2497 1356 2529 quo
1380 2489 1415 2520 in
1441 2489 1511 2522 hoc

812 2535 897 2568 ludo
906 2532 1014 2569 etiam
1028 2537 1124 2578 apud
1135 2546 1200 2570 nos
1213 2538 1398 2570 notissimo
1407 2539 1510 2579 pueri

813 2594 884 2618 non
906 2587 1018 2627 magis
1040 2588 1171 2619 Horatii
1204 2586 1424 2628 temporibus
1458 2589 1509 2620 uti

811 2637 991 2676 poterant,
1018 2644 1126 2677 quam
1149 2646 1242 2669 nunc
1261 2636 1433 2678 possunt.)
