1722 2904
210 99 290 140 534

547 203 709 246 Litihus
740 203 906 246 orbum.

382 312 485 352 Tum
515 323 660 358 meae,
692 309 727 351 si
758 308 863 366 quid
892 308 1046 366 loquar
1077 307 1360 359 audiendum,

727 82 896 132 HoaATu
922 99 1146 132 CARMINUM

379 391 502 434 Vocis
534 389 713 433 accedet
741 389 854 432 bona
884 403 1005 446 pars,
1038 395 1100 438 et,
1133 389 1171 431 Ο
1203 388 1274 432 Sol

380 471 583 514 Pulcher!
615 485 641 513 ο
671 469 910 512 laudande!
942 483 1114 519 canam,
1147 476 1323 526 recepto

552 551 739 594 Caesare
770 549 880 593 felix.

299 703 352 736 45.
378 703 499 743 loquar
521 701 751 740 BScd,LCtF:
788 701 907 740 loquor
933 698 1094 740 bssm‘x,
1119 701 1208 732 Pott.
1234 699 1273 740 4,
1298 700 1337 739 9,
1372 701 1424 733 ⁴3.
1441 726 1450 742 ,
1479 700 1590 734 Bentl.
1607 728 1616 742 ‚

254 754 297 786 M.
328 769 363 775 —
391 752 443 785 47.
470 751 500 793 ο]
525 755 555 783 et
578 751 612 782 d.

215 882 346 923 (salute)
373 890 416 913 Er
444 884 526 914 Rea.
558 881 640 913 Avo.
665 881 730 912 Dio
754 879 816 918 44,
844 880 908 911 49:

216 929 334 972 εὐχὰς
369 927 463 977 ὑπὲρ
504 927 575 972 τῆς
611 926 804 962 ἐπανόδου
842 927 912 962 τοῦ

213 978 439 1025 Αὐγούστου
463 977 711 1022 ἐποιήσαντο.
737 978 825 1011 Ludi
847 987 913 1010 au-

213 1034 287 1064 tem
310 1031 365 1063 isti
388 1031 512 1070 votivi,
539 1039 629 1071 quos
652 1030 757 1071 poeta
778 1029 912 1061 editum

214 1082 255 1114 iri
279 1081 379 1120 dicit,
406 1080 489 1113 editi
513 1081 596 1112 sunt
618 1079 766 1112 demum
782 1088 814 1112 a.
833 1078 909 1112 74⁴.

214 1132 290 1173 (Dio
313 1130 376 1169 54,
400 1129 468 1170 27.)
493 1131 530 1162 et
563 1129 699 1161 nummi
729 1128 802 1161 cusi
830 1137 912 1161 cum

214 1181 443 1222 inscriptione
478 1179 665 1211 Fonrnvffl.
701 1180 840 1212 Ηευνοι.
873 1196 910 1201 --

214 1230 341 1271 orbum]
368 1237 560 1268 «vacuum,
581 1229 728 1270 propter
742 1228 912 1261 iustitium

214 1280 425 1312 indictum.»
477 1277 576 1310 Pind.
611 1277 734 1310 Isthm.
769 1277 807 1317 3,
844 1277 910 1309 26:

214 1327 442 1368 κελαδέννας
456 1345 476 1350 -
491 1322 660 1373 ὀρφανοὶ
675 1322 835 1373 Ὕβριος.

258 1379 312 1412 45.
349 1377 403 1411 46.
438 1377 468 1409 si
490 1377 571 1417 quid
592 1376 730 1418 loquar]
755 1375 910 1418 Supple:

215 1430 359 1466 «tunc»;
396 1436 467 1468 quo
498 1427 641 1459 nomine
671 1427 829 1468 praestat
857 1426 913 1458 fu-

215 1480 356 1510 turum:
389 1485 472 1508 nam
494 1485 668 1517 praesens
691 1478 834 1517 tempus
857 1476 913 1507 ni-

214 1528 282 1560 mis
298 1527 445 1559 demissi
461 1526 568 1558 animi
585 1527 681 1558 esset
697 1535 704 1557 :
732 1526 787 1557 «Si
802 1526 914 1557 omni-

214 1585 260 1609 no
295 1577 325 1609 is
365 1585 462 1615 sum,
514 1576 614 1607 cuius
649 1575 807 1607 carmina
844 1574 912 1616 legi

215 1627 454 1658 mereantur.»
485 1626 617 1657 Verum
638 1625 708 1657 hoc
729 1624 830 1657 dicit:
857 1625 912 1657 «Si

214 1685 318 1709 meae
335 1675 488 1708 laetitiae
504 1684 573 1707 vox
589 1675 694 1716 digna
710 1676 793 1715 erit,
819 1684 911 1716 quae

216 1725 273 1759 illo
309 1725 366 1758 die
409 1725 499 1758 festo
534 1725 732 1757 audiatur.»
793 1726 912 1766 Longe

214 1774 315 1808 aliter
330 1774 386 1806 alii
399 1773 590 1815 explicant:
618 1774 788 1806 «accedet
801 1773 914 1806 accla-

214 1825 386 1857 mantium
408 1824 535 1855 turbae
559 1832 687 1864 magna
710 1832 793 1865 pars
809 1832 912 1856 meae

213 1875 331 1912 vocis3
367 1873 404 1905 id
427 1875 500 1913 est,
538 1873 744 1906 acclamabo
769 1874 801 1906 ei
825 1882 913 1906 con-

215 1925 311 1955 tenta
334 1931 459 1955 voce.»
493 1923 564 1955 Sed
590 1923 673 1955 huic
699 1923 913 1964 interpreta-

214 1973 298 2005 tioni
323 1972 466 2004 omnino
490 1973 687 2013 repugnant
700 1981 757 2004 vv.
783 1972 914 2012 Siquid

215 2024 336 2063 loquar
365 2023 588 2062 audiendum,
626 2031 737 2063 quae,
773 2022 835 2054 ubi
867 2022 912 2054 de

216 2071 382 2104 altissima
414 2080 456 2103 ac
482 2080 594 2113 prope
618 2072 801 2104 Stentorea
824 2081 912 2104 voce

217 2120 420 2162 explicaris,
458 2121 577 2153 nescio
601 2120 686 2162 quid
710 2120 843 2153 habent
866 2122 915 2153 ri-

218 2169 334 2203 diculi.
375 2170 467 2201 Vocis
493 2170 614 2202 autem
629 2170 716 2202 bona
739 2179 824 2210 pars
846 2170 914 2202 hoc

217 2219 410 2261 significat:
431 2218 622 2251 «Omnibus
638 2218 771 2251 viribus
789 2220 912 2260 enitar,

216 2271 254 2301 ut
277 2269 433 2300 carmine
462 2267 675 2302 laetissimos
706 2278 806 2302 meos
830 2278 915 2302 sen-

217 2328 278 2351 sus
307 2318 352 2350 de
384 2318 548 2350 Caesaris
577 2318 693 2350 reditu
723 2319 827 2360 digne
852 2328 916 2351 ex-

217 2367 392 2409 primam,
419 2366 505 2399 dum
529 2369 583 2407 tu,
620 2366 710 2407 Iule,
743 2366 833 2401 illius
856 2378 915 2401 res

217 2418 334 2457 gestas
377 2418 483 2457 atque
517 2417 664 2449 virtutes
703 2416 865 2451 celebras
875 2427 912 2455 »3

217 2474 307 2506 quae
325 2466 523 2498 carminum
545 2469 751 2507 argumenta
768 2476 915 2508 prorsus

218 2517 299 2547 sunt
333 2515 485 2548 diversa.
526 2533 561 2538 -
600 2516 735 2548 «Solem
768 2526 833 2558 pro
857 2517 913 2549 die

218 2565 357 2604 posuit,
394 2572 465 2605 quo
496 2565 608 2597 victor
631 2566 763 2598 Caesar
788 2566 914 2599 urbem

218 2614 398 2653 ingressus
422 2615 510 2646 est.»
535 2615 661 2648 Aenos.

263 2662 314 2694 48.
353 2665 495 2696 Caesare
515 2665 623 2706 felioc}
658 2666 754 2706 «Ego
785 2664 914 2698 felicis-

962 880 1093 912 simum
1126 888 1185 912 me
1220 882 1389 922 reputans
1417 883 1563 924 propter
1589 884 1663 916 Au-

963 930 1105 970 gustum
1127 929 1336 962 reducem.»
1373 930 1490 973 Longe
1506 932 1664 965 tenerior

963 979 1021 1010 hic
1041 980 1096 1012 est
1118 987 1264 1019 sensus,
1289 987 1400 1022 quam
1422 981 1452 1013 si
1473 989 1556 1014 cum
1570 981 1663 1015 Vos—

963 1028 1015 1060 sio
1050 1029 1086 1060 et
1119 1027 1279 1070 Gargallo
1312 1038 1346 1062 v.
1370 1029 1455 1071 feli-2>
1487 1030 1532 1063 ad
1563 1031 1663 1064 solem

962 1077 1114 1116 referas,
1140 1079 1179 1109 ut
1205 1078 1250 1111 sit
1274 1077 1538 1121 exclamationis
1563 1088 1659 1122 pars.

1006 1126 1060 1159 49.
1089 1127 1208 1167 Teque,
1234 1129 1314 1160 dum
1329 1129 1498 1171 procedit]
1521 1130 1662 1163 Trium-

962 1176 1054 1217 phus
1070 1176 1105 1208 h.
1125 1176 1146 1208 l.
1165 1176 1262 1210 velut
1283 1178 1436 1211 numinis
1459 1178 1566 1212 divini
1589 1179 1663 1212 sor·-

963 1234 1060 1258 mam
1096 1225 1228 1266 induit,
1265 1227 1362 1268 quod
1396 1227 1563 1260 invocent
1591 1229 1662 1261 Ro-

963 1275 1060 1307 mani
1096 1276 1260 1317 (prorsus
1296 1277 1336 1308 ut
1373 1276 1483 1318 Epod.
1517 1278 1558 1318 9,
1593 1278 1659 1311 2⁴:

961 1325 997 1356 Ιο
1038 1324 1235 1365 Triumpho,
1283 1329 1321 1358 tu
1351 1327 1502 1359 moraris
1543 1336 1665 1360 aureos

963 1374 1091 1406 Currus
1113 1375 1194 1416 cet.)
1207 1400 1215 1413 ,
1239 1377 1275 1408 et
1296 1376 1444 1416 quidem
1468 1386 1511 1409 ex
1533 1376 1663 1410 eadem

962 1423 1019 1456 illa
1035 1424 1279 1466 antiquissima
1295 1425 1465 1466 formula,
1491 1435 1583 1468 quae
1605 1428 1662 1460 ter

963 1474 1128 1506 continuo
1149 1474 1300 1515 repetita
1321 1475 1498 1516 reperitur
1517 1477 1551 1508 in
1573 1477 1663 1509 Car-

963 1524 1059 1556 mine
1076 1524 1238 1556 Fratrum
1251 1524 1448 1558 Arvalium:
1464 1527 1502 1558 Io
1515 1527 1664 1560 Tarum

963 1573 1051 1615 (sic).
1088 1574 1138 1605 lta
1159 1573 1195 1606 in
1217 1574 1374 1607 nummis
1397 1576 1511 1616 gentis
1532 1577 1659 1618 Papiae

962 1624 1069 1664 caput
1101 1622 1254 1655 iuvenile
1286 1622 1486 1657 laureatum
1525 1626 1664 1668 conspi-

962 1673 1071 1712 citur,
1110 1673 1334 1714 prominente
1382 1682 1475 1716 pone
1515 1676 1663 1718 tropaeo

962 1730 1043 1754 cum
1083 1722 1334 1764 inscriptione:
1378 1724 1542 1758 Tmnwrs
1563 1725 1660 1767 (sio).

962 1770 1093 1804 Eckhel
1115 1773 1157 1804 D.
1181 1773 1222 1804 N.
1248 1773 1289 1804 V.
1313 1781 1349 1814 p.
1375 1773 1451 1805 267.
1477 1774 1595 1807 Riccio
1610 1775 1660 1808 M.

961 1822 999 1853 F.
1025 1823 1062 1854 R.
1087 1830 1122 1863 p.
1150 1822 1224 1854 ⁴62.
1261 1823 1498 1864 Interpretare
1532 1823 1658 1865 igitur:

964 1871 1076 1903 «Dum
1117 1871 1280 1912 procedit
1314 1873 1493 1913 Augustus
1537 1873 1663 1907 trium-

962 1920 1076 1961 phans
1110 1929 1130 1952 a
1165 1922 1267 1962 porta
1302 1921 1506 1964 triumphali
1546 1931 1661 1965 usque

963 1970 1008 2002 ad
1032 1970 1259 2012 Capitolium,
1285 1979 1350 2004 nos
1372 1973 1425 2012 te,
1454 1972 1659 2014 Triumphe,

964 2029 1034 2052 non
1057 2019 1188 2060 semel,
1221 2020 1288 2053 sed
1310 2021 1477 2054 continuo
1499 2021 1662 2055 dicemus

963 2077 1064 2101 sacra
1101 2070 1151 2110 (ut
1179 2070 1226 2101 ait
1248 2070 1384 2112 Senot..)
1416 2071 1454 2103 et
1479 2070 1572 2104 laeta
1598 2078 1662 2104 ac-

964 2118 1175 2151 clamatione
1198 2127 1329 2152 nomen
1352 2121 1454 2153 tuum
1480 2121 1527 2153 ita
1558 2120 1662 2154 iden-

964 2168 1074 2201 tidem
1098 2170 1316 2210 repetentes:
1349 2170 1385 2202 Io
1410 2169 1661 2212 mammosa>

966 2219 1172 2259 nimphe.»
1219 2218 1306 2251 Inde
1337 2220 1456 2252 autem
1480 2228 1500 2252 a
1533 2229 1568 2253 v.
1602 2220 1656 2254 49.

964 2268 1152 2301 manifesto
1194 2277 1265 2301 non
1310 2269 1382 2301 iam
1415 2267 1570 2311 loquitur
1613 2269 1658 2304 de

965 2317 1182 2351 carminibus
1215 2317 1271 2351 vel
1306 2326 1327 2350 a
1361 2320 1478 2351 semet
1504 2319 1582 2361 ipso
1602 2319 1660 2352 vel

965 2368 1010 2400 ab
1034 2368 1184 2400 Antonio
1205 2367 1261 2400 vel
1285 2367 1331 2400 ab
1354 2369 1507 2410 utroque
1530 2369 1565 2402 in
1587 2371 1662 2402 Au·

965 2418 1054 2458 gusti
1078 2417 1250 2450 honorem
1272 2418 1487 2459 pangendis,
1519 2418 1584 2451 sed
1615 2418 1660 2452 de

965 2468 1041 2509 ipso
1064 2467 1232 2508 principis
1254 2466 1507 2509 gloriosissimo
1534 2468 1661 2501 trium-

965 2519 1035 2560 pho
1069 2517 1113 2549 ab
1147 2519 1298 2558 utroque
1337 2518 1413 2551 eius
1446 2517 1659 2551 admiratore

965 2576 1105 2600 summa
1130 2575 1211 2599 cum
1235 2565 1364 2599 laetitia
1388 2568 1425 2599 et
1446 2566 1524 2599 altis
1546 2564 1660 2600 accla-

965 2616 1178 2649 mationibus
1197 2616 1403 2658 spectando.
1424 2632 1460 2639 —
1479 2617 1518 2649 In
1534 2616 1660 2649 consti-

963 2665 1095 2698 tuendo
1108 2666 1228 2698 autem
1241 2666 1309 2698 hoc-
1321 2665 1399 2698 loco
1411 2666 1522 2699 secuti
1535 2672 1659 2699 sumus
