1722 2904
193 120 276 162 376

706 104 877 156 flonATii
903 126 1126 173 CARMJNUM

419 233 507 276 Sub
539 248 641 291 rege
673 234 798 278 Medo
829 236 995 279 Marsus
1026 244 1068 280 et
1096 236 1283 294 Apulus,

414 314 674 358 Anciliorum
705 322 747 358 et
776 317 959 360 nominis
990 324 1031 360 et
1062 325 1186 375 togae

488 364 611 375 ‚affl-

1585 304 1639 364 4ο

470 395 640 439 Oblitus
672 400 964 456 aeternaeque
993 399 1174 449 Vestae,

527 477 733 536 Incolumi
764 479 867 522 Iove
897 485 940 522 et
967 478 1077 523 urbe
1107 481 1274 523 Roma?

411 570 502 613 Hoc
533 577 707 614 caverat
735 585 857 615 mens
887 573 1071 629 provida
1099 573 1249 631 Reguli

413 652 715 696 Dissentientis
745 653 1073 697 condicionibus

471 733 629 777 Foedis
661 740 704 777 et
734 733 933 792 exemplo
963 718 1170 778 trahentis

1583 739 1637 782 ⁴5

273 829 325 861 40.
351 829 451 862 Prius
474 832 504 861 et
528 837 599 861 om
625 830 662 861 T.
691 847 727 852 -
754 829 989 861 ⁴2.1ncolomi
1010 829 1072 862 hS.
1102 849 1136 854 —
1162 831 1215 864 45.
1233 831 1376 864 trahenti
1391 831 1436 865 de
1453 829 1595 867 canteri

231 878 323 910 coni.
337 878 373 910 et
389 886 472 910 cum
484 878 621 911 Comm.
637 879 832 919 CruquiiL,
850 880 936 911 item
948 878 1139 920 Bentleius‚
1157 881 1218 922 qui
1234 881 1354 914 tamen
1369 882 1591 916 inAdnotatt.

227 927 385 969 praefert
399 928 541 968 evempli
556 927 727 962 trahentis.
754 928 806 969 (Ut
821 937 904 967 nos.

182 1008 254 1040 Liv.
274 1009 364 1050 Epit.
384 1008 544 1041 CXXVII.
566 1027 602 1032 —-
621 1010 779 1051 Languet
798 1019 884 1052 prae

183 1057 264 1090 lect.
281 1057 454 1090 librorum
476 1059 615 1090 tantum
639 1068 710 1091 non
725 1060 887 1092 omnium

185 1106 295 1139 altera
317 1108 354 1139 in
376 1108 485 1147 arvis,
515 1116 624 1149 quam
648 1117 731 1141 cum
755 1110 887 1142 Cante-

183 1166 244 1190 rus
268 1158 304 1189 et
326 1158 363 1190 T.
383 1157 496 1190 Faber
523 1158 727 1191 coniectura
750 1168 887 1202 propo-

183 1207 360 1247 suissent,
406 1207 630 1240 confirmavit
665 1217 758 1242 unus
795 1209 882 1242 Cod.

182 1256 305 1290 Altorf.
333 1258 380 1297 4.,
405 1258 441 1290 in
464 1266 535 1299 quo
559 1259 657 1290 casui
680 1258 845 1292 debetur.

226 1307 259 1339 9.
283 1307 373 1349 rege]
396 1307 610 1341 invidiosum
635 1309 732 1350 apud
754 1310 885 1342 Roma-

182 1365 247 1389 nos
278 1365 421 1389 nomen.
459 1374 495 1380 —
526 1358 662 1391 Marsus
691 1362 723 1391 et
746 1359 884 1401 Apulus]

183 1405 444 1439 bellicosissimi
466 1406 585 1439 Italiae
601 1407 733 1450 populi.
759 1408 887 1441 Liben-

183 1458 249 1496 ter,
267 1455 472 1498 ubicunque
489 1459 620 1499 potest,
639 1467 725 1491 suae
739 1458 884 1500 Apuliae

184 1507 346 1538 meminit
370 1507 489 1547 poeta.

227 1556 280 1588 40.
305 1556 522 1598 Anciliorum]
547 1556 666 1590 Altera
690 1558 804 1592 forma
819 1568 885 1591 an—

181 1606 295 1638 ciliwm
326 1608 382 1640 est
409 1608 444 1639 in
472 1608 584 1639 Inscr.
610 1617 658 1640 m.
684 1609 757 1640 Lat.
783 1608 881 1642 2244.

182 1665 202 1687 a
232 1665 267 1688 v,
300 1656 418 1688 ancile.
468 1656 550 1697 (Cfr.
584 1657 882 1700 Satwrnaliorwn,

180 1706 453 1747 sponsaliorum.)
482 1707 575 1747 Lege
600 1707 698 1739 Ovid.
725 1708 815 1740 Fast.
842 1708 882 1748 3,

181 1754 257 1787 373.
304 1755 497 1797 Nubigenas
526 1756 647 1796 clipeos
667 1758 774 1789 vocat
795 1758 881 1789 Stat.

182 1804 262 1837 Silv.
282 1806 319 1844 5,
338 1806 375 1844 2,
404 1805 478 1837 434.
501 1824 536 1828 -
555 1806 663 1847 togae]
680 1807 775 1848 Virg.
794 1808 881 1839 Aen.

183 1855 218 1894 4,
243 1855 328 1887 282ῑ
368 1856 553 1896 Romanos,
587 1864 703 1888 reram
736 1857 886 1889 dominos

180 1907 374 1945 gentemque
389 1907 549 1946 togatam.
572 1904 694 1938 Florus
710 1905 730 1938 4
742 1931 749 1945 ,
767 1907 803 1938 44
819 1932 825 1946 ,
844 1907 882 1939 3:

184 1954 364 1995 (Antonius)
385 1955 542 1995 patriae,
574 1957 735 1996 nominis,
766 1960 881 1998 togae,

181 2004 324 2045 fascium
346 2004 474 2037 oblitus.
492 2022 528 2028 --
541 2005 694 2037 Nominis
709 2006 744 2038 h.
763 2005 785 2038 l.
804 2014 884 2038 ma-

182 2053 310 2086 nifesto
325 2063 390 2095 pro
404 2054 576 2087 «nominis
587 2055 769 2093 Romani»;
787 2054 884 2096 quod

182 2103 299 2144 ipsum
328 2104 421 2136 inest
451 2103 487 2135 iu
523 2112 602 2136 voc.
634 2107 741 2145 toque.
796 2105 883 2143 Quia

182 2161 253 2184 non
276 2152 534 2194 intelligebant,
565 2152 707 2195 plurimi
731 2154 883 2195 scripto-

182 2212 240 2236 res
263 2202 395 2235 librarii
419 2204 617 2236 omiserunt
638 2207 687 2243 et3
714 2213 806 2245 quae
828 2205 884 2236 in—

181 2252 373 2285 tolerabilis
411 2252 516 2286 lectio
558 2252 691 2295 placuit
728 2254 883 2295 Cruquio

181 2311 223 2334 ac
247 2303 447 2342 Torrentio,
473 2304 605 2336 reiecta
629 2312 648 2335 a
672 2302 840 2336 Bentleio.

226 2352 277 2383 44.
306 2352 358 2383 42.
388 2353 511 2394 Vestae]
529 2354 629 2386 cuius
651 2353 740 2394 ignis
756 2354 903 2395 pignus-

181 2402 258 2434 erat
296 2403 513 2435 aeternitatis
551 2404 729 2435 Romanae
770 2402 880 2435 urbis.

182 2450 254 2482 Cic.
281 2450 326 2482 de
358 2451 463 2491 Legg.
490 2453 528 2490 2,
562 2452 603 2484 8;
646 2452 794 2493 Virgines
823 2453 884 2483 Ve-

179 2500 281 2532 scales
303 2501 339 2531 in
360 2500 442 2532 urbe
463 2499 671 2533 custodiu'nto
693 2502 804 2543 ignem
817 2501 884 2542 foci

175 2549 302 2589 publici
317 2550 564 2590 sempiternum.
590 2552 627 2583 ln
644 2551 719 2583 iure
733 2550 882 2582 iurando

182 2598 339 2640 Philippo
356 2599 540 2632 Macedoni
565 2600 730 2641 imposito
747 2601 881 2632 Graece

181 2648 233 2679 sic
257 2650 530 2689 expresserunt:
564 2647 635 2691 τὴν
659 2648 791 2681 ἑστίαν
815 2648 882 2692 τῆς

177 2693 334 2739 Ῥώμης.
362 2698 504 2731 Diodor.
532 2699 584 2731 Fr.
612 2699 713 2732 Dind.
741 2708 775 2741 p.
803 2698 878 2731 428.

930 938 1056 962 omnes
1070 930 1202 971 nostri,
1220 930 1386 972 Bentleii,
1411 933 1593 975 Pottierii.)

937 1010 1083 1043 Vestam
1098 1012 1240 1043 Romani
1254 1012 1388 1053 imperii
1395 1013 1521 1055 pimus
1533 1016 1639 1047 vocat
1699 1023 1701 1025 ’

937 1061 1072 1093 Seneca
1093 1061 1260 1094 Controv.
1283 1062 1322 1102 4,
1340 1062 1372 1096 3.
1389 1070 1469 1105 pag.
1487 1063 1541 1096 93.
1558 1064 1635 1105 Bip.

940 1126 976 1133 -
1001 1110 1162 1143 Incolumi
1183 1111 1307 1154 IoveJ«
1291 1110 1414 1144 «Salvo
1430 1112 1635 1179 Capitolio.»

937 1161 1059 1242 salig?
1069 1211 1261 1253 caverat]«
1245 1211 1308 1243 «Et
1338 1212 1457 1244 tamen
1488 1220 1534 1244 ne
1558 1211 1636 1245 talis

935 1259 1118 1301 turpitudo
1141 1261 1249 1301 atque
1273 1260 1463 1301 ignominia
1477 1269 1636 1302 unquam

935 1310 1112 1342 Romanos
1141 1309 1413 1350 dehonestaret,
1444 1310 1636 1352 providere

934 1357 1097 1391 voluerat
1133 1359 1204 1392 iam
1239 1358 1411 1401 Regulus,
1451 1361 1636 1402 specimen
1695 1388 1698 1389 ⁷

935 1407 1021 1440 illud
1063 1416 1227 1441 summae
1272 1409 1491 1442 constantiae
1535 1411 1604 1442 cet.
1618 1421 1635 1438 ι»

935 1458 1068 1499 Captus
1098 1459 1155 1491 est
1175 1467 1194 1490 a
1222 1457 1573 1500 Karthaginiensibus
1600 1467 1633 1491 a.

935 1516 970 1539 u.
998 1516 1030 1540 c.
1057 1507 1133 1540 499.
1182 1508 1318 1541 Crebro
1345 1508 1415 1541 hoc
1446 1508 1543 1541 idem
1577 1517 1637 1541 ar-

934 1558 1144 1598 gumentum
1185 1557 1404 1590 tractabatur
1439 1557 1475 1590 in
1513 1557 1636 1590 rheto-
1694 1551 1696 1553 ’

934 1615 1015 1638 rum
1045 1605 1187 1639 scholis.
1236 1606 1307 1640 Cfr.
1333 1607 1406 1640 Cic.
1431 1606 1478 1640 de
1508 1607 1566 1639 Or.
1592 1607 1633 1647 3,

933 1657 996 1696 28,
1024 1656 1099 1688 409.
1124 1655 1198 1688 Val.
1216 1657 1305 1690 Max.
1322 1656 1354 1696 4,
1377 1655 1409 1696 4,
1435 1655 1494 1689 44;
1517 1656 1633 1697 iniis,

934 1714 1020 1747 quae
1035 1706 1081 1738 ad
1094 1706 1281 1738 custodiam
1293 1705 1465 1747 reliyionis
1480 1706 1633 1746 affluent,

932 1756 1041 1788 nescio
1071 1765 1118 1787 an
1150 1764 1262 1788 omnes
1282 1756 1330 1789 Μ.
1353 1755 1474 1788 Atilius
1493 1756 1637 1798 Regulus

929 1800 1148 1846 praecesserit
1162 1806 1246 1844 cet.;
1267 1805 1360 1837 inter
1373 1806 1498 1847 poetas
1513 1803 1635 1838 Silium

935 1856 973 1895 6,
1006 1854 1070 1888 342
1101 1863 1203 1897 seqq.
1239 1854 1356 1896 (Balde
1379 1855 1495 1896 Lyric.
1522 1855 1559 1895 4,
1584 1855 1632 1895 3.,

933 1904 1084 1938 fortasse
1115 1905 1220 1937 nimis
1250 1913 1376 1946 presse
1409 1905 1541 1937 Horatii
1573 1913 1636 1937 ve-

934 1955 1035 1996 stigia
1065 1962 1243 1996 sequens,
1271 1953 1443 1995 pleraque
1474 1953 1557 1986 hinc
1587 1954 1634 1986 ad

933 2005 1090 2037 Thomae
1114 2004 1200 2037 Mori
1227 2003 1462 2036 constantiam
1484 2002 1635 2036 laudan-

934 2055 1018 2087 dam
1041 2053 1214 2094 detorsit.)

978 2104 1031 2138 44.
1078 2102 1339 2144 condicionibus]
1383 2110 1469 2136 casu
1509 2103 1631 2144 tertio,

933 2156 973 2188 ut
995 2152 1135 2193 Quintil.
1158 2153 1262 2192 8,·6,
1287 2152 1350 2186 54:
1386 2152 1416 2184 si
1437 2161 1507 2193 qua
1526 2151 1635 2184 verbis

933 2204 1091 2237 dissentit.

978 2254 1031 2286 45.
1042 2253 1055 2285 4
1064 2253 1095 2284 6.
1109 2251 1279 2293 trahentis]
1289 2250 1362 2284 «Ab
1372 2250 1536 2293 exemplo
1545 2259 1632 2293 per-

934 2303 1063 2335 niciem
1078 2302 1113 2334 in
1137 2302 1300 2343 posteros
1315 2299 1496 2340 trahebat,
1521 2299 1633 2333 dedu-

934 2352 1053 2392 cebat,
1078 2351 1114 2383 id
1130 2352 1202 2390 est,
1228 2349 1412 2383 dictitabat
1425 2348 1496 2382 tale
1512 2358 1634 2383 exem-

932 2401 1031 2444 plum
1055 2401 1184 2434 nimiae
1201 2399 1372 2432 facilitatis
1389 2399 1435 2431 ad
1449 2398 1632 2432 redimen-

933 2451 998 2484 dos
1033 2451 1196 2492 captivos
1229 2450 1301 2482 vim
1326 2450 1363 2481 et
1385 2449 1632 2481 auctoritatem

932 2501 1169 2542 perniciosam
1191 2499 1226 2531 in
1249 2499 1411 2540 posteros
1426 2497 1631 2530 habiturum

933 2558 1047 2583 esse.»
1092 2550 1185 2581 ΙΛιιΝ.
1221 2548 1309 2580 Vide
1350 2547 1558 2580 Excursum.
1592 2563 1628 2570 -

933 2600 1101 2632 Ceterum
1135 2597 1295 2630 trahentis
1327 2596 1478 2629 Codices
1505 2603 1630 2628 omnes

932 2650 1075 2690 praeter
1106 2647 1250 2688 Cruquii
1282 2645 1529 2685 Scholiastam,
1569 2644 1630 2685 qui

932 2697 1058 2730 habet:
1098 2696 1279 2738 atramenti]
1312 2695 1485 2729 adserenti
1514 2694 1549 2726 in
1572 2692 1630 2726 su-
