1722 2904
213 44 295 86 678

215 1039 255 1070 111
277 1036 350 1077 alii,
377 1035 538 1069 detracta
553 1035 724 1076 imagine:
753 1036 919 1068 «Detine—

213 1089 271 1119 tur
304 1086 454 1119 aliarum
487 1085 702 1118 feminarum
736 1085 919 1118 amoribus

215 1136 397 1169 districtus
406 1161 413 1175 ‚
440 1135 512 1167 mei
526 1143 676 1177 prorsus
691 1135 916 1167 immemor.»

216 1186 247 1227 2)
275 1186 433 1218 «Dormit
455 1185 492 1217 in
514 1185 693 1217 incantato
717 1183 824 1216 cubili
855 1184 920 1216 ali-

215 1236 316 1268 cuius
340 1243 444 1268 meae
468 1233 646 1274 aemulae,
673 1242 765 1275 quae
782 1233 918 1266 artibus

215 1285 290 1318 suis
314 1285 447 1324 effecit,
473 1285 514 1316 ut
528 1285 688 1316 omnium
705 1283 855 1316 aliarum
872 1283 919 1316 fe-

216 1336 395 1367 minarum
421 1333 727 1367 oblivisceretur.»
764 1333 795 1375 3)
822 1334 919 1366 «Non

217 1383 333 1417 solum
348 1385 421 1417 mei
435 1384 567 1416 amoris
583 1382 714 1416 oblitus
735 1384 771 1415 in
786 1384 921 1415 utram—

217 1445 287 1477 que
301 1443 425 1468 aurem
438 1434 581 1473 dormit,
595 1434 660 1466 sed
673 1434 781 1466 etiam
796 1442 918 1466 amore

217 1486 379 1517 omnium
412 1492 577 1516 mearum
605 1483 829 1516 aemularum
859 1492 919 1516 so-

216 1532 345 1566 lutus.»
366 1552 403 1557 —-
428 1534 562 1575 solutus]
589 1535 628 1566 ut
651 1533 714 1565 Od.
733 1533 765 1572 4,
783 1533 843 1573 27,
863 1533 917 1565 2⁴.

260 1583 378 1615 73-76.
407 1584 505 1624 Vare]
528 1584 615 1616 Mira
631 1583 695 1615 fuit
716 1583 826 1615 Iahnii
841 1583 920 1624 opi-

215 1633 274 1664 nio
304 1633 399 1665 hunc
429 1633 564 1665 Varum
595 1633 652 1665 hic
684 1634 757 1665 tam
788 1631 918 1665 acerbe

214 1682 358 1715 irrisum
382 1682 538 1715 eundem
561 1691 642 1715 esse
666 1683 772 1724 atque
797 1691 920 1714 carum

216 1731 348 1764 Horatii
361 1731 533 1772 sodalem,
549 1731 595 1764 ad
608 1741 723 1774 quem
731 1733 786 1765 est
798 1733 916 1770 Germ,

218 1782 253 1821 4,
281 1781 333 1814 ⁴8.
358 1783 472 1814 Immo
493 1783 681 1815 retinenda
697 1783 753 1814 est
774 1782 919 1823 antiqua

216 1829 274 1863 illa
298 1829 526 1877 παράδοσις,
553 1832 661 1865 fuisse
685 1832 781 1864 hunc
798 1831 920 1874 Alfiwm

218 1881 399 1922 quendam
425 1882 570 1922 Varum,
607 1882 790 1914 hominem
820 1882 919 1913 cete-

219 1932 346 1972 roquin
369 1932 540 1972 ignotum.
579 1932 649 1964 Cfr.
669 1931 843 1964 Carminis
858 1939 920 1963 ve-

218 1982 312 2013 teres
356 1982 606 2023 Inscriptiones
646 1981 741 2023 apud
779 1989 844 2013 nos
884 1982 920 2013 et

218 2030 312 2071 apud
340 2030 662 2072 Vanderburgium.
701 2030 803 2063 Estre
832 2031 916 2062 Hor.

217 2081 273 2112 Pr.
299 2088 334 2121 p.
360 2081 437 2113 202.
467 2099 502 2104 —-
523 2080 725 2121 potionibus]
755 2080 796 2112 V.
825 2084 918 2121 potio

217 2129 386 2170 frequens
421 2130 466 2162 de
500 2129 636 2172 philtris
673 2139 715 2162 ac
748 2130 916 2170 venenis,

216 2178 311 2210 unde
342 2180 438 2220 apud
462 2180 558 2212 Suet.
586 2178 692 2220 Calig.
719 2180 773 2212 50.
805 2179 919 2220 potio-

216 2231 331 2268 natus,
359 2230 394 2261 et
417 2228 594 2261 Gallorum
612 2230 743 2269 poison.
764 2248 800 2252 —
824 2230 921 2271 fletu-

217 2278 304 2320 rum]
331 2277 543 2311 «doliturum
570 2279 718 2320 propter
746 2279 936 2315 insaniam!

218 2329 253 2358 et
283 2327 459 2367 furorem,
496 2328 625 2369 quibus
660 2329 694 2360 te
729 2327 916 2361 afficiam.»

219 2376 288 2408 Cir.
310 2378 380 2409 Sat.
409 2378 447 2416 Ξ,
474 2379 486 2410 4
505 2403 511 2416 ,
537 2377 597 2410 45:
625 2378 688 2418 Qui
710 2386 762 2410 me
777 2387 921 2410 commo-

217 2427 278 2466 rit,
297 2444 315 2450 -
331 2444 350 2450 -
366 2427 467 2459 Flebit
491 2428 559 2459 cet.
589 2445 624 2451 -
660 2430 783 2459 vocata
815 2427 916 2469 mens]

217 2474 422 2517 Amplector
457 2485 551 2509 nunc
589 2477 917 2518 interpretationem

218 2525 430 2565 Ringwoodii
445 2526 479 2558 in
500 2526 562 2558 Ed.
581 2526 756 2558 Theocriti
771 2535 805 2567 p.
826 2526 916 2565 408„

218 2573 371 2615 benigne
388 2584 532 2608 mecum
548 2585 569 2608 a
586 2572 802 2608 Crawfurdio
819 2583 919 2607 com-

221 2624 450 2657 municatam:
479 2633 566 2658 «nec
584 2623 693 2658 solitis
709 2626 816 2667 atque
833 2634 920 2667 quo-

755 45 925 96 HORAjru
949 46 1121 79 EPODON

439 150 503 193 Ah
533 149 605 194 ah!
639 149 805 193 solutus
835 150 1026 194 ambulat
1053 149 1274 194 veneficae

497 231 744 275 Scientioris
773 231 976 275 carmine.

440 314 534 356 Non
560 313 747 362 usitatis,
778 313 909 362 Vare,
939 312 1207 369 potionibus,

499 395 536 438 O
566 393 698 436 multa
727 393 929 436 fleturum
957 399 1107 450 caput,

436 475 502 518 Ad
531 489 600 518 me
630 487 856 524 recurres,
887 487 970 517 nec
997 481 1149 518 vocata
1177 488 1298 540 mens
1328 482 1402 518 tua

495 556 646 599 Marsis
676 555 833 599 redibit
860 555 1040 599 vocibus
1058 570 1066 598 ε

438 637 573 680 Maius
603 635 788 694 parabo,
821 636 960 679 maius
976 634 1208 680 'infundam
1226 636 1311 681 ‘tibi

499 717 747 761 Fastidienti
777 717 1000 774 poculum,

440 799 653 856 Priusque
683 797 851 842 caelum
882 798 994 842 sidet
1022 799 1198 843 inferius
1228 799 1362 850 mari,

303 926 356 958 74.
380 924 476 957 Aha!
499 922 694 963 Bentleius‚
718 924 773 961 Ha
786 924 854 956 hal
879 925 966 972 Fea.
985 925 1067 966 (om.
1086 925 1139 965 B.)

1255 953 1274 967 l

1615 476 1668 518 75

970 1035 1109 1070 tidianis
1153 1037 1449 1074 incantationibus
1486 1039 1644 1073 Marsicis
1658 1065 1667 1080 ,

968 1086 1034 1119 sed
1056 1085 1159 1128 longe
1189 1087 1448 1121 efficacioribus
1476 1090 1536 1121 tua
1565 1097 1670 1123 mens
1693 1082 1703 1114 ’-

969 1137 1061 1169 13813
1094 1136 1140 1168 ad
1171 1146 1230 1169 me
1253 1137 1403 1177 redibit;
1440 1139 1670 1172 nam-maius

969 1187 1060 1218 cet.»
1089 1186 1146 1218 Sic
1168 1188 1288 1219 mente
1305 1187 1478 1229 repetitur
1500 1188 1668 1230 praeced.

968 1237 1013 1268 ad
1023 1244 1088 1276 me,
1103 1237 1183 1268 etv.
1196 1237 1307 1268 maius
1321 1238 1510 1279 opponitur
1527 1238 1669 1279 utrique

968 1285 1133 1318 membro
1155 1284 1222 1318 11οή
1243 1286 1376 1318 usitatis
1391 1287 1458 1319 cet.
1478 1287 1515 1319 et
1534 1295 1594 1319 nec
1613 1296 1672 1320 vo-

967 1339 1047 1368 cata
1062 1337 1130 1368 cet.
1173 1336 1288 1377 Atque
1308 1335 1470 1369 similiter
1490 1337 1562 1370 iam
1583 1337 1667 1370 Adr.

969 1384 1156 1418 Turnebus
1191 1383 1338 1427 (advers.
1365 1385 1424 1426 44,
1451 1386 1522 1428 9.):

969 1435 1003 1466 te
1028 1435 1142 1468 Marsa
1174 1436 1300 1468 naenia
1331 1444 1399 1468 nec
1429 1437 1593 1470 cantione
1623 1435 1671 1469 ad

969 1492 1027 1516 me
1051 1484 1249 1525 revocabo,
1285 1494 1353 1518 nec
1377 1493 1480 1518 mens
1502 1487 1562 1518 tua
1584 1485 1671 1519 mihi
1689 1479 1691 1484 ¹

968 1534 1176 1567 restituetur
1210 1535 1348 1576 magico
1384 1535 1565 1575 carmine;
1605 1534 1671 1569 sed

969 1584 1085 1616 maius
1116 1584 1287 1626 quiddam
1317 1584 1452 1626 parabo
1476 1586 1513 1617 et
1535 1594 1580 1618 ex
1601 1585 1671 1618 hu—

970 1634 1084 1666 manis
1098 1634 1187 1667 extis
1200 1635 1373 1667 amatorio
1387 1635 1585 1676 temperato
1598 1642 1685 1667 non

969 1683 1096 1716 usitata
1126 1683 1269 1725 potione
1300 1685 1335 1716 te
1358 1683 1522 1716 insanum
1546 1691 1669 1717 amore

970 1733 1041 1764 mei
1056 1732 1242 1766 reddam.»
1270 1734 1310 1765 In
1323 1732 1458 1774 volgari
1473 1733 1610 1766 ratione
1626 1741 1671 1766 ex

969 1791 1026 1815 vv.
1042 1783 1087 1815 ad
1099 1791 1152 1815 me
1167 1783 1253 1816 satis
1263 1791 1329 1824 pro
1345 1782 1517 1816 arbitratu
1528 1781 1687 1816 eliciunt

970 1833 1016 1864 ad
1030 1835 1079 1872 te,
1099 1834 1135 1864 et
1149 1833 1231 1865 31118
1246 1841 1282 1864 v.
1299 1833 1410 1865 maius
1423 1831 1528 1875 plene
1545 1832 1671 1866 distin-

969 1882 1099 1923 guunt,
1125 1883 1417 1924 interpretantes:
1455 1890 1544 1917 «nec
1566 1888 1671 1915 mens

969 1935 1028 1963 tua
1061 1932 1151 1964 meis
1184 1932 1332 1964 venenis
1369 1930 1482 1964 semel
1512 1930 1672 1965 <alienata

969 1981 1126 2022 mihique
1150 1980 1302 2013 obnoxia
1325 1980 1433 2020 facta,
1459 1981 1673 2014 incantatio-

968 2030 1072 2063 nibus
1094 2030 1220 2063 Marsis
1236 2031 1422 2070 revocata,
1447 2038 1607 2071 unquam
1622 2029 1670 2063 ad

968 2082 1020 2119 te,
1056 2080 1093 2112 id
1124 2080 1198 2119 est,
1234 2079 1280 2111 ad
1304 2080 1492 2112 sanitatem
1522 2078 1592 2112 libe
1622 2092 1639 2107 ω

969 2132 1113 2170 temque
1136 2128 1302 2161 redibit.»
1330 2127 1414 2161 Alii:
1441 2137 1528 2161 «nec
1552 2131 1586 2161 te
1610 2137 1649 2162 se
1670 2141 1678 2148 -·

968 2178 1038 2212 mel
1077 2179 1163 2211 mihi
1190 2176 1418 2211 'advocatum
1451 2187 1494 2211 ac
1526 2179 1661 2220 potion-

969 2227 1162 2269 obligatum
1193 2227 1260 2260 alia
1283 2236 1368 2269 saga
1403 2228 1534 2260 iterum
1559 2236 1580 2260 a

968 2286 1119 2309 avocare
1136 2278 1293 2310 carmine
1317 2285 1383 2310 suo
1400 2277 1574 2319 poterit»;
1597 2275 1654 2310 vel

969 2329 1006 2359 ut
1029 2326 1148 2360 verbis
1178 2327 1258 2359 utar
1291 2326 1563 2369 Porphyrionis,
1616 2339 1623 2355 ι
1665 2332 1674 2370 ⁷.

970 2379 1089 2409 tamen
1112 2378 1220 2410 etiam
1244 2376 1427 2418 volgarem
1460 2377 1616 2418 interpre
1640 2388 1645 2402 τ

1573 1388 1670 1420 «Non

969 2427 1102 2459 tionem
1133 2426 1259 2459 habet:
1307 2434 1438 2459 «mens
1471 2427 1529 2458 tua
1563 2434 1582 2458 a
1610 2433 1696 2468 mg

969 2477 1143 2508 incantata
1161 2484 1344 2517 nunquam
1359 2474 1506 2514 redibit,
1531 2475 1649 2507 8113111
1693 2475 1695 2501 I

969 2526 1092 2559 Marsis
1108 2515 1255 2558 vocib'us
1272 2526 1495 2558 revocetur.»
1514 2540 1550 2547 —
1575 2525 1636 2557 M*-

969 2575 1024 2617 sis]
1057 2575 1167 2617 Epod.
1195 2575 1254 2615 ⁴7,
1283 2575 1349 2607 29:
1388 2575 1576 2607 Marsa--
1621 2587 1689 2607 1

970 2625 1039 2657 nia.
1088 2623 1239 2657 Lucilius
1266 2624 1328 2662 ΞΟ,
1353 2624 1385 2657 5.
1418 2632 1496 2665 pag.
1523 2622 1576 2656 46.
1609 2621 1654 2655 ed
1685 2622 1689 2650 Ξ
