1722 2904
639 56 718 89 ΠΒ.
743 55 799 89 1V.
846 55 886 88 C.
912 55 967 88 lV.

1442 53 1525 95 543

309 159 507 204 Permisit
535 165 737 216 expertus
765 157 941 203 fidelem

363 239 553 297 luppiter
579 238 903 297 inauanymede
939 237 1072 287 ssavo,

219 389 224 392 ,
251 345 365 390 Olim
391 345 588 388 iuventas
615 350 659 388 et
685 344 849 401 patrius
877 343 1000 400 vigor
1498 345 1524 383 :3

249 425 358 470 Nido
386 424 583 469 laborum
610 423 799 482 propulit
825 423 1006 468 inscium

305 506 520 564 Vernique
550 505 635 548 iam
662 504 819 548 nimbis
847 505 1024 548 remotis

366 585 562 630 Insolitos
592 585 784 630 docuere
812 585 934 628 nisus

167 719 200 751 6.
219 717 362 759 muttit
381 716 498 750 Bde.
525 717 607 758 (non
630 717 701 757 Sc.)
726 734 764 740 —
801 717 834 749 7.
862 716 1039 756 Vmisque
1061 715 1153 759 h.y,u
1178 716 1271 756 (cum
1294 725 1369 748 var.
1395 715 1475 749 lect.

121 767 229 810 verni)
262 776 288 806 χ
321 765 426 806 alter,
461 777 495 805 ι,
528 775 582 808 pr.
612 765 682 805 βκ,
718 775 790 798 non
823 763 1048 807 improbante
1083 763 1251 797 Bentleio.
1301 765 1352 805 (Ut
1386 774 1475 803 nos,

123 816 249 850 BSTcd
257 842 266 858 ,
291 818 379 850 Pott.
404 816 588 858 quinque.)

81 936 139 967 tur
171 935 293 967 mente
326 931 461 975 aquila,
496 933 589 966 lovis
618 932 778 965 ministra

81 985 157 1018 sive
188 982 318 1017 famula
342 983 398 1024 (ut
418 982 512 1024 Virg.
534 984 623 1016 Aen.
646 983 686 1021 5,
714 982 775 1014 95:

79 1041 230 1075 sel-pem
255 1032 404 1075 smus
422 1031 628 1072 Anchisae),
657 1032 778 1072 Gany—

79 1081 244 1122 medem,
261 1081 361 1115 Trois
375 1080 498 1120 fllium,
515 1082 693 1124 rapuerat,
711 1081 779 1113 sic-

79 1140 151 1173 que
169 1129 458 1174 Apollodorum.
483 1131 546 1169 42,
562 1131 603 1169 2,
620 1130 660 1163 3:
684 1127 778 1163 τοῦ·

79 1177 246 1214 τον-διὰ
266 1177 410 1220 κάλλος
430 1175 662 1239 ἀναρπάσας
681 1176 776 1221 Ζεὺς

78 1228 127 1263 δι’
156 1226 273 1263 ἀετοῦ
302 1227 406 1263 θεῶν
437 1225 621 1268 οἰνοχόον
642 1229 684 1262 ἐν
706 1226 776 1262 ου’-

78 1277 183 1326 ρανῷ
204 1279 452 1322 κατέστησεν.
478 1279 712 1317 Posteriores.
737 1281 776 1311 ut

78 1328 236 1368 videtur.
264 1329 386 1362 lovem
415 1329 533 1370 ipsum
561 1336 606 1360 eo
628 1327 775 1360 consilio

79 1386 161 1412 sese
191 1378 228 1411 in
254 1376 409 1419 aquilam
437 1378 595 1410 mutasse
618 1378 774 1410 narrant.

80 1427 222 1461 Lucian.
252 1425 340 1460 Dial.
370 1427 412 1459 D.
442 1425 476 1459 4.
514 1425 635 1468 ibique
665 1427 776 1459 Hem-

80 1476 235 1509 ster-hus.
259 1475 401 1509 Fundus
422 1477 543 1508 autem
566 1474 704 1508 tabulae
721 1478 776 1508 est

80 1524 176 1558 Iliad.
201 1535 246 1565 v,
268 1524 353 1557 232:
388 1520 567 1565 ἀντίθεος
595 1522 776 1567 Γανυμή-

80 1570 243 1617 δης,“Ὀς
255 1570 305 1616 δὴ
320 1570 527 1614 κάλλιστος
540 1574 670 1616 γένετο
685 1574 776 1616 θνη-

80 1621 157 1656 τῶν
177 1619 411 1669 ἀνθρώπων·
437 1620 603 1655 Τὸν’καὶ
622 1618 776 1669 ἀνηρεί-

80 1678 212 1715 ψαντο
232 1673 322 1706 θεοὶ
342 1671 404 1705 Διὶ
418 1669 656 1711 οἰνοχοεύειν
669 1671 775 1706 Κάλ-

80 1722 168 1764 λεος
196 1721 323 1756 εἵνεκα
352 1718 436 1761 οἷο,
470 1721 515 1754 ἵν’
543 1718 776 1755 ἀθανάτοισι

79 1773 224 1816 μετ.εὲη
268 1771 384 1805 Schol.
421 1772 533 1805 Vatic.
573 1772 620 1804 ad
655 1773 774 1814 Eun'p.

80 1821 207 1855 Troad.
225 1822 309 1855 82⁴:
339 1818 416 1854 Τὸν
438 1818 670 1864 Γανυμήδην
691 1820 777 1853 καθ’

74 1866 242 1918 Ὅμηρον
265 1868 411 1925 Τρωὸς
418 1866 513 1903 ὄντα
538 1869 657 1903 παῖδα
676 1870 779 1903 Λαο-

80 1919 266 1963 μέδοντος
286 1918 356 1954 νῦν
377 1917 481 1953 εὶκεν
503 1916 778 1963 ἀκολουθήσας

80 1966 134 2014 τῷ
164 1967 237 2013 τὴν
271 1967 415 2016 μικρὰν
442 1966 585 2003 Ἰλιάδα
618 1979 778 2013 πεποιη-

80 2017 178 2053 κότι.
197 2021 390 2062 —Inspice
406 2021 587 2062 egregiam
601 2021 778 2062 picturam

82 2070 334 2112 Pompeianam
365 2071 453 2103 Mus.
490 2070 634 2102 Bor-bon.
662 2070 703 2102 X.
738 2070 775 2101 T.

81 2119 137 2152 86.
164 2137 202 2143 —
223 2120 325 2161 Μυο]
349 2120 452 2152 Hom.
478 2120 606 2160 Hymn.
627 2119 664 2151 in
686 2119 774 2151 Ven.

52 2168 55 2169 ⁷
81 2167 166 2200 203:
189 2163 302 2201 'Htw
330 2167 403 2210 μὲν
430 2165 576 2209 ξανθὸν
598 2165 778 2210 Γανυμή-

81 2215 151 2250 δεα
175 2218 337 2260 μητίετα
363 2215 459 2258 Ζεὺς
476 2213 681 2264 Ἦρπασεν.
714 2218 778 2249 Sa-

82 2266 128 2299 tis
149 2268 271 2299 autem
291 2267 430 2308 poetice
452 2267 521 2299 hac
544 2267 774 2308 digressione.

82 2324 191 2356 quam
212 2315 342 2349 frustm
357 2316 485 2357 (deleto
506 2317 613 2349 etiam
627 2325 661 2348 v.
679 2316 725 2356 6.)
743 2317 777 2348 in

82 2364 238 2406 νοθείας
254 2366 494 2408 suspicionem
516 2365 696 2398 adducere
720 2373 780 2397 co-

84 2415 186 2446 natus
209 2416 264 2447 est
285 2415 368 2454 HP„
392 2415 583 2456 significat,
609 2423 674 2446 cur
694 2415 779 2455 Iup—

83 2463 177 2504 piter
196 2462 351 2504 aquilam
373 2465 470 2496 tanto
497 2464 632 2496 honore
655 2462 779 2503 digna-

85 2513 142 2544 tus
163 2512 220 2544 sit.

127 2562 160 2593 5.
205 2561 307 2601 Olim]
347 2562 554 2603 frequenter
588 2562 779 2603 usurpatur

87 2611 121 2643 in
144 2609 280 2643 fabellis
303 2612 338 2643 et
360 2610 531 2652 exemplis
547 2611 592 2643 de
615 2612 777 2652 tempore

828 932 979 971 infinito.
1018 941 1091 974 quo
1130 931 1263 973 aliquid
1303 932 1434 965 factum
1468 935 1523 965 est

827 983 889 1014 aut
909 982 986 1014 fieri
1009 981 1115 1019 solet,
1140 983 1179 1014 ut
1198 981 1310 1023 Epod.
1328 982 1367 1020 3,
1394 982 1425 1014 4.
1450 983 1520 1014 Sat.

828 1032 864 1070 4,
880 1032 916 1069 4,
931 1032 985 1063 25.
1011 1031 1099 1072 Epp.
1115 1032 1152 1069 4,
1168 1030 1294 1070 ⁴0,42.
1320 1031 1413 1072 virg.
1433 1032 1521 1064 Aen.

824 1081 863 1120 8,
888 1081 964 1113 394.
993 1098 1029 1104 —-
1048 1080 1194 1122 patrius]
1220 1081 1450 1121 -ingenitus-

852 1131 902 1163 ·6.
927 1130 1091 1170 labor-mn]
1117 1132 1174 1162 «et
1194 1129 1332 1162 volatus
1346 1131 1384 1162 et
1405 1131 1524 1162 certa-

825 1180 979 1218 minum,
1004 1188 1098 1221 quae
1119 1187 1204 1212 eum
1227 1181 1383 1218 manent,
1401 1180 1525 1212 etiam-

824 1231 909 1262 tunc
938 1230 1151 1262 insuetum.»
1178 1247 1214 1252 —
1234 1229 1402 1269 propulit]
1430 1229 1524 1261 «im-

824 1279 929 1322 pulsu
958 1278 1116 1320 quodam
1144 1277 1292 1311 naturali
1323 1279 1407 1311 nido
1429 1278 1523 1311 foras

825 1328 990 1371 expulit..
1027 1327 1147 1361 Altera
1175 1327 1280 1360 lectio
1302 1329 1446 1368 pronam
1474 1329 1520 1366 vi,

825 1387 917 1420 quae
940 1378 999 1410 hic
1022 1378 1231 1419 requiritur,
1257 1380 1367 1410 caret.
1388 1396 1424 1401 —-
1443 1379 1524 1410 Fre-

825 1436 940 1469 quens
962 1429 1082 1459 autem
1105 1426 1304 1468 perrectum
1326 1427 1446 1459 aoristi
1472 1427 1523 1459 si-

823 1476 1046 1518 gnificatione
1087 1476 1123 1508 in
1160 1475 1449 1508 similitudinibus
1487 1477 1523 1508 et

824 1524 1157 1567 comparationibus.
1200 1524 1271 1558 Cfr.
1306 1525 1400 1566 virg.
1430 1527 1519 1558 Aen.

826 1576 886 1614 44,
910 1574 975 1608 809
997 1583 1100 1615 seqq.

868 1625 902 1656 7.
927 1624 960 1657 8.
988 1623 1161 1663 Vemique]
1191 1623 1284 1655 «iam
1311 1623 1443 1656 nimbis
1466 1623 1524 1655 hi-

824 1673 945 1706 bernis
975 1671 1238 1710 desinentibus,
1278 1681 1363 1705 cum
1391 1672 1524 1706 sudum

825 1725 881 1756 est
894 1721 1069 1756 caelum.»
1089 1723 1207 1754 Primo
1222 1723 1321 1756 enim
1329 1724 1432 1760 γει-ο,
1450 1723 1525 1755 ine-

825 1774 909 1804 unte
932 1780 1058 1804 mense
1086 1770 1212 1812 Aprili,
1244 1771 1424 1804 interdum
1451 1772 1524 1804 iam

826 1822 977 1854 exeunte
1000 1830 1049 1853 m.
1074 1821 1199 1853 Martio
1221 1819 1337 1862 aquila
1360 1830 1426 1862 per
1445 1821 1524 1853 dies

824 1871 911 1903 XXI.
936 1868 1012 1903 ovis
1035 1869 1190 1902 incubat.
1236 1871 1277 1902 V.
1303 1870 1430 1902 Schinz
1454 1871 1524 1902 Ne-

824 1924 892 1952 stor
911 1920 982 1952 md
1002 1920 1095 1959 Eier,
1122 1919 1242 1951 Zur-ich
1265 1919 1361 1951 4849.
1385 1927 1421 1960 p.
1444 1919 1521 1951 409.

825 1970 865 2002 In
880 1970 987 2011 poeta
1002 1970 1122 2000 autem
1137 1968 1312 2000 versantis
1326 1967 1432 2000 stulta
1447 1970 1525 2000 erat

825 2017 901 2051 Iulii
919 2018 1080 2050 Caesaris
1104 2017 1269 2057 scaligeri
1291 2017 1523 2058 reprehensio

826 2069 924 2100 Poet.
949 2067 1024 2099 Lib.
1042 2067 1074 2099 6.
1094 2075 1129 2108 p.
1147 2066 1238 2105 887„
1264 2066 1361 2107 quod
1383 2065 1522 2108 aquilae

825 2116 985 2150 novellae
1016 2125 1140 2148 mense
1180 2115 1329 2148 demum
1364 2116 1523 2156 Augusto

826 2166 917 2198 nidis
940 2166 1061 2207 patriis
1081 2163 1272 2197 evolarent.
1299 2165 1362 2206 (De
1378 2164 1525 2196 nivrtboso

826 2214 944 2247 ltaliae
970 2222 1049 2246 vore
1075 2213 1138 2246 cfr.
1169 2214 1290 2245 luven.
1322 2212 1361 2253 4,
1391 2213 1446 2246 87.
1482 2213 1521 2251 5,

826 2264 887 2296 78:
903 2264 1058 2304 tranent
1072 2271 1261 2294 saevacum
1273 2262 1439 2303 mondino
1451 2270 1526 2294 ver-

826 2322 888 2345 nus
900 2313 1049 2353 Iuppiter
1063 2316 1094 2344 et
1107 2312 1211 2344 muto
1225 2312 1367 2344 stillaret
1374 2312 1525 2352 paenula

826 2361 964 2403 winiho.)
995 2379 1032 2385 —
1058 2362 1177 2394 Lectio
1200 2360 1313 2394 Codd.
1339 2360 1420 2401 aliq.
1444 2369 1524 2392 ver-

825 2412 941 2451 nisque
970 2419 1041 2443 non
1069 2412 1124 2444 est
1150 2411 1216 2443 nisi
1239 2409 1522 2442 accommodatio

827 2460 874 2493 ad
887 2470 922 2492 v.
939 2460 1074 2498 wirahin
1098 2469 1167 2492 nec
1180 2459 1323 2501 placent
1342 2459 1431 2490 venei
1444 2459 1521 2491 sine

827 2509 1007 2553 ἐπιθέτω,
1033 2511 1070 2542 et
1091 2509 1226 2550 ingrate
1255 2507 1370 2541 sibilat
1398 2515 1524 2539 versus

829 2560 1007 2600 Ver-nisque
1041 2559 1113 2592 inin
1147 2558 1267 2591 nimbis
1296 2557 1443 2590 remotis.
1484 2574 1520 2579 —

827 2610 961 2649 nimJ«
945 2608 1100 2641 «alarum
1115 2608 1279 2647 verbera,
1300 2606 1523 2647 remigium.
