1722 2904
627 80 705 112 un.
730 80 787 112 111.

834 79 874 111 e.
897 79 984 112 xiv.
1450 76 1525 120 434

313 185 356 228 Si
386 198 465 242 per
492 183 674 226 invisum
702 196 823 225 mora
852 182 1074 225 ianitorem

430 265 532 315 Fiet,
559 263 694 309 sabito.

314 371 436 415 Lenit
463 369 686 414 albescens
716 369 881 412 animos
910 368 1090 426 capillus

316 452 470 495 Litium
499 458 542 494 et
570 450 687 494 rixae
715 449 897 508 cupidos
925 456 1180 507 protervae3

315 533 408 575 Non
443 545 525 589 ego
554 530 638 575 hoc
664 530 820 574 ferrem
849 529 1014 574 calidus
1044 530 1216 573 iuventa

434 611 619 656 Consule
663 610 832 654 Planco.

178 732 232 764 27.
255 732 390 764 §wasta
410 739 481 763 om.
494 778 498 782 ἱ
511 731 548 763 Τ.

95 839 157 880 qui
178 838 282 870 huius
305 838 419 876 iussa,
453 845 517 878 pro
540 835 662 868 talium
685 835 788 868 semi-

95 896 221 920 narum
243 886 447 928 quotidiano
468 885 580 918 lubitu
603 894 712 928 saepe
726 894 789 918 vo-

94 936 214 969 lubilia
235 938 342 977 atque
364 935 432 968 sibi
454 935 703 977 repugnantia,
727 933 790 967 illi-

95 995 139 1019 eo
169 986 316 1027 exsequi
346 984 472 1024 dehet,
507 993 578 1016 non
609 984 666 1025 (ut
695 983 791 1016 calu-

94 1036 290 1068 mniaturus
310 1036 453 1076 poetam
477 1034 545 1067 ΗΡ.
569 1033 670 1066 dicit:
696 1032 788 1066 «Tali

94 1083 235 1117 mulieri
264 1092 371 1116 nemo
401 1092 509 1116 sanus
536 1082 674 1116 dederit
701 1083 790 1115 iani·

94 1134 256 1175 torem»)
286 1135 406 1166 custos
433 1141 453 1164 a
477 1133 603 1165 marito
629 1132 786 1171 additus,

95 1181 398 1224 quemadmodum
420 1190 506 1214 sane
529 1180 653 1214 Tibull.
679 1182 717 1221 4,
747 1182 786 1221 2,

95 1233 135 1265 5:
169 1232 260 1264 Nam
279 1232 391 1272 posita
419 1235 466 1264 σα
486 1235 620 1263 nostrae
640 1231 790 1263 ermodia

95 1290 198 1314 saeva
222 1281 365 1323 puellae.
413 1282 572 1326 Proper-t.
596 1281 637 1320 2,
662 1280 723 1320 23,
747 1280 787 1312 9:

138 1430 194 1462 27.
218 1430 294 1463 Non
308 1440 369 1472 eqo
382 1431 443 1463 hoc
455 1430 589 1472 ferrem]
615 1431 670 1462 «Si
693 1431 789 1463 eius—

836 835 932 868 modi
954 834 1088 881 ἑταλρα
1110 842 1254 867 mecum
1270 836 1393 877 potare
1409 843 1535 876 asper-

836 886 917 917 nata
933 886 1030 918 esset
1042 884 1174 917 consule
1187 885 1225 917 1..
1241 884 1396 917 Munatio
1409 885 1533 917 Planco

836 943 920 966 cum
941 935 987 967 Μ.
1003 933 1151 967 Aemilio
1173 933 1305 976 Lepido
1327 934 1368 966 11.
1393 942 1425 966 a.
1446 943 1479 966 u.
1497 943 1530 965 c.

836 984 873 1016 7⁴
881 985 928 1023 2.,
953 993 1037 1017 cum
1053 984 1155 1017 xxn.
1173 991 1286 1016 annos
1300 985 1404 1016 nutus
1419 991 1531 1023 eram,

837 1042 907 1065 non
930 1033 1078 1073 ferrem,
1113 1033 1179 1066 sed
1201 1033 1277 1066 eius
1300 1032 1394 1066 fores
1419 1042 1533 1075 expu-

837 1091 1019 1124 gnarem.»
1045 1101 1082 1106 —
1106 1083 1230 1116 Hiram
1251 1081 1422 1126 διλογίαν
1442 1082 1532 1115 odo-

837 1133 935 1164 ratus
946 1141 1060 1174 nuper
1072 1131 1269 1174 philologus
1281 1132 1427 1174 quidam
1442 1131 1533 1164 haec

838 1182 884 1213 ita
908 1183 1088 1223 exposuit:
1115 1181 1196 1214 «Illo
1218 1190 1331 1221 anno,
1356 1190 1428 1224 quo
1450 1181 1535 1213 ado—

837 1230 978 1264 lescens
999 1230 1167 1274 Philippis
1190 1231 1403 1273 depugnavi,
1428 1231 1535 1263 Octa-

836 1281 929 1313 viani
972 1280 1250 1314 dominationem
1287 1290 1354 1323 ego
1389 1288 1534 1322 quoque

838 1330 1003 1369 oderam3
1029 1340 1123 1364 nunc
1144 1330 1247 1372 longe
1270 1329 1373 1365 aliter
1394 1338 1475 1363 sum
1497 1329 1534 1362 in

838 1389 923 1412 eum
943 1381 1138 1414 animatus:
1165 1381 1216 1414 sic
1238 1381 1346 1413 etiam
1359 1388 1444 1419 vos,
1468 1379 1535 1411 Ro-

838 1430 950 1469 mani,
974 1428 1072 1462 illum
1094 1430 1363 1462 veneramini!»
1394 1428 1531 1471 Apage!

669 1852 963 1866 11
