1722 2904
201 72 282 115 416
715 75 887 107 HoaATn
911 75 1135 109 mammem

681 229 1163 268 Excunsus

754 323 1050 355 Anvv.l7—20.

290 421 435 462 Egregie
465 422 577 453 totum
606 420 725 454 locum
754 421 910 454 defendit
939 422 1100 454 Iahnius:
1141 435 1156 451 t(
1168 422 1209 454 Hi
1232 423 1399 464 quattuor
1420 431 1546 457 versus
1568 422 1647 466 plu-

202 476 301 509 ribus
319 476 587 518 ,difficultatibus
611 476 773 509 laborare
797 478 862 509 visi
886 479 978 509 sunt.
1015 478 1172 509 Primum
1188 477 1284 510 enim
1305 476 1440 520 longior
1460 479 1550 512 haec
1565 480 1650 513 Cer-

203 532 279 564 beri
303 532 493 574 descriptio
517 533 683 565 orationis
708 541 859 572 nexum,
893 541 976 565 cum
999 534 1105 574 poeta
1128 531 1282 574 reliquas
1303 542 1363 567 res
1384 533 1543 568 breviter
1567 536 1649 568 atti-

203 589 309 629 gerit,
345 588 569 630 interrumpit
592 589 627 620 et
650 587 746 620 salvo
771 597 879 621 sensu
903 587 1031 620 abesse
1054 589 1183 630 potest.
1230 589 1300 621 Sed
1323 591 1464 632 saepius
1485 591 1647 624 Horatius

204 652 334 676 nexum
369 644 623 676 sententiarum
658 644 709 676 sic
744 644 984 685 interrumpit,
1020 645 1060 676 ut
1086 644 1122 676 in
1150 643 1359 686 ampliorem
1388 646 1441 678 rei
1463 647 1648 680 cuiusdam

205 700 479 741 descriptionem
502 699 717 740 exspatietur
740 700 776 731 et
798 699 878 740 post
900 698 1020 740 plures
1042 708 1168 732 versus
1191 699 1339 733 demum
1361 702 1527 735 orationis
1550 701 1649 735 filum

205 758 374 788 resumat.
399 755 440 787 V.
459 755 494 794 4,
521 755 580 794 ⁴2,
605 754 762 793 26—-323
795 754 854 794 32,
881 755 1018 793 5-42;
1052 754 1111 795 37,
1139 755 1294 795 ⁴7—20;
1326 755 1364 796 3,
1388 755 1427 796 4,
1451 756 1590 791 45-48
1613 759 1650 791 et

205 812 241 843 64
252 810 353 849 -64;
382 811 421 842 47
433 836 440 849 ,
458 810 555 842 2—9.
576 809 647 851 (ubi
671 809 845 842 Sanadon.
865 812 900 842 et
923 810 1012 842 Edit.
1031 810 1164 843 Bodon.
1182 820 1239 843 vv.
1257 812 1356 844 2—5.
1373 812 1466 845 male
1480 813 1647 854 eiiciunt);

203 866 263 906 24,
299 865 438 898 47—24.
472 865 510 904 4,
544 865 579 904 4,
613 865 716 904 2-4;
754 866 790 906 6,
824 865 944 899 9—24.
971 867 1088 899 Carm.
1114 875 1186 900 sec.
1211 866 1353 901 44-44.
1389 868 1498 910 Epist.
1524 869 1562 909 ⁴,
1588 869 1647 909 ⁴5,

203 922 311 955 2-43
336 924 371 954 et
394 922 534 954 46-24.
560 921 712 962 Doering
727 921 775 953 ad
796 922 866 954 Sat.
886 922 922 961 l,
947 922 985 961 7,
1013 922 1066 954 40.
1091 923 1165 955 Hoc
1179 921 1257 955 loco
1273 925 1394 956 autem
1407 924 1512 966 poeta
1526 923 1649 957 latiore

205 977 352 1011 Cerberi
383 977 620 1019 descriptione
653 978 726 1009 vim
756 976 853 1018 lyrae
878 986 948 1010 non
977 978 1096 1020 inepte
1120 978 1323 1011 celebravit.
1370 980 1508 1013 Etenim
1527 980 1652 1021 fin-iaie

203 1037 319 1074 caput,
356 1042 498 1075 angues,
533 1033 670 1074 spiritus
696 1035 731 1065 et
752 1034 860 1066 sanies
882 1042 1062 1066 summam
1085 1035 1161 1067 eius
1183 1035 1440 1068 immanitatem
1461 1037 1568 1078 atque
1594 1035 1651 1068 fu-

204 1099 323 1122 rorem
346 1090 556 1131 depingunt3
583 1089 807 1122 nihilominus
830 1088 928 1131 lyrae
951 1088 1146 1123 blandienti
1169 1090 1286 1124 cessit.
1333 1091 1421 1124 Tum
1435 1100 1524 1124 vero
1539 1092 1651 1133 magis

205 1146 312 1179 etiam
346 1145 492 1177 offendit
521 1154 598 1177 voc.
626 1146 704 1177 eius.
753 1147 954 1178 Pronomen
981 1146 1010 1177 is
1041 1146 1152 1186 enim,
1188 1146 1285 1188 quod
1319 1141 1651 1193 ὀρθοτονούμενον

205 1202 357 1242 (notione
381 1201 492 1234 nostri
515 1202 591 1242 der,
617 1202 685 1241 die,
719 1200 792 1243 dds)
817 1200 913 1243 apud
934 1202 1059 1243 poetas
1082 1201 1250 1243 frequens
1273 1202 1344 1242 est,
1377 1199 1590 1246 ἐγκλιτικὸν
1614 1204 1652 1236 et

205 1253 447 1304 προκλιτικὸν
482 1256 594 1298 (quod
624 1258 785 1290 nostrum
816 1266 872 1297 er,
904 1257 966 1297 sie,
998 1266 1031 1289 es
1053 1257 1254 1298 significans
1276 1257 1312 1290 in
1334 1257 1477 1292 casibus
1499 1257 1651 1300 obliquis

205 1315 340 1345 tantum
372 1312 599 1354 usurpatur),
636 1320 718 1344 cum
752 1311 903 1353 logicam
937 1313 1074 1345 tantum
1107 1311 1316 1346 relationem
1349 1313 1496 1354 indicet,
1531 1322 1650 1356 neque

204 1368 312 1401 ullam
339 1368 507 1411 pingendi
534 1369 606 1400 vim
632 1367 780 1407 habeat,
817 1368 862 1400 ab
885 1369 927 1401 iis
950 1368 1096 1400 devitari
1119 1367 1219 1401 solet.
1264 1368 1319 1401 Ad
1340 1368 1548 1410 pedestrem
1570 1378 1653 1402 ora-

206 1425 336 1457 tionem
360 1424 463 1465 igitur
490 1424 652 1456 Horatius
677 1422 844 1466 delapsus
869 1425 933 1457 est.
975 1424 1198 1465 Quamquam
1220 1414 1341 1457 autem
1364 1424 1464 1458 facile
1487 1425 1654 1466 &alatque

204 1480 261 1513 vel
285 1480 445 1519 eiuletque
467 1479 575 1512 scribi
597 1480 732 1521 potest,
768 1488 898 1512 vereor
926 1481 1063 1519 tamen,
1099 1489 1144 1512 ne
1173 1480 1241 1512 hac
1262 1479 1320 1513 vel
1343 1479 1409 1513 alia
1432 1481 1652 1514 correctione

206 1537 390 1569 Horatium
413 1535 529 1577 potius
554 1543 662 1576 quam
684 1534 846 1568 librarios
870 1535 1116 1568 emendemus.
1141 1535 1343 1569 Inciderunt
1357 1537 1454 1570 enim
1474 1536 1654 1570 interdum

206 1593 333 1634 poetae
356 1592 392 1624 in
414 1591 509 1623 hunc
531 1591 738 1633 pedestrem
754 1600 960 1624 sermonem
994 1591 1044 1632 (V.
1065 1591 1164 1624 ovid.
1182 1592 1284 1624 Trist.
1303 1591 1342 1632 3,
1366 1591 1404 1632 4,
1429 1591 1483 1625 27.
1508 1593 1651 1627 Metam.

205 1648 244 1688 8,
271 1647 323 1679 46.
348 1646 465 1688 Virgil.
490 1648 577 1679 Aen.
605 1648 641 1687 l,
667 1647 731 1680 443
755 1648 850 1689 cet),
875 1647 911 1680 in
939 1646 1069 1689 quibus
1091 1647 1378 1689 reprehendendi
1404 1648 1523 1689 potius
1545 1644 1654 1689 quam

207 1702 421 1736 emendandi
444 1705 536 1736 sunt.
563 1703 704 1736 Minime
729 1704 849 1736 autem
871 1712 905 1735 v.
924 1706 1025 1743 atque
1046 1703 1081 1735 in
1104 1703 1174 1735 fine
1196 1711 1323 1736 versus
1344 1704 1491 1745 propter
1512 1700 1655 1736 πλατύ-

206 1768 319 1802 τητα,
345 1767 454 1800 quam
477 1758 616 1799 dicunt,
643 1759 799 1792 offendit.
847 1759 904 1791 Sic
925 1768 983 1791 vv.
1009 1761 1057 1798 et,
1083 1767 1140 1799 ac,
1164 1762 1220 1799 ut,
1243 1762 1357 1800 utque,
1380 1767 1507 1800 neque,
1537 1767 1597 1792 noc
1617 1759 1654 1792 in

207 1815 277 1847 fine
307 1823 434 1847 versus
461 1813 624 1855 leguntur
655 1815 762 1855 atque
785 1814 854 1847 hoc
877 1814 994 1856 ipsum
1016 1823 1050 1846 v.
1075 1815 1143 1847 hac
1167 1814 1253 1847 sede
1276 1815 1429 1847 recurrit
1448 1815 1488 1855 2,
1513 1815 1651 1855 ⁴0,-2⁴.

208 1871 368 1912 Denique
391 1872 488 1903 recte
513 1871 621 1903 etiam
643 1872 747 1912 poeta
771 1870 926 1911 spiritum
949 1872 985 1903 et
1007 1870 1134 1902 saniem
1156 1870 1345 1902 coniunxit.
1369 1869 1467 1903 Alter
1489 1870 1585 1902 enim
1610 1879 1656 1902 ex

209 1935 271 1959 ore
294 1926 330 1958 in
353 1929 474 1958 aerem
498 1926 674 1966 ascendit,
700 1926 810 1959 altera
834 1926 869 1958 in
891 1927 1025 1958 terram
1048 1925 1181 1958 defluit.
1229 1926 1423 1967 Utrumque
1443 1925 1480 1958 in
1496 1924 1654 1959 Cerbero

210 1981 505 2024 conspiciebatur.
552 1983 668 2021 Quare
691 1990 762 2014 non
785 1984 881 2014 recte
906 1981 1067 2015 fecerunt
1089 1982 1148 2023 qui
1177 1983 1324 2023 propter
1344 1981 1409 2015 has
1433 1980 1655 2015 difficultates

211 2039 301 2070 hanc
325 2038 493 2080 strophen
517 2038 674 2080 spuriam
698 2046 777 2070 esse
801 2037 998 2070 dixerunt.»

295 2094 377 2125 Eius
398 2093 461 2134 illi,
495 2093 540 2126 de
564 2102 635 2135 quo
659 2094 711 2125 tot
732 2094 918 2134 tantasque
940 2092 1140 2134 tragoedIas
1163 2093 1362 2126 excitarunt
1383 2093 1519 2134 Critici,
1550 2101 1655 2136 pror—

211 2157 271 2182 sus
295 2148 406 2182 simile
431 2151 486 2182 est
508 2149 658 2182 alterum
681 2148 805 2182 Tibulli
822 2149 858 2189 i,
884 2149 922 2189 6,
947 2150 1006 2182 25:
1031 2149 1136 2190 Saepe
1157 2149 1246 2182 velut
1266 2158 1414 2191 ⁸‹jamma-³
1427 2150 1498 2183 eius
1510 2149 1657 2191 εἰρηνοπ-

211 2213 272 2243 que
298 2205 496 2245 probarem,
537 2205 634 2247 quod
663 2204 758 2238 nullo
788 2204 934 2237 artificio
966 2203 1147 2237 eliminare
1178 2206 1364 2247 poterunt;
1399 2204 1657 2239 tantum.enim

211 2259 315 2292 abest
341 2262 380 2292 ut
409 2261 556 2293 dubium
587 2261 648 2294 fiat
668 2261 815 2303 propter
837 2260 934 2293 Ovid.
961 2261 1062 2294 Trist.
1088 2261 1127 2300 2,
1160 2259 1218 2293 454
1245 2261 1282 2293 et
1303 2259 1379 2293 452.
1409 2259 1657 2302 (quemadmo-

213 2315 298 2347 dum
322 2317 419 2348 ratus
444 2318 499 2349 est
520 2315 708 2349 Paldamus
723 2316 840 2349 Erotik
862 2324 897 2358 p.
915 2315 998 2357 58.),
1022 2316 1062 2348 ut
1084 2315 1211 2348 eadem
1232 2315 1435 2349 firmissima
1448 2316 1656 2349 auctoritate

212 2370 351 2402 nitatur.
378 2372 560 2404 Accedunt
583 2371 681 2404 Ovid.
699 2372 801 2405 Trist.
819 2372 851 2412 3,
866 2370 906 2412 4,
921 2372 982 2404 27:
1007 2372 1083 2404 Non
1105 2371 1192 2413 foret
1205 2372 1367 2404 Eumedes
1381 2368 1496 2413 oritus,
1519 2372 1549 2404 si
1567 2371 1658 2414 filius

213 2426 282 2457 eius
305 2426 433 2458 Stultus
456 2427 613 2460 Achilleos
638 2437 705 2460 non
723 2428 912 2460 adornasset
929 2435 1038 2466 equos.
1085 2427 1245 2469 Propert.
1267 2426 1300 2467 4,
1324 2427 1364 2468 2,
1389 2426 1448 2459 35:
1481 2427 1658 2460 Estotiam

213 2482 354 2523 aurigae
375 2483 495 2522 species
520 2484 731 2524 Vertumnus,
757 2486 789 2516 et
810 2484 896 2523 eius,
931 2483 1068 2515 Traiicit
1088 2483 1216 2516 alterno
1239 2483 1296 2524 qm*
1318 2483 1386 2516 levo
1407 2483 1540 2524 pondus
1559 2491 1654 2523 equo.

215 2536 329 2569 Manil.
355 2539 392 2577 2,
410 2538 491 2571 908:
515 2539 687 2579 fortunam
709 2539 892 2572 eoeviribus
914 2539 983 2571 eius
997 2539 1203 2579 Corwipiaemt.
1234 2539 1278 2571 At
1300 2538 1439 2580 quidni,
1464 2538 1550 2571 dum
1564 2536 1656 2571 ultro

216 2593 439 2632 agnoscimus
463 2593 508 2626 ab
533 2596 676 2636 optimis
700 2595 900 2636 quibusque
923 2595 1037 2637 poetis
1060 2595 1152 2627 hanc
1175 2593 1420 2636 negligentiam
1443 2593 1561 2636 quoad
1579 2594 1655 2627 eius

216 2647 290 2679 fieri
313 2650 452 2690 poterat
474 2649 664 2690 devitatam
688 2659 782 2690 esse,
810 2651 915 2684 fuisse
940 2652 1059 2683 tamen
1075 2649 1225 2683 subinde
1246 2649 1359 2690 locos,
1383 2649 1445 2682 ubi
1461 2650 1536 2683 sine
1551 2648 1654 2691 longe
