1722 2904
130 24 211 67 746

450 25 619 58 HORATII
649 25 820 58 EPODON
853 25 989 58 LIBER.
1034 26 1165 60 CARM.
1189 27 1290 59 xvu.

296 131 359 172 An
393 143 506 186 quae
536 143 712 173 movere
742 142 894 172 cereas
925 129 1151 187 imagines,

296 210 347 253 Ut
379 209 472 266 ipse
507 210 618 252 nosti
652 210 871 260 curiosus,
905 217 946 252 et
981 209 1082 267 polo

295 290 503 347 Deripere
537 289 682 333 lunam
709 290 889 333 vocibus
921 290 1086 347 possim
1117 291 1245 341 meis,

294 371 462 414 Possim
493 377 706 414 crematos
737 371 924 413 excitare
955 377 1147 414 mortuos

293 451 581 508 Desiderique
612 457 854 508 temperare
884 451 1065 508 pocula,

1524 456 1579 496 80

293 531 462 574 Plorem
493 531 594 573 artis
626 532 667 572 in
699 538 746 574 te·
770 531 827 573 nil
858 532 1023 588 agentis
1053 532 1226 575 exitus?

212 647 265 678 77.
295 647 334 677 Ut
356 648 387 677 et
408 646 478 685 ipse
502 646 538 677 C.
569 663 604 667 —-
630 645 781 676 curiosus
803 646 888 677 nosti
910 646 948 677 Β.
989 665 1024 669 -
1065 645 1118 679 78.
1147 646 1304 687 Diripere
1325 647 1363 679 Τ.
1394 665 1430 670 -
1453 656 1534 688 pos—-

167 706 241 728 sum
263 704 356 728 unus
382 695 459 735 (46.)
484 694 638 726 Pottierii
671 696 707 726 et
730 695 932 728 Torrentius
969 695 1034 729 bis.
1078 695 1156 737 (Mei
1179 705 1222 729 ac
1243 695 1392 730 Bentleii
1409 698 1535 737 possim

168 744 384 786 utrobique.)
413 762 448 766 —
489 745 542 776 80.
565 744 723 783 poculum
746 744 836 784 ch,
864 746 988 777 LCtFJ.
1017 747 1068 786 (Ut
1090 754 1174 785 nos,
1199 746 1243 785 B,
1269 743 1430 790 γδκλνχ,
1454 755 1530 779 var.

167 795 248 827 lect.
273 805 319 836 μ,
344 792 540 832 Bentleius,
567 793 625 834 M.)
652 811 688 816 —
725 794 780 826 8⁴.
805 794 934 826 nullwm
956 795 1103 827 habentis
1125 796 1252 828 eoeilum
1275 796 1318 835 L,
1344 796 1393 827 m'l
1413 795 1534 828 haben-

166 845 208 876 tis
230 844 339 876 exitus
361 852 453 875 unus
477 843 631 874 Pottierii
655 844 691 875 et
713 844 811 875 Torr.
829 869 836 883 ,
861 844 910 875 nil
931 844 1073 876 valentis
1093 845 1223 877 exitum
1245 846 1422 883 Mun-etum
1461 854 1534 877 non

166 895 206 925 ut
239 892 376 932 volunt,
412 892 498 924 Cod.
538 891 730 924 Pulmanni.
769 892 906 925 Habent
942 894 989 926 m'l
1011 893 1107 935 (nihil
1127 894 1178 935 T.)
1202 894 1331 936 agentis
1352 894 1464 927 Bch.
1492 912 1530 918 —

168 944 277 976 exitus
299 942 423 980 Bbc‚t:
450 942 577 974 exitum
601 943 715 981 T‚LC,
740 942 934 982 Bentleius,
962 944 1031 977 ΡΜ.
1059 944 1112 983 (Ut
1134 953 1219 983 nos,
1244 945 1288 984 J.)

124 1037 256 1069 domito
273 1037 403 1075 omnia,
434 1045 526 1077 quae
549 1036 582 1068 in
607 1036 695 1068 orbe
712 1038 828 1068 terra-

124 1096 204 1119 rum
220 1088 313 1126 sunt,
332 1087 475 1118 flectent
492 1095 531 1118 se
553 1087 703 1118 invictae
724 1095 826 1118 meae

124 1137 303 1178 potentiae
329 1145 481 1177 eamque
507 1145 590 1168 cum
613 1138 760 1178 stupore
777 1135 828 1168 ul—

124 1188 177 1218 tro
201 1187 414 1227 agnoscent,
445 1194 547 1225 cum,
577 1186 679 1227 quasi
704 1186 827 1218 trium-

122 1236 255 1277 phans,
295 1235 359 1267 tibi
384 1236 583 1276 inequitans
607 1235 824 1267 incessero.»

123 1284 187 1317 Alii
212 1284 405 1326 explIcant:
445 1286 499 1316 «te
536 1293 681 1317 mecum
704 1283 825 1316 tollam

124 1336 158 1366 in
182 1338 345 1373 εἰέκ-επις»
382 1334 417 1366 id
448 1334 545 1375 quod
573 1343 644 1366 non
676 1334 768 1366 inest
790 1334 825 1365 in

122 1383 242 1416 verbis
259 1385 398 1425 poetae.
421 1402 456 1406 —
474 1384 678 1423 insolentiae]
705 1383 826 1416 «novis

124 1434 236 1471 ausis,
272 1432 420 1466 insolitis
454 1442 496 1465 ac
532 1433 633 1466 novis
668 1432 823 1472 artibus,

124 1482 254 1523 quibus
288 1482 440 1515 ulciscar
471 1483 506 1515 et
529 1482 727 1524 deprimam
760 1482 827 1514 ini-

124 1533 236 1567 micos
261 1541 421 1564 omnes.»
448 1533 685 1564 Foncmmnus.

167 1582 285 1614 76-80.
303 1591 416 1614 cereas
426 1582 599 1624 imaqines]
621 1583 662 1616 Ut
674 1582 708 1613 in
721 1581 827 1613 Phar-

124 1632 329 1664 maceutriis
344 1632 518 1666 Theocriti
539 1632 559 1663 2
571 1657 579 1671 ,
597 1632 651 1664 28.
679 1632 714 1663 et
729 1631 823 1672 Virg.

123 1681 195 1714 Ecl.
225 1682 265 1721 8,
298 1682 352 1714 80.
371 1707 378 1721 ,
412 1690 529 1723 pupae
554 1682 642 1713 istae
666 1681 825 1721 magicae

125 1730 373 1763 adolescentes
395 1730 452 1762 vel
471 1730 633 1763 infideles
648 1729 705 1762 vel
721 1730 825 1762 nimis

124 1781 234 1813 duros
257 1780 431 1817 referunt,
469 1787 558 1820 quos
583 1787 622 1811 se
648 1779 825 1811 defixuras

124 1832 160 1863 et
182 1829 319 1871 cupidis
350 1828 476 1871 puellis
507 1828 753 1861 conciliaturas
777 1828 827 1860 si-

124 1879 311 1913 mulabant
333 1887 451 1919 sagae.
478 1879 577 1911 Ovid.
603 1878 686 1910 Her.
705 1878 744 1918 6,
763 1877 800 1909 9⁴
818 1887 824 1908 :

123 1930 268 1962 Devovet
291 1929 438 1961 absentes
459 1928 707 1967 simulacraque
730 1935 827 1959 cerea

122 1980 195 2021 fiqit
209 1980 253 2011 El
274 1979 433 2011 miserum
449 1982 559 2011 tenues
574 1979 610 2010 in
625 1979 718 2010 iecur
731 1980 828 2018 quet

124 2038 215 2061 acus.
237 2047 273 2051 —-
299 2028 467 2069 curiosus]
495 2036 598 2060 «cum
621 2026 826 2060 incredulus

125 2088 167 2111 ex
184 2077 319 2110 insidiis
335 2086 436 2110 meas
453 2078 548 2110 artes
565 2076 826 2119 inspectabas.»

127 2146 163 2151 —-
190 2128 270 2168 polo
299 2128 462 2167 Der-ipere
490 2126 625 2167 lunam]
669 2126 747 2158 Vid.
782 2125 828 2158 ad

124 2177 235 2219 Epod.
254 2178 286 2216 5,
305 2176 346 2209 45
359 2186 412 2218 sq.
431 2195 465 2199 —
491 2177 652 2216 excitare]
677 2175 721 2208 ab
739 2176 829 2208 Inse-

125 2227 184 2259 ris.
222 2225 348 2258 Tibull.
375 2227 414 2265 4,
440 2226 481 2265 2,
508 2225 571 2258 47:
613 2226 703 2258 Haec
725 2228 829 2257 cantu

91 2273 94 2278 ”
123 2277 282 2318 finditque
319 2276 425 2308 solum
457 2277 638 2315 Manesque
671 2275 829 2316 sepulcris

125 2326 225 2358 Elicit
246 2329 277 2358 et
300 2326 408 2366 tepido
432 2326 568 2358 devocat
584 2334 658 2357 ossa
673 2334 766 2367 rogo.
789 2343 824 2347 —-

129 2377 201 2408 «An
226 2384 291 2417 ego
315 2375 465 2408 fortasse
491 2377 585 2408 artes
610 2384 709 2408 meas
733 2376 769 2407 in
792 2375 826 2407 te

86 2424 89 2427 ’
127 2425 241 2458 irritas
265 2434 411 2458 manere
437 2426 537 2467 queri
562 2424 717 2464 debebo,
748 2433 825 2465 ego,

129 2475 288 2516 inquam,
307 2483 398 2516 quae
415 2476 534 2516 tamen
552 2474 704 2507 maxima
721 2482 829 2515 quae-

879 1046 948 1078 que
985 1039 1020 1070 et
1054 1045 1204 1078 prorsus
1242 1037 1397 1070 inaudita
1427 1037 1576 1085 efficere

878 1095 1008 1127 queam
1020 1088 1057 1118 7»
1086 1105 1121 1109 —-
1154 1087 1370 1127 Desiderique
1388 1090 1578 1129 imperare

872 1137 1005 1178 pocula]
1034 1136 1207 1168 «miscere
1241 1136 1368 1178 pocula
1391 1137 1575 1176 amatoria,

876 1184 1049 1231 φίλτρα.»
1086 1185 1252 1218 praefero
1274 1194 1372 1218 num.
1401 1185 1578 1228 pluralem

876 1236 1029 1267 maxime
1047 1235 1194 1276 propter
1215 1236 1463 1268 auctoritatem
1487 1235 1574 1268 Cod.

875 1284 1064 1316 Bernensis
1087 1284 1248 1317 omnium
1277 1285 1513 1326 antiquissimi
1535 1285 1574 1317 B.

875 1332 1066 1374 Singularis
1098 1332 1291 1373 multorum
1324 1333 1513 1374 (omnium,
1538 1335 1578 1367 ut

874 1382 1034 1423 videtur,
1059 1383 1224 1424 Pottierii)
1251 1383 1362 1416 Codd.
1381 1384 1482 1416 fluxit
1504 1384 1588 1424 ἴστε,

876 1434 970 1466 tasse
1007 1442 1050 1465 ex
1090 1432 1339 1465 recordatione
1381 1433 1492 1476 Epod.
1533 1431 1579 1473 55

876 1483 936 1515 38:
963 1482 1095 1515 Amoris
1109 1500 1129 1506 —
1139 1482 1310 1523 poculwm.

921 1532 974 1564 81.
1003 1532 1151 1563 «Plorem
1176 1531 1314 1573 (vanos,
1340 1539 1486 1574 semper
1507 1531 1578 1564 fru-

877 1582 1018 1621 stratos)
1042 1581 1153 1613 exitus
1175 1581 1261 1613 artis
1282 1589 1386 1613 meae
1403 1581 1574 1622 magicae,

877 1640 969 1672 quae
991 1631 1029 1662 in
1051 1634 1082 1663 le
1106 1631 1271 1671 (accusat.
1293 1630 1485 1664 «adversus
1508 1631 1575 1670 te»)

876 1681 924 1712 nil
946 1680 1036 1721 agit,
1061 1679 1194 1712 nullam
1217 1680 1290 1712 vim
1312 1678 1475 1715 habete»
1501 1681 1578 1712 ina-

877 1738 961 1761 nem
984 1738 1012 1762 s.
1038 1728 1174 1761 nullum
1197 1729 1307 1762 fuisse
1329 1729 1458 1761 exitmn
1485 1729 1578 1761 inest

876 1779 910 1811 in
944 1779 1019 1820 ipso
1055 1787 1089 1811 V.
1110 1779 1253 1819 plorem.
1289 1778 1423 1820 Ayentis
1457 1778 1577 1820 (perfi-

877 1828 1012 1869 cientis)
1059 1837 1125 1869 per
1162 1837 1201 1860 se
1240 1826 1376 1860 clarum
1414 1828 1470 1869 est
1509 1836 1577 1860 nec

877 1876 1170 1910 commutandum
1204 1885 1286 1909 cum
1319 1875 1425 1918 gloss.
1460 1876 1577 1909 valen-

876 1927 933 1966 tis,
965 1927 1124 1959 habentis.
1152 1926 1271 1968 (Ayere
1293 1927 1329 1959 et
1350 1926 1470 1958 habere
1491 1935 1577 1968 pas-

877 1977 945 2009 sim
974 1976 1258 2016 confunduntur,
1294 1977 1335 2008 ut
1365 1975 1463 2008 Ovid.
1490 1976 1572 2020 Her.

878 2026 939 2065 46,
969 2026 1044 2057 302.
1085 2027 1166 2059 Met.
1197 2026 1234 2065 9,
1265 2025 1353 2066 ⁴07.)
1400 2025 1574 2065 Quidam,

878 2075 972 2108 nullo
1009 2077 1128 2108 tamen
1171 2073 1333 2116 exemplo
1374 2074 1500 2114 innisi,
1540 2083 1574 2106 v.

878 2126 963 2158 artis
1010 2134 1075 2167 pro
1113 2125 1265 2166 genitivo
1311 2123 1411 2156 verbi
1448 2124 1577 2164 plorem

878 2174 1032 2207 habent:
1075 2175 1243 2216 «propter
1265 2175 1379 2206 artem
1403 2173 1499 2205 omni
1523 2171 1576 2205 ef-

878 2226 1050 2258 ficacitate
1089 2226 1306 2258 carentem.»
1353 2223 1576 2256 Contrarium

879 2277 932 2308 est
964 2275 1026 2308 Od.
1052 2274 1090 2315 4,
1117 2274 1178 2314 44,
1204 2274 1268 2306 38:
1309 2274 1466 2306 secundos
1497 2273 1576 2305 red-

877 2325 960 2357 didit
975 2325 1104 2364 emitus,
1131 2323 1260 2365 quibus
1277 2323 1465 2365 opponitur
1479 2330 1578 2362 asper
1619 2326 1622 2330 ⁴

878 2375 999 2406 Exitus
1033 2373 1128 2415 apud
1145 2372 1266 2405 Silium
1282 2374 1320 2412 5,
1346 2372 1411 2405 478
1426 2380 1480 2413 sq.
1499 2370 1577 2404 Plu-

878 2423 990 2456 ralem
1014 2423 1072 2455 hic
1095 2431 1237 2464 quoque
1261 2420 1410 2463 praetuli
1431 2421 1577 2463 propter

879 2473 991 2505 Codd.
1011 2472 1191 2514 antiquiss.
1212 2471 1468 2504 auctorit-atem.
