1722 2904
173 56 254 101 424

689 59 860 93 HORATII
885 59 1109 95 CARMINUM

399 163 522 207 Dulci
553 163 683 221 digne
711 177 833 231 mero
863 177 949 206 non
978 164 1071 240 sine
1101 162 1297 215 floribus,

455 236 560 288 Cras
591 227 829 288 donaberis
853 227 1025 295 haedo,

510 323 587 370 Cui
618 325 734 370 frons
763 316 941 383 turgida
963 303 1167 378 cornibus

396 431 548 474 Primis
579 438 621 474 et
649 445 854 474 venerem
884 437 927 474 et
953 431 1119 488 proelia
1148 431 1332 476 destinat
1355 447 1364 484 ;
1591 434 1617 475 ὃ

398 514 590 572 Frustra:
622 526 721 556 nam
750 511 916 569 gelidos
946 512 1105 556 inficiet
1132 511 1209 557 tibi

452 593 597 638 Rubro
627 594 834 652 sanguine
868 594 983 637 rivos

510 675 678 718 Lascivi
709 674 885 718 suboles
916 675 1072 732 gregis.

396 783 452 825 Te
482 781 699 839 flagrantis
730 788 850 825 atrox
877 781 985 825 hora
1014 781 1243 828 Caniculae

257 903 288 935 5.
315 902 450 935 destinet
471 901 508 942 b,
534 902 600 935 sed
623 910 802 944 superscr.
829 912 862 934 a.
891 920 927 925 —
953 902 986 935 8.
1011 902 1135 937 soboles
1156 902 1219 935 Td.

171 1002 277 1034 hodie
311 1010 377 1044 pro
412 1002 509 1034 certo
541 1002 710 1043 exputare
744 1002 873 1043 nequi-

171 1060 251 1084 mus
262 1077 269 1091 ,
287 1059 355 1084 nec
370 1052 558 1093 propterea
574 1052 752 1092 poeticam
767 1051 875 1083 ratio-

174 1110 258 1134 nem
280 1101 396 1143 ipsam
419 1100 489 1133 ullo
515 1101 624 1134 modo
647 1101 793 1134 turbant
813 1102 875 1134 aut

175 1150 395 1192 obscurant.)

215 1202 246 1233 4.
272 1201 305 1232 2.
329 1200 419 1242 fons]
443 1201 693 1243 Inscriptiones
717 1201 872 1234 fontibus

173 1251 308 1293 positas
322 1259 357 1282 v.
375 1251 411 1282 in
425 1251 537 1283 Inscr.
555 1259 602 1283 m.
622 1251 696 1283 Lat.
713 1252 754 1283 N.
773 1250 870 1283 4223.

174 1300 270 1332 4636.
291 1300 388 1332 4560.
413 1301 541 1333 Fontes
557 1300 754 1332 harundine
768 1309 875 1332 coro-

172 1351 243 1382 nati
256 1351 339 1382 sunt
354 1351 390 1382 in
401 1351 642 1383 monumentis
653 1351 818 1391 antiquis,
835 1351 875 1382 ut

174 1400 210 1431 in
233 1400 474 1432 Pheraeorum
503 1400 659 1432 nummis
682 1400 871 1441 Hypereia.

173 1449 319 1481 Streber
351 1450 525 1482 Numism.
563 1451 620 1482 Gr.
655 1458 691 1491 p.
724 1450 799 1481 455.
835 1467 871 1472 -—

171 1499 276 1540 vitro]
308 1500 348 1531 ut
380 1508 446 1532 nos
469 1499 622 1532 dicimus
647 1498 872 1540 «crystallo».

177 1549 325 1581 Vitream
357 1550 474 1581 Fucini
506 1550 635 1581 undam
665 1548 750 1581 dixit
778 1549 872 1590 Virg.

172 1599 260 1631 Aen.
286 1599 324 1638 7,
351 1599 426 1631 759.
447 1617 484 1622 —
510 1599 608 1641 dique
628 1599 731 1641 mero]
757 1598 876 1640 «quod

173 1657 253 1681 cras
286 1648 350 1681 tibi
384 1648 547 1681 libetur.»
585 1649 695 1690 (Nonz
727 1649 788 1690 qui
810 1647 876 1681 ad-

172 1699 358 1731 miscearis
381 1708 481 1731 mero
505 1700 540 1731 in
562 1698 690 1741 poculo
707 1700 875 1731 coronato

176 1748 458 1790 temperando».)
490 1750 629 1790 Longus
652 1749 690 1790 4,
713 1749 773 1781 32:
799 1748 877 1782 ἐκέ-

174 1808 270 1845 ρασε
303 1797 344 1831 δὲ
367 1798 434 1831 καὶ
455 1795 526 1841 τὴν
549 1795 676 1842 πηγὴν
704 1796 807 1842 οἴνῳ.
836 1817 872 1822 -

174 1859 241 1881 non
263 1850 333 1881 sine
353 1848 505 1891 floribus]
534 1850 645 1881 Varro
668 1850 732 1882 LL.
752 1849 787 1889 6,
817 1849 872 1881 22:

175 1899 414 1931 Fontanalibus
435 1900 471 1931 in
491 1899 598 1941 fontes
618 1907 760 1931 coronas
777 1899 878 1931 iacie-

174 1949 254 1981 bant
288 1953 319 1982 et
347 1952 466 1990 puteos
498 1949 715 1982 coronabant.
776 1949 875 1982 Duae

174 2000 278 2040 igitur
301 2008 360 2032 res
383 2000 482 2039 sunt,
508 2000 600 2031 «vini
621 1998 741 2031 libatio
757 1999 794 2032 et
809 1999 878 2031 sso-

175 2058 257 2081 rum
281 2050 416 2090 sparsio
447 2050 482 2082 in
511 2049 685 2087 fontem»,
717 2058 806 2088 non,
840 2049 878 2081 ut

176 2097 232 2130 alii
246 2097 452 2131 voluerunt:
480 2099 572 2131 «vini
594 2098 714 2131 libatio
738 2107 782 2131 ex
797 2098 879 2131 cali-

177 2158 218 2181 ce
243 2150 452 2188 coronato»,
489 2150 528 2181 ut
555 2150 611 2182 est
633 2147 757 2181 Tibull.
783 2149 825 2188 2,
843 2149 876 2188 5,

179 2198 242 2230 98:
268 2202 448 2230 coronatus
469 2198 568 2230 stabit
589 2201 620 2231 et
642 2201 719 2230 ante
740 2198 843 2230 calix.

221 2248 252 2280 4.
293 2248 388 2289 frons
410 2248 566 2290 turqida]
600 2248 722 2281 «cujus
745 2256 879 2280 cornua

177 2299 248 2330 iam
282 2299 317 2330 in
352 2307 394 2330 eo
430 2300 531 2339 sunt,
579 2301 619 2331 ut
650 2307 717 2340 per
749 2296 879 2340 pellem

178 2349 367 2388 penetrent
390 2350 425 2380 et
448 2350 696 2381 enascantur.»
723 2366 760 2373 -
785 2348 882 2380 desti-

177 2397 256 2439 nat]
289 2398 329 2429 ut
362 2397 425 2430 Od.
462 2398 499 2438 3,
537 2399 599 2438 22,
637 2398 670 2430 7.
710 2398 877 2430 meditari.

180 2447 334 2478 «Mature
358 2448 479 2479 autem
504 2446 680 2489 (anniculi)
715 2447 821 2479 haedi
845 2448 881 2479 et

178 2505 348 2529 venerem
373 2498 541 2539 appetere
573 2499 608 2529 et
630 2498 777 2539 propter
800 2505 880 2528 eam

178 2554 337 2586 pugnare
355 2548 605 2579 consuerunt.»
631 2548 751 2579 Scuor..
778 2546 876 2579 Ovid.

179 2594 326 2628 Halieut.
353 2596 395 2628 2:
431 2597 554 2630 vitulus
575 2597 621 2628 sic
644 2606 788 2637 namque
812 2597 879 2628 mi-

179 2647 303 2684 natur,
339 2645 402 2685 Qui
424 2647 572 2679 nondwm
593 2647 679 2692 yerit
708 2647 743 2678 in
766 2650 881 2679 tenera

920 990 992 1033 iam
1005 1010 1136 1034 cornua
1148 1002 1269 1043 fronte.
1294 1000 1438 1035 Martini.
1453 1001 1491 1042 6,
1509 1002 1563 1043 38,
1580 1003 1620 1036 8:

922 1051 978 1083 Sic
998 1051 1123 1083 vitulus
1142 1051 1235 1083 molli
1244 1051 1378 1092 proelia
1390 1051 1502 1093 fronte
1514 1052 1616 1092 cupit.

925 1119 962 1123 —
987 1099 1076 1134 Male
1111 1100 1168 1133 alii
1201 1101 1351 1143 iungunt
1384 1101 1526 1134 destinat
1545 1102 1624 1144 fiu-

921 1154 1012 1190 stra,
1038 1159 1109 1192 quo
1130 1151 1224 1193 perit
1244 1151 1384 1193 poetica
1406 1150 1475 1184 loci
1496 1151 1621 1190 vii-tus,

924 1208 1030 1241 quam
1047 1200 1158 1232 habet
1178 1199 1351 1234 acerbum
1377 1199 1463 1233 illud
1477 1197 1625 1241 ἐπιφώ-

922 1259 1039 1293 νημα.
1080 1250 1123 1283 Et
1143 1251 1195 1283 sic
1209 1259 1357 1292 prorsus
1373 1250 1437 1283 Od.
1455 1250 1489 1290 3,
1506 1251 1539 1290 7,
1556 1250 1595 1283 24
1612 1259 1620 1281 :

922 1300 1046 1332 Fallax
1088 1300 1255 1347 historia-3.
1282 1303 1413 1332 movet:
1468 1301 1621 1333 Frustra.

924 1351 994 1383 Sat.
1019 1351 1060 1391 2,
1085 1350 1124 1391 4,
1148 1350 1216 1384 24:
1254 1351 1411 1383 miscebat
1431 1351 1533 1383 mella
1553 1351 1625 1383 Fa-

922 1400 1040 1432 lerno:
1077 1401 1242 1433 flendose.
1283 1401 1423 1433 Lucret.
1447 1399 1486 1441 ⁴»,
1513 1399 1622 1432 ⁴⁴03:

923 1450 1091 1490 inspirant
1126 1453 1317 1490 pressantes
1355 1449 1504 1482 dantibus
1536 1458 1623 1485 ora:

922 1500 1168 1540 Nequidquam.
1187 1517 1227 1524 —
1251 1498 1624 1542 inficietztibi--rivosJ

925 1550 1033 1582 «wird
1053 1549 1191 1591 fai-ben»
1205 1574 1213 1589 ,
1253 1557 1325 1582 non
1347 1549 1508 1592 befleckm
1535 1547 1625 1590 (pol-

924 1599 1017 1641 luet),
1042 1600 1082 1632 ut
1094 1599 1201 1631 vertit
1215 1599 1493 1632 novissimorum
1513 1598 1627 1630 inter-

924 1650 1068 1691 pretum
1091 1648 1247 1690 quidam.
1273 1649 1330 1682 Sic
1352 1649 1424 1681 iam
1447 1647 1543 1690 apud
1557 1647 1627 1680 Ho-

925 1707 1067 1731 merum
1082 1698 1179 1731 Iliad.
1196 1703 1233 1740 ψ
1247 1724 1255 1739 ,
1274 1697 1338 1732 ⁴44
1356 1706 1458 1739 seqq.
1476 1707 1484 1730 :
1508 1697 1628 1754 Σπερ-

924 1749 1010 1788 χεί’,
1032 1744 1157 1789 ἄλλως
1171 1749 1293 1792 σοίγε
1308 1745 1434 1794 πατὴρ
1448 1743 1627 1794 ἠρήσατο

924 1796 1076 1842 Πηλεῖς
1091 1817 1111 1822 -
1125 1818 1146 1823 -
1160 1796 1408 1841 Πεντήκοντα
1429 1796 1461 1830 δ’
1483 1793 1628 1854 ἔνορχα

926 1851 1012 1895 παρ’
1047 1845 1187 1882 αὐτόθι
1218 1847 1310 1892 μῆλ’
1347 1845 1531 1895 ἱερεύσειν
1564 1842 1625 1888 'Eg

927 1896 1053 1943 πηγὰς
1076 1898 1156 1931 κτλ.

969 1950 1001 1982 9.
1036 1950 1088 1981 40.
1140 1948 1311 1993 atroxJ«
1295 1946 1625 1981 «ferventissimam

923 2000 1018 2031 Hora
1039 2000 1157 2031 autem
1181 1999 1295 2031 totum
1317 1997 1472 2040 spatium
1487 1996 1627 2029 dierum

927 2047 1190 2081 canicularium.
1215 2048 1272 2080 Sic
1294 2047 1382 2089 Epp.
1409 2047 1448 2087 4,
1472 2046 1536 2086 46,
1560 2045 1626 2078 46;

925 2097 1167 2139 Septembribus
1178 2098 1279 2130 horis.
1296 2114 1333 2120 —
1349 2097 1461 2129 Nescit
1474 2093 1623 2137 tanam]

927 2149 1030 2190 «quia
1054 2146 1242 2180 Caniculae
1273 2148 1364 2180 ictus
1396 2155 1417 2179 a
1444 2147 1480 2179 te
1504 2143 1628 2178 exclu-

932 2197 1021 2230 dunt
1043 2197 1175 2230 ilices.»
1192 2211 1199 2216 ·

971 2247 1024 2280 43.
1063 2246 1115 2280 44.
1152 2247 1254 2279 Fies-
1266 2244 1466 2288 -fcmtiumJ
1494 2246 1628 2278 Graeca

928 2297 1203 2330 constructione.
1244 2295 1370 2328 Strabo
1394 2295 1425 2328 8.
1446 2303 1526 2337 pag.
1544 2293 1627 2327 573:

923 2343 1107 2393 Ἑρμιόνη
1119 2344 1226 2379 -ἐστὶ
1259 2342 1336 2378 τῶν
1362 2340 1435 2378 οῦκ
1463 2339 1630 2387 ἀσήμων

929 2394 1089 2429 πόλεων.
1117 2413 1152 2419 -
1172 2399 1209 2428 ια
1232 2394 1371 2437 quoque]
1395 2395 1455 2427 «ut
1473 2393 1531 2427 alii
1551 2393 1631 2426 fon-

929 2449 983 2480 tes
1018 2446 1093 2480 aliis
1122 2456 1142 2479 a
1172 2446 1288 2488 poetis
1319 2444 1508 2484 celebrati,
1541 2443 1631 2476 Are-

928 2497 1045 2535 thusa,
1072 2495 1222 2529 Castalia
1235 2521 1243 2536 ,
1268 2495 1390 2535 Dirce,
1408 2494 1534 2527 Pirene
1546 2518 1554 2533 ‚
1571 2500 1632 2525 ce-

929 2547 1030 2578 teri.»
1055 2564 1088 2570 -
1109 2545 1245 2587 dicente]
1263 2543 1546 2587 «praedicantem
1563 2542 1632 2574 Im-

931 2595 1118 2629 mortalem
1160 2596 1330 2628 Romwnae
1359 2593 1503 2636 fidicinis
1535 2591 1632 2632 lyrae

932 2644 1079 2687 gloriam
1123 2645 1180 2678 hic
1224 2643 1291 2677 sihi
1325 2642 1550 2682 vaticinatur,
1593 2640 1630 2673 id
