1722 2904
638 88 717 122 Lm.
742 88 799 120 m.
846 87 886 120 C.
910 88 999 120 vm.

1470 85 1555 127 399

333 193 448 236 Mitte
477 191 624 236 civiles
653 205 786 249 super
814 191 923 234 urbe
951 204 1100 234 curas.

333 273 504 318 Occidit
530 273 635 317 Daci
667 271 881 316 Cotisonis
910 285 1092 330 agmen,

332 354 484 398 Medus
513 337 692 398 infestus
720 352 803 396 sibi
834 339 1046 397 luctuosis

563 432 753 477 Dissidet
782 433 938 483 armis,

191 543 244 575 47.
268 542 375 575 civilis
394 543 434 574 B.
462 559 499 565 —
525 541 578 574 48.
605 536 830 574 «Torrentius
852 542 1031 573 memorat
1052 539 1162 573 multo
1186 539 1308 583 plures
1330 542 1366 573 et
1389 540 1510 574 melio-

146 600 205 625 res
228 600 273 624 ex
293 592 367 625 suis
389 590 525 623 habere
548 590 744 630 Cottsontis,
780 589 876 631 quod
899 589 957 622 vix
980 589 1152 623 credibile
1187 591 1276 623 est.»
1315 591 1437 623 Bsm.
1467 609 1503 614 —

148 641 201 674 49.
239 641 366 683 infestis
395 641 458 673 sibi
490 640 646 672 luctuosis
680 640 753 682 (sic)
778 640 826 679 Τ,

866 639 992 680 infestis
1025 639 1085 671 sibi
1118 640 1286 672 luctuosus
1308 648 1391 672 cum
1415 639 1503 672 Cod.

147 689 300 724 Galeano
324 689 438 733 (nobis
460 687 499 732 ξ)
521 691 562 723 N.
588 690 719 723 Heinsii
744 689 834 722 coni.
860 688 1023 722 firmante
1046 687 1236 722 Bentleius.

103 777 162 817 49,
188 776 271 810 ⁴95:
310 777 382 809 iam
414 777 615 809 «immutante
636 775 803 818 lacer-na.)

102 826 159 859 Sic
193 827 290 859 enim
318 825 412 858 malo
446 826 670 868 interpretari
694 833 802 866 quam

102 884 186 908 cum
218 874 434 909 Forcellino:
471 875 546 908 aad
568 884 658 917 quas
679 874 803 916 vigila-

102 923 200 964 ῐιιηι
239 926 308 959 etsi
340 926 409 958 hoc
443 926 559 968 ipsum
594 934 639 958 ex
677 933 802 958 earum

100 983 167 1017 per
188 976 331 1008 noctem
353 976 555 1008 continuato
571 975 699 1008 ardore
715 983 803 1007 con—

103 1025 278 1066 sequitur.
382 1068 385 1071 Δ

140 1074 195 1106 46.
209 1074 456 1117 Clamorotira]
465 1075 578 1107 «inter
588 1083 666 1114 nos,
677 1075 799 1116 utpote

101 1123 159 1156 die
182 1123 292 1164 festo,
317 1131 427 1165 quem
449 1124 484 1156 in
500 1124 675 1157 honorem
691 1122 800 1156 deum

100 1171 322 1206 celebratum
338 1172 418 1205 talia
440 1173 644 1215 profanant,
670 1180 800 1214 quem-

100 1231 170 1264 que
185 1223 349 1266 potantes
364 1231 431 1264 per
444 1231 624 1256 summam
639 1223 798 1264 quietem

99 1272 369 1313 transigemus.»
397 1272 562 1305 Horatius
571 1272 688 1304 amico
697 1271 798 1313 quasi

99 1320 251 1364 spondet
270 1320 367 1354 afore
382 1320 428 1353 ab
449 1321 518 1354 hac
533 1321 796 1363 compotatione

99 1370 349 1404 altercationes
373 1372 410 1403 et
431 1371 560 1412 iurgia,
591 1379 684 1412 quae
706 1371 799 1402 inter

100 1419 198 1453 bene
215 1422 319 1462 potos
339 1421 438 1453 nasci
449 1419 574 1453 solent.
600 1420 703 1460 Quod
718 1429 800 1462 pro—

99 1470 251 1504 missum
279 1478 362 1502 cum
399 1469 591 1502 abhorreat
619 1479 639 1502 a
668 1470 797 1502 uostris

98 1518 277 1559 moribus,
294 1518 352 1552 alii
366 1518 467 1551 aliter
482 1519 702 1561 interpretati
716 1520 798 1551 sunt

98 1569 401 1602 accommodatius
430 1569 476 1601 ad
502 1569 593 1602 haec
621 1571 795 1611 tempora,

98 1617 165 1651 sed
183 1626 313 1660 parum
334 1619 588 1651 convenienter
609 1618 656 1651 ad
669 1620 796 1660 poetae

98 1667 229 1700 verba:
252 1667 284 1709 4)
303 1669 394 1700 ‘Nos
405 1677 477 1701 non
488 1668 693 1701 curabimus
703 1667 796 1701 bella

98 1719 136 1751 et
155 1725 293 1759 pugnas
314 1726 383 1750 nec
397 1717 720 1750 sermocinabimur
741 1719 798 1750 in-

98 1768 155 1800 ter
174 1767 257 1799 vina
280 1766 325 1799 de
348 1767 497 1809 strepitu
520 1768 557 1800 et
585 1767 704 1800 furore
728 1776 798 1809 pu-

98 1817 315 1858 gnantium.»
371 1816 405 1858 2)
439 1817 510 1849 «Ne
545 1815 692 1849 clientes
725 1817 794 1857 tui,

21 1877 28 1898 s
99 1874 252 1911 quorum
285 1875 388 1899 mens
421 1868 477 1899 est
505 1866 541 1899 in
569 1865 723 1908 querelis
753 1874 797 1898 ac

98 1914 218 1948 litibus
241 1915 333 1954 suis,
357 1915 426 1947 hoc
448 1915 575 1957 geniali
599 1915 656 1948 die
682 1917 715 1948 te
739 1923 798 1947 oc-

99 1965 267 2012 cupatum
307 1965 451 1997 teneant
489 1965 647 2006 mihique
682 1964 797 1997 dene-

98 2015 216 2055 gent.»
249 2013 316 2054 (Sic
340 2013 562 2047 Medenbach
581 2014 738 2047 Wakker
762 2015 798 2046 et

99 2062 263 2103 Liibker.)

143 2113 196 2145 47.
220 2111 424 2153 meran-bc]
448 2113 616 2153 quoniam
641 2120 797 2154 praepo-

99 2162 187 2195 situs
200 2161 283 2194 urbi
297 2162 388 2201 erat,
407 2161 555 2194 absente
572 2162 608 2194 et
623 2162 796 2203 occupato

99 2212 135 2243 in
150 2211 291 2243 Oriente
314 2212 482 2252 Augusto.
512 2211 620 2243 Tacit.
644 2212 735 2243 Ann.
761 2211 795 2251 6,

100 2261 158 2292 44τ
197 2261 366 2302 Augustas
387 2259 478 2292 bellis
498 2259 648 2292 civilibus
677 2260 796 2301 (etiam

98 2310 242 2351 postea,
267 2309 327 2341 ubi
342 2308 466 2350 procul
482 2308 607 2341 aberat
627 2308 673 2341 ab
694 2308 795 2350 urbe)

99 2357 242 2390 Cilnium
274 2359 517 2398 Maecenatem,
554 2358 713 2398 equestris
738 2367 798 2390 or-

99 2406 200 2447 ainis,
238 2408 364 2439 cinctis
395 2408 487 2448 apud
521 2408 661 2440 Romam
697 2410 798 2447 atque

99 2456 234 2488 Italiam
250 2457 511 2497 praeposuit.
534 2474 570 2480 -
594 2458 719 2498 Praep.
738 2465 797 2488 su-

97 2513 159 2546 per
173 2506 224 2538 sic
238 2506 309 2538 iam
324 2505 419 2547 apud
434 2505 543 2537 Plaut.
561 2506 689 2538 Bacch.
710 2505 794 2538 ⁴62.
786 2515 793 2521 ·

102 2555 188 2594 Quid
200 2556 360 2596 factitasti
381 2556 549 2587 mandatis
569 2554 697 2596 super?
720 2555 792 2587 Cic.

101 2604 147 2636 ad
168 2605 236 2637 Att.
263 2604 323 2644 44,
347 2605 409 2637 22:
433 2613 534 2645 super
553 2605 726 2646 legacione.
755 2621 790 2627 —

101 2653 210 2685 civiles
239 2631 358 2686 aute⁷m
386 2662 488 2686 curae
515 2653 715 2686 referuntur
748 2653 793 2685 ad

852 783 913 808 res
927 775 1112 808 intestinas
1123 801 1131 815 ,
1150 775 1289 808 «domi-
1305 776 1553 810 administran-

853 824 940 863 das3
966 823 1176 857 militaribus
1197 825 1408 867 providebat
1436 827 1552 868 Augu-

852 875 928 907 stus
950 883 1034 906 cum
1057 875 1221 916 Agrippa.

896 923 949 956 48.
986 923 1112 955 Occidit
1137 924 1227 966 σοι]
1256 926 1370 958 -Nam
1404 927 1523 959 omnia
1540 953 1548 967 ,

851 980 944 1013 quae
967 972 1014 1005 ad
1036 982 1115 1005 rem
1144 973 1325 1015 publicam
1358 976 1548 1017 pertinent,

850 1022 921 1054 iam
934 1021 1026 1055 laeta
1049 1024 1132 1055 sunt
1154 1024 1190 1055 et
1212 1023 1324 1056 fausta
1347 1025 1549 1058 Romanis.-

852 1089 890 1095 -
921 1071 1028 1114 Daci]
1063 1073 1168 1112 Daci,
1207 1074 1268 1114 qui
1301 1074 1390 1108 fines
1420 1076 1550 1109 Roma·-

850 1129 916 1154 nos
943 1122 1118 1154 continuis
1143 1123 1403 1157 incursionibus
1432 1133 1550 1168 popu-

848 1169 1014 1203 labantur
1040 1171 1132 1204 duce
1160 1181 1245 1213 rege
1276 1173 1435 1215 ipsorum
1459 1175 1550 1208 Coti-

847 1229 947 1261 sonc,
986 1222 1137 1254 Antonio
1166 1224 1288 1255 contra
1318 1224 1548 1257 Octavianum

848 1278 997 1312 operam
1019 1279 1123 1304 suam
1146 1271 1306 1313 polliciti,
1336 1281 1464 1315 parum
1494 1275 1549 1306 ta-

848 1328 932 1352 men
965 1319 1092 1352 auxilio
1126 1320 1285 1360 fuerunt,
1331 1324 1413 1364 post
1445 1332 1466 1355 a
1501 1324 1545 1356 Μ.

848 1370 977 1403 Crasso
999 1378 1032 1402 a.
1057 1379 1093 1402 u.
1118 1370 1194 1404 724.
1235 1371 1311 1413 (Dio
1326 1373 1363 1404 54
1380 1398 1388 1411 ,
1406 1373 1460 1411 23,
1478 1373 1546 1413 25.)

847 1419 1048 1460 iterumque
1094 1429 1115 1452 a
1159 1420 1325 1463 Lentulo,
1373 1422 1548 1455 incertum

847 1477 919 1510 quo
934 1477 1027 1501 anno
1041 1495 1050 1509 ,
1074 1471 1243 1511 repressi.
1276 1471 1351 1503 Hoc
1365 1470 1445 1504 loco
1459 1481 1547 1504 sane

846 1518 1074 1559 cogitandum
1121 1519 1167 1551 de
1216 1520 1336 1553 Crassi
1384 1521 1544 1554 victoria.

847 1568 981 1600 Franke
1005 1569 1041 1600 F.
1066 1569 1108 1601 H.
1132 1577 1169 1610 p.
1195 1569 1271 1601 ⁴55.
1297 1571 1333 1602 et
1356 1570 1431 1603 458.
1464 1571 1548 1603 We-

846 1616 914 1649 ber
934 1617 1051 1650 Hor-az
1070 1627 1107 1660 p.
1124 1617 1217 1658 240..
1241 1619 1303 1660 qui
1327 1619 1391 1652 Cn.
1411 1619 1546 1652 Lentuli

846 1666 1109 1709 expeditionem
1152 1667 1263 1700 refert
1305 1668 1352 1702 ad
1395 1678 1429 1702 a.
1468 1670 1544 1702 736.

846 1716 947 1749 Estre
970 1717 1055 1749 Hor.
1079 1718 1136 1749 Pr.
1159 1725 1196 1759 p.
1220 1717 1297 1750 228.
1344 1719 1440 1750 Suet.
1470 1718 1544 1750 Oct.

844 1766 900 1798 2⁴.
918 1764 1008 1798 Flor.
1026 1765 1064 1806 4,
1083 1766 1143 1805 ⁴2,
1161 1766 1215 1798 49.
1240 1767 1409 1799 Getarum
1423 1776 1547 1808 regem

846 1815 1051 1847 Cotisonem
1076 1817 1183 1848 vocat
1204 1816 1349 1848 Sueton.
1385 1817 1460 1849 Oct.
1486 1817 1540 1849 63.

845 1865 1005 1897 Etenim:
1031 1865 1119 1897 alias
1133 1865 1256 1905 Getae,
1282 1866 1369 1897 Daci
1387 1866 1546 1898 Romanis

845 1915 935 1947 dicti.
952 1914 1038 1948 Plin.
1056 1915 1097 1947 H.
1111 1916 1152 1947 N.
1169 1914 1190 1947 4
1202 1940 1210 1954 ,
1227 1915 1282 1947 25.
1303 1933 1340 1938 —
1367 1915 1543 1957 Cotisonis]

846 1965 920 1997 Hac
942 1964 1074 2004 forma,
1100 1973 1172 1996 non
1198 1964 1371 1996 Cotisontis
1393 1965 1546 2006 (Codd.‘?

846 2014 1043 2055 Tor-rentii),
1064 2014 1176 2046 utitur
1190 2014 1296 2046 etiam
1313 2014 1409 2046 Suet.
1427 2014 1504 2047 Oct.
1519 2014 1543 2047 1.

844 2062 887 2095 1.;
915 2064 1066 2095 Primam
1092 2071 1168 2094 cum
1197 2062 1449 2104 (Octavianum)
1475 2063 1547 2096 Απ-

845 2113 935 2145 tonio
954 2113 1024 2154 filio
1042 2121 1101 2143 suo
1117 2112 1157 2152 (s.
1174 2111 1324 2153 Antyllo)
1342 2113 1548 2153 despondisse

844 2162 982 2202 Iuliam,
1006 2162 1081 2193 dein
1097 2161 1258 2200 Cotisoni,
1284 2161 1447 2194 Getarum
1459 2163 1542 2204 καί.

846 2210 969 2244 Florus
994 2210 1016 2243 l.
1045 2210 1088 2242 l.:
1123 2211 1211 2242 Daci
1243 2210 1409 2243 montibus
1428 2211 1546 2244 inhac-

844 2263 939 2300 rent‚
962 2259 1123 2292 Cotisonis
1136 2260 1227 2300 regis
1238 2259 1390 2299 imper-io.
1418 2261 1542 2293 Bnm.

891 2310 944 2342 49.
979 2309 1111 2351 Medus]
1142 2309 1299 2349 «Parthi,
1339 2310 1546 2352 sempiterni

845 2359 984 2401 imperii
998 2358 1145 2390 Romani
1160 2358 1294 2397 hostes,
1311 2358 1404 2391 inter
1417 2359 1547 2391 Phraa-

846 2409 890 2441 tis
912 2408 1006 2448 regis
1029 2408 1066 2439 et
1087 2407 1249 2440 Tiridatis
1272 2406 1403 2440 exsulis
1424 2410 1545 2449 partes

845 2457 1019 2490 intestinis
1042 2465 1136 2489 nunc
1151 2456 1339 2489 discordiis
1355 2457 1542 2498 agitantur,

846 2506 937 2538 adeo
970 2506 1010 2538 ut
1041 2506 1168 2545 armis,
1214 2514 1307 2547 quae
1346 2507 1543 2539 contrariae

845 2555 1016 2588 factiones
1039 2556 1291 2596 sumpserunt,
1315 2554 1459 2587 sibimet
1478 2555 1543 2597 ipsi

845 2604 966 2636 clades
990 2602 1116 2636 illaturi
1144 2604 1248 2636 sint.»
1294 2603 1433 2636 Scilicet
1455 2604 1543 2636 Tiri-

845 2654 964 2693 dates,
990 2654 1050 2695 qui
1073 2655 1195 2686 contra
1218 2653 1404 2686 Phraatem
1427 2654 1543 2686 insur-
