1722 2904
610 69 688 102 Lm.
714 68 769 102 lv.
816 69 855 101 C.
882 68 921 100 ΙΙ.

1452 64 1533 106 525

260 565 489 610 Pindarum
519 565 717 622 quisquis
748 564 890 607 studet
920 563 1147 613 aemulari,

175 699 216 731 11.
251 699 360 731 lnscr.
384 696 475 737 volg.
514 697 564 729 Aa
586 697 694 729 Iulum
716 697 903 729 Antonium.
933 716 968 719 —
994 697 1043 729 Ad
1065 697 1173 729 Iulum
1194 697 1372 729 Antonium
1394 700 1490 729 vetu-
1520 719 1523 721 -

130 748 270 781 stim-um
293 749 474 789 poetarum
499 747 669 779 veneratio
699 746 786 779 BbS.
816 765 850 769 —-
889 747 939 779 Ad
966 746 1087 779 Iulium
1111 747 1185 788 (sic)
1209 747 1250 779 de
1270 747 1493 779 aemulatione

75 797 83 804 ”
131 806 223 831 vana
246 806 278 831 c.

132 916 175 948 11.
198 913 294 948 Iulus
315 915 508 955 Antonius,
532 914 622 948 alter
643 914 687 947 M.
713 915 786 947 An-

91 964 175 997 tonii
189 965 362 997 triumviri
385 973 428 996 ex
444 963 561 997 Fulvia
585 963 695 1004 filius,
721 973 787 996 na-

90 1015 147 1047 tus
170 1014 312 1047 circiter
332 1023 364 1047 a.
382 1023 419 1047 u.
437 1023 468 1047 c.
486 1015 562 1047 7⁴0.
580 1041 588 1054 ,
614 1014 785 1047 educatus

90 1061 136 1096 ab
169 1063 311 1096 Octavia
344 1064 498 1104 maiore,
539 1063 689 1105 benigna
720 1073 786 1096 no—

88 1121 213 1152 verca,
239 1113 344 1146 buius
366 1111 474 1146 filiam
489 1112 689 1146 Marcellam
713 1122 789 1146 ma-

89 1162 203 1194 iorem
217 1162 254 1194 in
267 1162 532 1196 matrimonium
549 1163 658 1195 duxit.
701 1164 786 1196 Tam

89 1211 264 1252 gratiosus
286 1211 349 1244 fuit
381 1212 478 1253 apud
499 1214 715 1254 Augustum,
749 1214 788 1244 ut

90 1268 174 1292 cum
195 1260 352 1302 primum
382 1259 499 1294 locum
523 1262 676 1304 Agrippa
691 1287 699 1302 ,
731 1262 789 1294 Li-

89 1309 167 1341 viae
190 1308 250 1342 filii
272 1309 472 1343 secundum
496 1313 678 1350 tenerent,
715 1313 790 1343 ter-

90 1359 160 1391 tius
194 1360 292 1392 esset
325 1367 368 1392 ac
401 1362 650 1393 numeraretur
693 1359 788 1394 Iulus

91 1407 234 1441 circiter
255 1416 287 1440 a.
305 1417 341 1440 u.
359 1417 391 1441 c.
414 1408 491 1442 742.
507 1435 515 1450 ,
541 1418 613 1452 quo
634 1410 787 1452 Agrippa

92 1460 248 1503 mortem
280 1457 379 1491 obiit.
427 1458 526 1500 (Plut.
559 1461 684 1492 Anton.
720 1460 787 1500 87.)

89 1507 241 1540 ornatus
263 1508 319 1541 est
341 1516 361 1540 a
382 1509 493 1550 patris
514 1510 649 1541 victore
673 1517 790 1542 sacer-

95 1556 212 1596 dotio,
245 1558 412 1599 praetura
442 1566 534 1590 anno
565 1567 600 1590 u.
642 1567 673 1591 c.
710 1558 787 1592 74⁴.

95 1606 173 1647 (Dio
188 1606 288 1640 Casa.
305 1605 365 1646 54,
390 1607 445 1639 26.
476 1606 598 1639 Vellei.
616 1609 657 1648 2,
684 1608 787 1649 ⁴00.)‚

94 1654 282 1688 consulatu
296 1681 304 1696 ,
345 1664 454 1697 quem
487 1665 571 1689 cum
605 1658 646 1696 Q.
682 1656 788 1690 Fabio

93 1705 246 1738 Maximo
270 1704 433 1738 Africano
456 1706 565 1747 gessit
586 1715 679 1738 anno
699 1715 735 1738 u.
754 1715 785 1739 c.

91 1753 168 1788 744.
215 1753 328 1788 Nihilo
356 1756 477 1787 tamen
499 1756 617 1789 secius
648 1755 791 1788 violavit

91 1804 240 1837 domum
260 1804 407 1846 Augusti
422 1830 429 1844 ,
455 1804 569 1837 affinis
592 1806 662 1845 sui,
689 1814 790 1838 com-

93 1854 204 1886 misso
227 1861 311 1886 cum
333 1853 418 1886 Iulia
441 1853 614 1887 adulterio
637 1863 669 1887 a.
694 1864 729 1887 u.
755 1864 786 1887 c.

91 1903 169 1936 752.
214 1902 489 1936 Insimulabatur
510 1903 547 1936 id
569 1903 699 1936 fecisse
723 1912 787 1946 spe

91 1952 231 1994 imperii
264 1953 472 1999 occupandi.
521 1953 599 1994 (Dio
622 1954 683 1993 55,
721 1954 788 1994 ⁴0.)

92 2000 178 2034 Iulia
198 2002 235 2034 in
257 2002 505 2035 Pandatariam
527 2002 679 2035 insulam
701 2002 792 2035 rele-

92 2052 171 2092 gata
183 2052 257 2090 est;
274 2050 369 2084 Iulus
384 2052 530 2093 Augusti
545 2052 645 2085 iussu
656 2061 695 2085 se
710 2053 789 2094 ipse

92 2099 268 2132 interfecit
300 2101 391 2132 teste
426 2100 560 2134 Velleio
578 2100 616 2139 ,1.
646 2101 669 2133 l.
717 2101 787 2134 Cfr.

93 2149 228 2181 Senem
253 2148 300 2181 de
319 2150 422 2182 Brev.
445 2151 508 2182 vit.
537 2151 569 2183 5.
608 2151 791 2183 Weichert

93 2197 140 2230 de
161 2198 267 2231 Vario
288 2207 368 2240 pag.
393 2198 457 2232 342
480 2207 582 2241 seqq.
623 2199 790 2232 Loebellii

94 2247 304 2289 opusculum
341 2249 592 2281 Germanicum
631 2248 676 2281 de
718 2251 791 2282 Au-

94 2297 186 2338 gusti
217 2297 415 2338 principatu
455 2307 535 2339 pag.
575 2298 651 2331 235.
692 2299 792 2339 (Rau-

94 2354 175 2379 mer
188 2346 393 2379 historisches
409 2347 633 2380 Taschenbuch
653 2348 717 2380 Bd.
734 2348 788 2388 V.)

98 2411 135 2418 —
162 2394 277 2428 «Iulus
304 2396 474 2428 Antonius
502 2396 647 2429 heroico
675 2399 791 2429 metro

94 2444 310 2477 Diomedeas
324 2443 583 2487 (Διομηδεὶας)
600 2445 791 2478 duodecim

96 2492 205 2526 libros
219 2494 361 2535 scripsit
376 2495 536 2535 egregios
556 2496 592 2527 et
605 2503 713 2536 prosa
728 2494 792 2527 ali-

97 2551 201 2583 qua.»
224 2543 351 2575 Aenos.
390 2544 639 2577 Antimachum
674 2545 789 2586 igitur,

96 2593 137 2623 ut
169 2592 312 2633 opinor,
357 2592 486 2624 imitari
527 2595 674 2626 conatus
713 2595 790 2632 est,

98 2641 419 2683 quemadmodum,
436 2643 619 2676 Arctinum
634 2645 790 2683 secutus,

835 914 870 946 in
907 912 1117 956 Aethiopide
1155 913 1288 946 fecerat
1324 914 1369 947 Μ.
1410 914 1534 946 Furius

834 961 1034 996 Bibaculus.
1063 963 1130 1003 (Sic
1153 963 1368 1005 scripseram
1390 965 1472 996 ante
1487 962 1537 995 le—

836 1015 933 1046 ctum
945 1012 1173 1045 Welekerum
1181 1013 1225 1045 kl.
1243 1013 1336 1046 Schr.
1355 1014 1382 1046 l.
1399 1022 1435 1055 p.
1452 1012 1533 1045 396:

834 1063 898 1095 Die
919 1063 1149 1095 Diomeden
1172 1063 1228 1095 des
1248 1063 1339 1095 Iulus
1359 1062 1533 1101 Antonius,

835 1113 871 1144 in
892 1112 1000 1153 zwdlf
1014 1113 1187 1152 Bitonem,
1213 1113 1345 1145 enthielt
1364 1112 1535 1144 ver-mulli-

835 1161 898 1193 lich
942 1162 1004 1193 den
1037 1162 1155 1194 letzten
1190 1162 1277 1194 Thou
1310 1163 1369 1194 der
1404 1161 1538 1194 Mais

835 1211 891 1243 des
904 1211 1140 1251 Antimachm,
1166 1212 1233 1243 und
1255 1215 1354 1243 uncer
1368 1212 1441 1243 dem
1458 1210 1538 1243 Titel

834 1260 955 1292 konnte
988 1261 1048 1292 der
1068 1260 1289 1301 Hauptinhalc
1316 1261 1372 1292 des
1403 1268 1535 1302 qanzen

835 1309 1151 1351 Epigonenyedichts
1182 1318 1375 1341 zusammen
1414 1309 1538 1350 qesasst

836 1358 934 1400 sein.)
953 1376 990 1381 —
1017 1354 1131 1391 «Iulus
1155 1359 1326 1391 Antonius
1349 1361 1537 1400 rogaverat

837 1409 1038 1447 Horatium,
1064 1409 1103 1440 ut
1124 1409 1254 1450 scripta
1271 1407 1409 1440 Pindari
1425 1409 1538 1440 Grae-

837 1466 878 1489 ca
902 1458 937 1489 in
961 1456 1103 1490 laudem
1128 1458 1291 1490 Caesaris
1314 1457 1533 1497 transferret,

838 1509 877 1539 ut
898 1506 1060 1548 Virgilius
1083 1508 1215 1549 scripta
1239 1507 1383 1540 Homeri
1406 1508 1442 1539 in
1463 1506 1538 1539 lau-

838 1555 923 1588 dem
937 1558 1092 1589 Aeneae.
1127 1556 1214 1589 inde
1238 1558 1385 1589 excusat
1407 1565 1447 1589 se
1464 1557 1538 1589 Ho-

837 1607 949 1638 ratius
983 1605 1108 1639 dicens
1141 1615 1180 1638 se
1211 1607 1309 1638 tanto
1338 1606 1438 1648 operi
1466 1614 1537 1638 non

838 1654 1020 1694 sufficere,
1061 1663 1145 1687 cum
1166 1654 1223 1687 ille
1246 1663 1410 1688 summus
1432 1656 1538 1697 poeta

838 1703 976 1749 fuerit.»
1014 1705 1136 1736 Senon.
1173 1704 1269 1746 apud
1290 1703 1535 1745 Vanderburg.

839 1753 914 1785 Hoc
938 1762 1024 1786 sane
1049 1762 1093 1785 ex
1115 1753 1194 1795 ipso
1210 1753 1377 1786 carminis
1393 1753 1538 1785 exordio

838 1802 1067 1844 desumptum
1084 1804 1157 1841 est,
1176 1804 1283 1843 atque
1299 1803 1347 1834 ita
1364 1801 1539 1844 explican-

838 1852 925 1884 dum
937 1877 944 1891 ,
962 1852 1039 1884 fieri
1054 1853 1178 1893 utique
1193 1853 1352 1894 potuisse
1365 1878 1372 1892 ,
1389 1854 1429 1884 ut
1443 1851 1538 1884 Iulus

838 1901 1029 1942 aliquando
1043 1902 1191 1934 miratus
1206 1902 1267 1940 sit,
1293 1910 1358 1933 cur
1372 1902 1538 1934 Horatius

839 1951 1038 1983 carminum
1058 1950 1325 1983 Pindaricorum
1346 1950 1479 1983 formas
1494 1959 1538 1983 ac

838 2002 954 2034 metra
987 2001 1116 2032 imitari
1139 2008 1322 2041 nunquam
1354 1998 1535 2032 voluisset.

842 2069 879 2074 —
898 2050 1142 2091 compositum
1157 2049 1297 2082 videtur
1310 2050 1380 2081 hoc
1392 2058 1539 2082 carmen

839 2109 871 2132 a.
896 2109 932 2131 u.
958 2108 990 2131 c.
1015 2098 1091 2131 738.
1128 2099 1279 2131 exeunte
1301 2098 1359 2131 vel
1382 2099 1458 2131 739.
1484 2100 1540 2131 in-

839 2151 959 2181 eunte.
981 2148 1063 2189 (Cir.
1081 2147 1242 2189 Franke.)
1278 2148 1469 2180 Grotefend
1483 2157 1541 2181 re-

838 2198 907 2230 fert
918 2197 964 2229 ad
975 2206 1007 2230 a.
1021 2197 1112 2237 740„
1130 2196 1187 2230 alii
1198 2197 1244 2229 ad
1255 2206 1287 2230 a.
1299 2197 1375 2230 74⁴.
1390 2197 1447 2230 vel
1460 2197 1537 2231 742.

883 2248 915 2279 ⁴.
942 2246 1144 2288 Pindarum]
1168 2247 1253 2279 Stat.
1279 2246 1359 2279 silv.
1377 2246 1417 2286 4,
1435 2248 1477 2286 7,
1495 2248 1535 2279 5:

839 2298 1009 2339 Regnator
1022 2297 1149 2336 lyricae
1159 2297 1317 2337 cohortis,
1330 2314 1347 2320 -
1356 2314 1372 2320 -
1382 2298 1536 2329 Pindaro.

842 2347 995 2379 Tametsi
1023 2346 1187 2379 Horatius
1220 2345 1374 2387 singulas
1407 2346 1541 2387 aliquot

841 2396 1034 2428 sententias
1057 2404 1101 2427 ex
1116 2395 1267 2427 Pindaro
1291 2395 1467 2428 transtulit
1491 2396 1541 2437 (ut

842 2444 904 2477 Od.
923 2446 937 2476 ⁴
954 2470 962 2484 ,
982 2445 1040 2484 ⁴2,
1059 2445 1119 2485 ⁴.),
1143 2445 1403 2486 sapientissime
1420 2446 1540 2476 tamen

842 2493 1012 2526 abstinuit
1044 2493 1090 2526 ab
1125 2494 1303 2526 imitandis
1341 2494 1540 2526 carminum

843 2543 1109 2576 Pindaricorum
1155 2544 1277 2576 formis
1315 2551 1358 2575 ac
1391 2543 1515 2575 metris
1529 2568 1537 2581 ,

841 2592 1065 2634 imaginibus,
1076 2592 1325 2625 audacioribus
1341 2617 1348 2632 ,
1374 2591 1539 2624 liberiore

842 2642 1036 2676 verborum
1059 2643 1335 2684 compositione,
1365 2642 1540 2674 rationem
