1722 2904
581 87 755 122 cmm
778 86 1008 122 sEcuLARE.

295 191 514 241 Naseeri5‚
546 191 688 249 possis
716 188 820 233 nihil
847 189 956 264 urbe
985 190 1119 233 Roma

408 272 557 316 Visere
586 271 736 316 maius.

297 378 389 422 Rite
418 383 608 420 maturos
637 375 807 433 aperire
837 382 985 432 partus

296 458 440 507 Lenis,
472 456 660 514 Bithyni,
692 463 815 498 tuere
846 461 1004 498 matres
1021 489 1030 502 ,

298 538 397 581 Sive
428 545 472 580 tu
502 537 663 581 Lucina
690 535 849 594 probas
878 535 1022 579 vocari

406 618 493 661 Seu
524 615 739 660 Genitalis.

159 725 212 757 46.
238 722 415 764 amuis
436 721 614 756 Bentleins
637 723 728 755 ooni-

69 812 230 863 ἁμέραν.
245 815 422 858 -oetasJ-
406 815 551 849 «condis
562 814 765 848 occidens.-

74 884 111 889 —
127 865 278 906 eumque
291 868 322 898 ot
336 865 433 905 idom]
458 863 636 905 «quotidie
659 872 768 896 reno—

70 915 152 947 vato
185 913 374 956 splendore
407 913 609 954 eodemque
646 913 766 953 w'gore

72 963 252 1003 exoriens,
284 962 376 996 adeo
402 964 442 995 ut
462 961 672 995 mortalibus
702 969 768 993 no-

70 1019 138 1045 vus
158 1011 324 1052 videare,
353 1007 437 1044 cum
458 1012 578 1044 tamen
600 1009 695 1043 idem
719 1010 768 1042 sis

74 1068 118 1094 ac
132 1060 190 1094 die
208 1061 369 1116 proxime
382 1060 602 1102 superiore.-
586 1060 765 1092 ιιυοτοῑ.

74 1110 114 1149 5,
138 1109 220 1143 659:
249 1109 377 1142 mma
390 1126 410 1133 -
424 1125 445 1132 -
459 1109 594 1141 ardor-’s
607 1125 627 1132 -
641 1125 661 1131 —
676 1109 770 1149 Quae

69 1158 199 1200 faciunt
239 1157 317 1191 solis
347 1167 438 1191 nova
475 1166 604 1198 seneper-
641 1157 770 1190 hamma

71 1207 176 1249 qiam&
204 1225 242 1232 -
268 1207 377 1240 Vm
396 1207 520 1247 maim]
552 1207 645 1248 virg.
679 1208 766 1239 Aen.

72 1256 112 1296 7,
147 1255 230 1288 6⁰2·
252 1255 408 1289 amima
427 1264 543 1288 ronan
563 1256 680 1288 Roma.

119 1304 162 1338 43
175 1322 196 1328 -
212 1305 266 1338 46.
290 1304 373 1348 nito]
397 1304 510 1338 «bene
526 1313 570 1337 3ο
584 1306 682 1337 recte
694 1329 702 1343 ,
719 1304 769 1337 uti

74 1353 127 1387 fas
158 1355 215 1387 est
245 1362 312 1388 nos
343 1362 489 1396 sperare
523 1353 569 1386 de
602 1355 654 1391 te,
701 1353 769 1386 dea

72 1403 236 1446 propitia,
253 1400 354 1436 ouius
364 1404 548 1446 proprium
559 1405 615 1436 est
625 1411 767 1442 munus,

72 1454 112 1485 ut
145 1451 297 1494 benigne
330 1460 374 1485 ac
402 1451 553 1486 molliter
590 1453 712 1494 partus
734 1452 769 1484 in

71 1500 191 1535 lueem
205 1500 399 1544 proferas.»
423 1500 511 1534 Male
527 1500 644 1533 Schol.
659 1502 766 1543 Cruq.

71 1559 106 1583 v.
123 1551 187 1583 rite
208 1551 319 1592 iungit
340 1558 424 1584 cum
444 1559 479 1582 v.
495 1554 661 1589 maturos,
686 1559 769 1582 cum

0 1615 1 1618 =
72 1599 247 1641 pertineat
276 1598 324 1632 ad
343 1608 379 1631 v.
403 1599 548 1640 aper-ire.
575 1617 612 1622 -
636 1599 770 1639 aperire

0 1643 1 1658 *
67 1647 309 1690 partum]
332 1649 466 1680 Graeca
482 1648 765 1680 construetione:

73 1697 192 1736 «Quae
214 1696 332 1730 lenem
360 1698 395 1729 te
427 1696 582 1739 praebes
616 1698 651 1730 in
684 1706 769 1739 par-

72 1745 180 1779 tubus
224 1746 371 1779 maturis
414 1747 451 1779 in
494 1745 612 1778 lucem
649 1746 769 1788 profe-—

73 1794 227 1828 tendis.»
262 1794 314 1828 Cf.
346 1794 411 1827 Od.
444 1796 479 1835 4,
508 1794 569 1835 24,
595 1796 654 1828 ⁴7:
693 1796 770 1827 Non

72 1843 155 1877 lenis
176 1843 391 1885 (Mercurius)
410 1844 564 1884 precibus
575 1845 651 1885 fata
665 1844 770 1876 reclu-

73 1893 160 1926 dere.
195 1911 232 1916 —
269 1891 531 1936 Πολυωνυμία
564 1891 769 1925 numinibus

73 1942 199 1975 divinis
236 1942 500 1984 exoptatissima
537 1943 592 1974 est
635 1940 766 1982 gloria„

74 1999 182 2033 quam
203 1999 225 2025 a
247 1991 329 2023 love
350 1989 506 2033 postulat
532 1990 643 2023 Diana
674 1990 771 2032 apud

74 2039 209 2073 Callim-
225 2039 355 2095 Hymn.
372 2039 412 2079 3,
429 2039 476 2071 6:
499 2036 771 2095 Δόςμοικαρ-

53 2089 205 2132 Δθενιήν
237 2085 414 2127 αἰώνιον,
451 2083 581 2127 anna,
615 2085 770 2128 φυλάσ-

62 2134 157 2171 ’σειν
188 2137 262 2172 Καὶ
299 2136 583 2180 πολυωνυμὶην.
634 2138 770 2171 Eodem

74 2188 179 2230 igitur
192 2188 419 2230 antiquorum
442 2196 544 2220 more
565 2195 652 2220 usus
667 2212 675 2225 ,
699 2195 770 2228 quo

74 2237 145 2270 sat.
170 2237 211 2277 ²,
235 2237 276 2277 6,
300 2237 362 2269 20:
396 2237 562 2270 Matutine
585 2240 687 2277 pater
714 2245 772 2268 seu

74 2287 154 2319 lano
174 2286 325 2319 libentem
344 2286 453 2318 audis.
494 2285 660 2327 Aeschyl.
677 2287 771 2327 Aga-

75 2343 209 2369 memn.
250 2335 335 2369 ⁴47:
382 2332 496 2376 Ζεύς,
543 2329 651 2375 ὅστις
688 2335 770 2367 ,τοτ’

76 2385 192 2424 ἐστίν,
217 2386 253 2418 εἰ
272 2381 351 2418 τόδ
373 2381 478 2428 αὗτῷ
502 2383 618 2425 φίλον
641 2382 773 2426 κεκλη-

75 2435 198 2478 μένῳ,
245 2431 369 2467 Τοῦτό
414 2444 473 2467 νιν
514 2434 769 2490 προσεννέπω.

77 2482 173 2516 Plato
196 2483 328 2525 Cratyl.
353 2492 388 2525 p
410 2483 485 2516 400.
511 2484 555 2516 E:
580 2477 709 2538 ὥσπερ
731 2481 772 2515 ἐν

77 2535 161 2574 ταῖς
197 2529 330 2574 εὐχαῖς
374 2530 495 2575 νόμος
532 2531 636 2565 ἐστὶν
679 2529 772 2574 ἡμῖν

78 2577 279 2621 ευχεσθω,
324 2581 461 2623 οἵτινές
497 2591 538 2614 τε
574 2582 639 2613 καὶ
677 2577 773 2613 ὀπό-

80 2631 146 2664 θεν
179 2633 381 2679 χαίρουσιν
415 2627 696 2674 ὀνομαζόμενοι
720 2630 775 2672 (οἱ

815 813 926 855 θεοί).
951 811 1085 847 Phileb.
1111 821 1189 854 pag.
1209 813 1261 845 4.2
1277 813 1326 846 C:
1353 811 1420 847 νῦν
1444 811 1513 856 τὴν

813 861 886 905 μὲν
907 859 1148 920 Ἀφροδίτην,
1184 856 1262 908 ὅπῃ
1294 861 1422 919 ἐκείνῃ
1444 865 1512 903 φί-

815 911 895 951 λον,
919 910 1040 957 ταύτῃ
1063 908 1349 957 προσαγορεύω.
1384 911 1509 946 Catull

815 961 869 994 32.
907 959 969 1003 (al.
1003 959 1076 1000 34„
1114 960 1169 992 24.
1200 959 1247 993 de
1282 961 1413 994 Diana:
1460 962 1514 995 Sis

815 1018 1009 1051 quocunque
1046 1009 1104 1042 tibi
1135 1009 1248 1049 placat
1288 1010 1415 1044 Senem
1450 1020 1514 1043 no-

814 1061 919 1099 mine,
947 1060 982 1092 h.
1015 1058 1038 1092 l.
1068 1058 1158 1092 deae
1201 1059 1382 1101 optionem
1430 1060 1511 1099 dat,

814 1111 935 1141 utrum
979 1116 1111 1140 nomen
1155 1107 1188 1139 ei
1236 1109 1420 1150 acceptius
1454 1109 1512 1148 sit.

815 1159 1038 1191 Graecumue
1061 1155 1146 1189 illud
1166 1154 1384 1198 Εἰλειθυίας
1407 1157 1512 1199 (quae

816 1207 862 1240 ad
884 1207 1122 1249 parturientes
1139 1206 1237 1238 venit
1259 1215 1367 1248 opem
1388 1205 1512 1248 latura)

816 1265 862 1288 an
883 1256 1045 1289 Latinum
1063 1254 1120 1287 vel
1142 1255 1289 1288 Lucinae
1311 1256 1415 1298 (quae
1438 1254 1515 1290 aliis

818 1304 946 1338 eadem
972 1306 1035 1339 est
1066 1312 1150 1336 cum
1183 1305 1336 1343 lunone,
1372 1306 1411 1336 ut
1432 1304 1511 1337 Ter.

817 1355 925 1388 Andr.
950 1354 989 1394 3,
1015 1355 1053 1393 4,
1084 1355 1145 1388 45;
1180 1355 1264 1387 Iuno
1286 1355 1435 1393 Lucina,
1461 1354 1515 1396 fer

816 1404 942 1446 opem.)
986 1403 1043 1436 vel
1077 1403 1255 1444 Genitalis,
1290 1402 1512 1444 Γενεθλὶας,

816 1453 980 1495 gignendi
1002 1452 1192 1495 praesidis.
1223 1452 1290 1485 alia
1313 1454 1435 1494 utique
1464 1452 1516 1485 si-

817 1503 1038 1544 gnificatione
1081 1504 1188 1542 atque
1226 1502 1321 1544 apud
1363 1501 1515 1534 Ennium

815 1552 965 1584 Ann.l:
1001 1551 1159 1584 Romulus
1184 1551 1220 1582 in
1247 1550 1339 1583 caelo
1368 1550 1517 1583 mais

815 1601 1012 1644 qenitalibm
1042 1610 1159 1633 aevom
1189 1601 1304 1642 Βιρίι,
1339 1599 1401 1633 ubi
1433 1602 1517 1633 sunt

816 1652 888 1683 XII.
913 1649 950 1682 di
976 1650 1130 1682 maiores
1156 1658 1186 1681 s.
1212 1651 1414 1682 consentes.
1452 1649 1516 1681 Di-

816 1707 921 1731 versa
939 1699 1046 1731 etiam
1060 1697 1183 1731 Tibulli
1199 1697 1238 1737 4,
1256 1699 1295 1737 6,
1313 1699 1345 1731 4.
1383 1698 1517 1730 Natalis

815 1749 918 1788 Iuno,
950 1748 1074 1789 genius
1100 1746 1305 1788 (muliebris)
1326 1746 1513 1789 Sulpiciae.

818 1797 967 1830 Horman
986 1795 1193 1838 Peerlkamp
1209 1795 1341 1829 mavolt
1355 1797 1513 1829 Genitalis.

817 1847 958 1879 Poterat
991 1845 1119 1878 afferre
1153 1845 1295 1878 Festum
1325 1846 1360 1877 in
1388 1853 1424 1877 v.
1450 1845 1516 1878 Go-

816 1895 922 1927 nialos
954 1895 1047 1932 deo-u
1083 1893 1148 1926 sed
1180 1902 1224 1926 ex
1254 1894 1411 1927 nummis
1437 1894 1517 1927 Cri-

817 1944 942 1986 spinae
965 1942 1153 1976 Commodi
1174 1942 1375 1985 procedunt
1394 1951 1434 1975 m
1456 1951 1517 1976 οε-

815 2000 969 2026 mam.
1006 1990 1154 2025 Bentleii
1186 1993 1307 2024 autem
1340 1991 1518 2031 Genemuis

817 2042 948 2074 Latinis
970 2040 1164 2073 inauditum
1188 2042 1225 2072 et
1242 2040 1385 2072 Graecis
1407 2041 1518 2083 turpi-

818 2090 938 2123 culum
953 2090 1028 2122 fere
1039 2089 1259 2131 Venerisque
1273 2089 1391 2131 potius
1406 2097 1516 2131 quam

817 2141 949 2173 Dianae
965 2138 1151 2172 ἐπίθετον.
1174 2137 1296 2171 Plures
1307 2137 1518 2172 Γενετυλλί·

818 2188 899 2230 δας,
923 2197 945 2220 3
966 2187 1210 2222 Phocensibus
1231 2185 1434 2228 Γενναΐδας
1454 2197 1518 2230 ap—

819 2238 985 2281 pellatas,
1019 2237 1166 2270 Athenis
1195 2235 1308 2270 cultas
1341 2239 1518 2270 memorat

819 2289 921 2320 Paus.
949 2287 986 2325 4,
1020 2287 1056 2326 4,
1083 2287 1115 2319 5.
1146 2286 1289 2319 Lucian.
1314 2288 1434 2319 Amor.
1460 2285 1514 2319 42.

820 2338 871 2370 De
893 2336 1026 2376 Muta
1048 2337 1169 2368 autem
1191 2333 1366 2367 Plutarch.
1392 2336 1514 2377 Symp.

851 2385 947 2423 ,40
975 2384 1012 2417 3:
1055 2381 1165 2426 οἶμαι
1197 2383 1264 2416 καὶ
1297 2381 1368 2426 τὴν
1391 2379 1517 2440 Ἀρτε-

818 2444 886 2476 μιν
908 2432 1075 2473 Λοχείαν
1103 2433 1169 2465 καὶ
1190 2431 1412 2466 Εἰλείθυιαν
1442 2429 1517 2466 οὐκ

821 2477 944 2516 οὖσαν
991 2481 1123 2528 ἑτέραν
1171 2477 1198 2524 ἧ
1235 2478 1306 2524 τὴν
1347 2479 1519 2524 Σελήνην

820 2527 1063 2575 ὠνομάσθαι.
1116 2528 1306 2573 Τιμόθεος
1341 2529 1373 2562 δ’
1412 2526 1519 2564 ἅντι-

822 2578 916 2639 κρύς
948 2590 1068 2623 φησι,
1102 2577 1175 2613 Διὰ
1205 2577 1367 2613 κυάνεον
1398 2576 1518 2612 πόλον

820 2626 985 2676 ἄστρων,
1010 2627 1081 2663 Διά
1104 2631 1135 2662 τ’
1160 2625 1375 2664 ὠκυτόκοιο
1398 2626 1518 2661 Σελά,
