1722 2904
207 94 288 135 480

720 95 890 129 HORATII
914 96 1139 131 CARMINUM

376 199 575 242 Gemmas
607 206 648 242 et
678 198 861 256 lapides,
896 214 1048 242 aurum
1080 206 1122 242 et
1153 199 1310 249 inutile,

319 306 480 347 Summi
513 304 735 348 materiem
766 305 889 354 mali,

376 386 607 435 Mittamus‚
641 385 854 429 scelerum
885 386 920 427 si
953 385 1063 428 bene
1095 385 1297 442 poenitet.

320 466 546 509 Eradenda
576 465 789 523 cupidinis

1599 386 1653 426 50

374 548 498 590 Pravi
530 554 626 590 sunt
657 546 867 590 elementa
899 554 940 589 et
971 553 1146 590 tenerae
1178 547 1302 589 nimis

319 654 480 696 Mentes
515 651 808 709 asperioribus

376 733 641 776 Formandae
673 732 837 776 studiis.

898 733 1042 785 Nescit
1071 746 1186 790 equo
1217 732 1337 776 rudis

224 930 244 943 l
293 891 345 924 49.
381 891 560 923 materiam
588 891 638 922 Lt.
668 891 752 930 (non
783 889 910 931 bSTc.)
938 908 973 912 —
1008 890 1061 923 50.
1086 890 1270 922 Mittamus.
1296 890 1462 923 Scelerum
1485 891 1513 923 si
1534 890 1611 924 bene

246 941 406 980 poenitet,
431 940 613 972 Erademia
636 940 670 972 F.
701 957 735 961 —
762 939 815 971 54.
843 939 1047 971 Firmandae
1069 937 1247 972 Bentleius
1271 940 1361 972 coni.

204 1083 312 1125 algyae.
350 1102 385 1105 —
420 1091 544 1114 aurum
559 1100 577 1106 -
594 1082 724 1124 inutile]
757 1091 822 1124 per
849 1080 904 1114 λι-

204 1132 357 1175 τότητα,
378 1131 608 1172 «exit1abile,»›
634 1133 672 1164 ut
691 1131 786 1164 haud
803 1140 901 1170 rar03

203 1183 254 1215 sic
290 1182 362 1215 Cic.
395 1181 481 1214 Phil.
514 1182 552 1221 4,
585 1181 622 1220 8,
656 1181 719 1213 49;
752 1181 905 1221 iniquum

203 1235 233 1264 et
256 1232 372 1264 inutile
386 1257 393 1271 ,
419 1232 562 1264 noxium
579 1241 585 1270 ;
611 1231 723 1263 Varro
747 1231 784 1263 R.
803 1232 842 1263 R.
861 1230 901 1270 3,

204 1282 256 1321 ⁴6,
285 1282 342 1314 ⁴8:
382 1281 493 1323 reguli
515 1280 637 1323 plures
674 1281 776 1323 (inter
805 1280 902 1322 apes)

203 1332 458 1373 inutiles-fimet
476 1334 617 1371 propter
638 1331 825 1369 seditiones;
857 1331 903 1361 ita

203 1383 323 1413 autem
356 1380 605 1422 explicandum
641 1388 742 1420 esse,
780 1381 903 1412 contra

203 1432 309 1472 atque
341 1429 397 1462 alii
429 1429 667 1468 contendunt,
704 1430 905 1463 monstrant

203 1489 260 1512 vv.
286 1488 387 1521 seqq.

247 1529 301 1562 49.
326 1530 381 1561 50.
406 1529 536 1561 Summi
550 1546 569 1551 -
583 1527 683 1569 mali]
708 1528 843 1561 dictum
866 1530 906 1561 ut

202 1588 333 1611 summa
364 1587 418 1610 res
449 1578 603 1618 publica,
643 1587 774 1610 summa
800 1578 902 1611 salus.

206 1628 339 1668 «lllud,
366 1638 386 1660 a
411 1637 482 1669 quo
506 1637 612 1660 omne
635 1627 768 1660 malum
793 1629 905 1660 oritur

205 1688 247 1711 ac
269 1678 437 1720 pendet.»
476 1677 622 1710 Rutilius
651 1678 687 1716 l,
717 1677 799 1709 357:
830 1680 906 1711 Ma—

202 1729 299 1760 teries
319 1728 408 1759 vitiis
423 1736 547 1759 aurum
564 1727 659 1759 letale
669 1728 846 1766 parandis.
865 1747 900 1751 —-

201 1778 360 1810 scelerum
396 1777 424 1809 si
462 1776 540 1808 bene
578 1778 675 1817 (vere
714 1777 822 1818 atque
861 1787 903 1810 ex

202 1828 309 1860 animi
347 1827 459 1858 nostri
505 1826 691 1867 sententia)
736 1827 899 1868 poenitet]

204 1879 297 1909 Haec
314 1877 418 1917 iungo
435 1885 518 1908 cum
534 1876 726 1918 praecedd.
744 1886 750 1907 z
779 1878 903 1920 «quip-

202 1937 245 1969 pe
259 1927 343 1959 illud
356 1927 503 1958 demum
512 1926 752 1958 certissimum
764 1926 903 1967 signum

202 1977 268 2009 erit
290 1977 528 2018 poenitentiae
542 2001 549 2015 ,
576 1975 636 2007 ubi
659 1975 786 2015 rebus,
813 1985 903 2017 qua-

201 2036 281 2059 rum
297 2034 437 2059 summa
454 2025 645 2067 cupiditate
662 2026 797 2058 incensi
822 2035 902 2058 era-

202 2085 297 2115 mus,
317 2077 443 2117 sponte
460 2076 799 2113 renuntiaverimus,
819 2084 902 2107 nam

202 2126 319 2166 magni
351 2125 482 2166 aliquid
518 2126 625 2166 atque
658 2125 812 2156 inusitati
835 2134 902 2166 pa-

201 2175 327 2207 trando
345 2174 486 2207 firmum
503 2176 665 2206 nostrum
680 2175 901 2216 propositum

202 2224 488 2266 patefaciendum
506 2225 594 2256 est.»
635 2224 793 2264 Languet
814 2232 902 2256 con-

203 2276 271 2305 tra:
301 2274 354 2305 «Si
377 2282 462 2305 vere
488 2282 553 2305 nos
571 2273 750 2305 scelerum
776 2274 901 2315 poeni-

202 2325 263 2362 tet,
283 2323 463 2355 eradenda
476 2325 558 2355 sunt
574 2325 665 2356 cet.»
680 2334 686 2361 ς
713 2325 749 2355 et
765 2324 899 2355 maiore

202 2381 283 2404 cum
317 2373 351 2404 vi
375 2382 466 2404 nova
489 2370 622 2416 γνώμη
657 2374 732 2405 sine
767 2374 900 2414 protasi

201 2422 331 2463 incipit.
381 2421 534 2463 («Bene‚
572 2422 694 2462 valde,
735 2424 773 2454 ut
805 2422 899 2464 apud

203 2472 350 2504 Ennium
375 2472 613 2513 frequenter.»
639 2472 816 2513 ponpam.)

243 2521 279 2552 54
302 2539 320 2543 -
335 2522 388 2553 53.
423 2522 621 2563 Eradenda]
648 2522 810 2554 «Penitus
834 2521 899 2553 ab-

202 2569 327 2602 olenda
359 2572 441 2603 sunt
473 2580 515 2603 ex
547 2571 672 2604 animis
703 2572 839 2604 semina
864 2572 900 2603 et

201 2620 370 2661 principia
400 2629 531 2662 pravae
561 2621 761 2662 cupiditatis
791 2622 897 2661 atque

202 2669 382 2708 avaritiae,
409 2672 444 2701 et
459 2670 604 2710 quidem
621 2678 664 2702 eo
682 2671 777 2712 ipso,
801 2670 897 2711 quod

955 1083 1037 1114 ante
1062 1082 1179 1114 omnia
1209 1091 1449 1124 exsequamur
1471 1082 1655 1116 consilium

954 1131 1039 1164 illud
1061 1141 1236 1173 nunquam
1258 1133 1348 1165 alias
1369 1134 1496 1166 datmn.
1509 1146 1525 1162 ι)
1571 1134 1652 1166 Seu.

954 1183 1016 1223 Ep.
1043 1182 1079 1213 Μ
1101 1191 1107 1212 :
1148 1183 1285 1214 eradere
1310 1182 1411 1222 vitia,
1445 1183 1652 1225 exstirpare.

953 1232 1065 1263 Varro
1096 1231 1191 1263 Sent.
1217 1231 1271 1263 63.
1296 1241 1332 1273 p.
1358 1232 1412 1264 28.
1438 1232 1501 1265 Ed.
1526 1233 1653 1265 Devit:

954 1281 1039 1313 Sunt
1061 1282 1247 1321 quaedam,
1281 1290 1367 1321 quae
1389 1282 1559 1314 eradenda
1579 1285 1657 1315 sunt

954 1331 997 1363 ab
1020 1331 1133 1363 animo
1156 1331 1307 1370 scientis,
1343 1339 1430 1371 quae
1451 1331 1574 1364 scienda·
1594 1340 1656 1365 ve-

952 1390 1030 1413 rum
1063 1381 1171 1413 locum
1193 1383 1367 1421 occupant.
1403 1399 1439 1404 —-
1475 1381 1653 1424 elementa]

954 1431 1065 1463 Huius
1087 1439 1167 1463 voc.
1192 1430 1307 1472 prima
1338 1430 1544 1471 significatio
1569 1439 1653 1464 cum

954 1481 999 1513 sit
1022 1479 1178 1512 «litterae
1203 1488 1268 1512 suo
1284 1480 1408 1513 ordine
1425 1479 1653 1520 collocataer'»,

954 1530 1114 1571 apposite
1139 1529 1226 1562 dixit
1247 1530 1354 1562 etiam
1389 1531 1548 1570 eradere,
1588 1529 1656 1562 ob-

953 1579 1120 1612 litterare.
1143 1598 1179 1602 —
1205 1580 1444 1622 asperioribus]
1471 1578 1578 1612 «Illud
1594 1579 1655 1612 ubi

954 1629 1154 1671 perfectum
1178 1629 1262 1669 erit,
1295 1629 1489 1662 instituitur
1511 1629 1661 1672 sapien-1

954 1679 1022 1711 tior
1045 1679 1276 1720 severiorque
1298 1687 1495 1721 puerorum
1517 1679 1654 1712 educa-

954 1729 1023 1768 tio,
1061 1737 1169 1770 quam
1191 1727 1373 1771 paullatim
1404 1727 1654 1771 effeminarunt

954 1777 1114 1811 Graeculi
1138 1778 1311 1819 imprimis
1334 1778 1494 1819 magistri
1508 1779 1538 1810 1„

996 1827 1049 1860 54.
1087 1828 1141 1859 55.
1183 1827 1406 1870 F'ormcmaae]
1447 1829 1484 1869 In
1511 1827 1581 1860 hoc
1615 1837 1650 1860 V.

953 1877 1031 1919 plus
1056 1877 1148 1909 inest
1169 1885 1278 1918 quam
1301 1877 1337 1910 in
1352 1876 1499 1910 Bentleii
1511 1878 1654 1919 firman-

953 1927 1036 1965 dae,
1063 1935 1146 1958 cum
1169 1926 1253 1958 illud
1277 1927 1388 1959 totam
1404 1927 1652 1960 educationem

951 1975 1125 2016 significet
1162 1976 1207 2008 ad
1253 1975 1366 2008 bonas
1403 1978 1499 2009 artes
1544 1977 1652 2009 etiam

952 2025 1140 2066 postmodo
1158 2025 1377 2058 exercendas
1393 2026 1650 2068 pertinentem;

948 2075 1138 2116 firmandae
1154 2077 1248 2108 esset
1264 2075 1534 2107 tantummodo:
1562 2075 1652 2107 «du-

952 2124 1101 2164 randae,
1135 2124 1421 2157 corroborandae
1445 2124 1552 2157 etiam
1574 2125 1650 2157 sine

950 2174 1088 2206 actione
1112 2175 1195 2206 sunt
1217 2175 1358 2207 mentes
1381 2174 1485 2207 nimis
1498 2182 1652 2207 enerva-

951 2226 1043 2256 tae.»
1082 2243 1117 2246 —
1158 2224 1282 2266 Nescit]
1308 2224 1474 2257 «Iamiam
1497 2233 1541 2257 eo
1563 2233 1649 2266 per-

950 2274 1096 2306 ventum
1113 2275 1184 2312 est,
1211 2275 1250 2305 ut
1270 2274 1372 2315 pueri
1395 2274 1537 2315 ingenui
1553 2274 1653 2315 equi-

950 2325 1024 2355 tare
1049 2331 1091 2355 ac
1114 2324 1237 2355 venari
1262 2323 1432 2362 nesciant,
1458 2325 1650 2365 propterea

949 2373 1047 2414 quod
1070 2373 1178 2405 rudes
1201 2374 1308 2414 atque
1331 2372 1549 2405 inexercitati
1569 2374 1651 2405 sunt

949 2424 985 2454 et
1007 2422 1051 2454 ab
1077 2422 1173 2454 omni
1196 2421 1318 2454 labore
1350 2421 1579 2454 abhorrent.»
1607 2440 1643 2445 —

948 2471 1107 2513 Haerere]
1138 2471 1349 2513 Simpliciter
1372 2473 1427 2504 est
1450 2472 1625 2504 «sedere»
1639 2497 1646 2511 ,

949 2531 1018 2554 non
1034 2524 1073 2553 ut
1088 2521 1248 2563 plerique
1266 2520 1451 2563 explicant,
1478 2520 1648 2554 «firmiter

949 2571 1100 2603 insidere
1148 2579 1242 2612 equo
1283 2579 1439 2612 eumque
1476 2578 1614 2611 regere.
1628 2582 1644 2599 »ι

949 2621 1020 2653 Cic.
1046 2629 1111 2662 pro
1135 2621 1247 2653 Deiot.
1275 2620 1336 2652 ⁴0:
1370 2621 1485 2661 ltaque
1506 2619 1648 2653 Deiota-

948 2679 1024 2702 rum
1050 2679 1125 2702 cwm
1148 2670 1262 2710 plures
1289 2670 1323 2701 in
1354 2678 1474 2710 equum
1495 2668 1649 2702 sustulis-
1703 2715 1707 2719 .
