1722 2904
177 84 259 127 686
717 87 889 120 neuun
913 87 1084 120 Epopon
1131 107 1134 110 >

401 192 482 240 An,
515 189 552 232 si
582 190 680 247 quis
710 197 802 234 atro
834 190 963 234 dente
993 204 1062 233 me
1092 190 1311 248 petiverit,
1575 193 1593 237 4
1603 194 1628 235 5

459 269 621 313 Inultus
651 277 697 313 ut
726 270 840 314 flebo
870 271 1018 328 puer?

176 402 280 444 λέα)·
313 399 433 448 Ἑρμῆ
457 400 651 446 κυνάγχα,
687 402 878 449 Μῃονιστι
898 408 904 478 Ι
928 402 1078 434 dentibus
1097 403 1197 435 rodit.
1229 421 1266 427 —
1297 404 1397 445 puer]
1423 405 1534 447 «Ego,
1559 414 1631 438 non

176 449 398 491 Κανδαύλα,
423 450 564 498 Φωρῶν
586 452 728 498 ἑταῖρε,
763 448 878 498 δεῦρό
928 460 987 484 me
1002 451 1192 492 ulciscens,
1210 451 1324 494 flebo,
1339 454 1381 486 ut
1394 455 1533 496 puer‘h
1558 454 1630 497 (qui

175 512 245 544 μοι
277 500 566 548 σκαπαρδεῦσαι
602 499 878 544 (συμμαχῆσαι
927 500 1101 535 adversus
1127 501 1289 535 adultum
1316 511 1359 536 ac
1387 502 1629 536 robustiorem

176 551 292 592 glossa
324 551 417 593 apud
449 551 589 592 Bergk„
623 550 750 584 melius
769 560 878 593 quam
933 549 1127 584 defendere
1163 560 1203 584 se
1226 551 1373 594 nequit.)
1425 551 1489 585 Alii
1511 553 1630 586 minus

177 601 343 642 Hesychii
388 598 648 647 λοιδορῆσαι).
705 618 741 624 -
801 604 880 633 atro
927 601 1028 633 recte
1066 603 1294 635 construunt:
1331 601 1433 644 flebo,
1471 605 1509 635 ut
1542 610 1630 643 puer

175 650 280 692 dente]
305 649 526 683 contumeliis
550 659 593 682 ac
616 650 756 683 minis.»
790 651 881 684 Mar·
929 650 1084 683 inultus?

175 700 245 733 tial.
272 702 312 740 5,
346 702 408 740 28,
442 701 479 733 7:
523 700 732 742 Robiginosis
759 703 880 733 cuncta

642 1053 1138 1093 Excunsus

807 1141 995 1174 Anv.43.

259 1225 468 1257 Tractat-unt
489 1224 592 1257 notas
614 1224 723 1260 hasce
746 1223 791 1255 de
815 1222 1025 1255 Archilocho
1048 1223 1085 1255 et
1099 1222 1318 1264 Hipponacte
1342 1221 1630 1258 narratiunculas*

174 1282 281 1314 etiam
315 1279 726 1322 Epigrammatographi;
762 1278 872 1312 veluti
906 1278 952 1311 de
986 1277 1044 1311 illo
1077 1277 1247 1312 Lentulus
1281 1278 1482 1313 Gaetulicus
1514 1279 1622 1313 Anth.
1668 1270 1671 1272 ’

174 1336 245 1370 Pal.
271 1338 297 1369 Ι.
323 1345 359 1378 p.
386 1336 473 1368 327:

305 1390 420 1436 Σῆμα
442 1389 520 1424 τόδ’
541 1386 764 1438 Ἀρχιλόχου
789 1388 1054 1437 παραπόντιον
1067 1414 1076 1430 ,
1101 1383 1147 1431 ὅς
1169 1396 1263 1423 ποτε
1284 1387 1426 1438 πικρὴν

391 1445 547 1491 μοῦσαν
570 1445 748 1490 ἑχιδναίῳ
771 1443 922 1494 πρῶτος
944 1441 1075 1489 ’ἔβαψε
1097 1443 1202 1490 χόλῳ

306 1501 476 1547 αἱμάξας
494 1500 681 1536 Ἑλικῶνα
702 1500 770 1535 τὸν
794 1497 952 1550 ἥμερον.
999 1499 1086 1535 Οἶδε
1107 1499 1345 1546 Λυκάμβης,

390 1557 611 1606 μυρόμενος
634 1553 800 1606 τρισσῶν
823 1553 986 1602 ἅμματα
1007 1559 1242 1605 θυγατέρων.

305 1614 431 1662 ἡρέμα
453 1613 500 1659 δὴ
524 1615 802 1662 παράμειψον,
827 1612 1030 1661 ὁδοιπόρε,
1055 1612 1112 1657 μή
1136 1624 1230 1648 ποτε
1252 1612 1365 1648 τοῦδε

392 1670 556 1719 κινήσης
578 1670 713 1716 τύμβῳ
737 1669 894 1715 σφῆκας
918 1670 1187 1714 ἐφεζομένους.

261 1730 361 1770 Ipsos
384 1727 584 1761 Archilochi
618 1727 813 1761 versiculos
848 1728 918 1760 huc
941 1728 1161 1770 pertinentes
1182 1725 1264 1759 vide
1288 1725 1384 1769 apud
1405 1725 1521 1768 Bergk
1542 1732 1625 1768 pag.

174 1783 249 1817 472.
276 1785 329 1816 Fr.
355 1784 396 1816 23
421 1792 523 1825 seqq.
550 1782 658 1826 (Οἳην
681 1781 901 1826 Λυκάμβεω
925 1781 1044 1815 παῖδα
1065 1779 1137 1826 τὴν
1159 1778 1392 1829 ὑπερτέρην,
1414 1781 1512 1814 unde
1535 1780 1631 1814 duas

174 1841 311 1872 tantum
334 1839 441 1872 fuisse
467 1838 634 1881 colligas.)

261 1897 313 1928 De
337 1896 556 1954 Hipponacte
580 1894 759 1936 Philippus
782 1894 887 1927 Anth
911 1893 983 1927 Pal.
1008 1896 1034 1927 I.
1059 1903 1095 1936 p.
1121 1893 1209 1927 425:

389 1945 436 1983 Ὦ
459 1948 577 1992 ξεῖνε,
603 1948 723 2014 φεῦγε
746 1947 814 1983 τὸν
835 1947 1032 1993 χαλαζεπῆ
1054 1946 1209 1990 τάφον,

390 2004 460 2039 τὸν
483 2004 668 2053 φρικτόν,
690 2003 969 2047 Ἱππώνακτος,
994 1998 1043 2038 οὗ
1065 2015 1107 2038 τε
1128 2000 1182 2045 χά
1206 2005 1329 2051 τέφρα

392 2060 587 2105 ἰαμβιάζει
608 2059 850 2095 Βουπάλειον
872 2061 913 2103 ἐς
935 2059 1100 2105 στύγος,

390 2117 447 2162 μή
472 2128 552 2160 πως
574 2118 722 2165 ἐγείρῃς
745 2116 885 2161 σφῆκα
906 2115 976 2150 τὸν
998 2114 1267 2161 κοιμώμενον,

395 2171 440 2215 ὃς
460 2170 545 2207 οὐδ’
570 2173 611 2207 ἐν
626 2169 730 2221 Ἅιδῃ
753 2172 823 2206 νῦν
844 2174 1065 2216 κεκοίμικεν
1086 2169 1231 2213 χόλον,

393 2227 581 2271 σκάζουσι
602 2232 759 2277 μέτροις
781 2226 883 2276 ὀρθὰ
904 2226 1092 2271 τοξεύσας
1114 2224 1202 2272 ἔπη.

261 2286 312 2317 De
337 2285 485 2319 confuso
509 2287 658 2319 Acronis
682 2285 822 2319 scholio
846 2284 991 2319 consule
1014 2286 1116 2319 Estre
1140 2285 1224 2318 Hor.
1249 2283 1306 2316 Pr.
1330 2289 1366 2324 p.
1391 2281 1447 2315 20.
