1722 2904
588 55 667 88 Lm.
692 56 749 88 111.
797 55 836 88 C.
860 55 975 88 XXVI.

1450 53 1532 97 487

535 318 1090 359 mun

319 430 411 475 Vixi
440 429 594 488 puellis
624 443 764 488 nuper
791 429 974 474 idoneus

318 511 369 554 Et
396 509 569 555 militavi
599 524 685 554 non
714 510 807 555 sine
837 510 993 568 gloria;

373 592 494 635 Nunc
523 604 642 634 arma
671 590 1005 649 defunctumque
1035 590 1149 635 bello

429 671 633 715 Barbiton
663 670 733 715 hic
762 671 907 728 paries
934 670 1131 721 habebit,

318 778 507 820 Laevum
534 776 725 819 marinae
755 775 829 833 qui
856 775 1036 819 Veneris
1065 775 1175 819 latus
1511 776 1537 817 5

321 856 528 901 Custodit.
586 856 667 901 Hic
695 855 765 900 hic
793 856 939 914 ponite
966 855 1110 900 lucida

374 936 551 981 Funalia
580 944 623 980 et
651 943 800 980 vectes
830 942 874 980 et
902 949 1029 980 arcus

177 1044 294 1077 XXVI.
318 1044 427 1076 Inscr.
446 1041 538 1084 volg.
569 1043 620 1075 Aa
638 1043 811 1082 Venerem,
837 1044 873 1075 et
898 1043 949 1076 sic
964 1042 1076 1075 Codd.
1095 1043 1216 1075 nostri.
1253 1041 1316 1083 (Ad
1340 1043 1495 1075 Venerem

136 1093 351 1126 eucharistico
371 1092 545 1125 tetracolos
566 1092 601 1132 S,
625 1091 676 1124 Aa
700 1092 854 1124 Venerem
876 1092 1051 1124 tetracolos
1072 1091 1124 1132 T.)
1149 1110 1186 1115 —
1203 1092 1236 1124 7.
1252 1091 1367 1133 vectes]
1392 1094 1496 1124 vestes

135 1153 159 1187 y
181 1151 237 1185 ap.
262 1142 405 1175 Kirchn.
428 1150 465 1184 p.
490 1141 545 1174 36.
572 1159 609 1164 —
634 1144 664 1173 et
686 1141 797 1183 arcus]
821 1144 852 1173 et
872 1149 974 1173 uncos
988 1140 1144 1173 malebat
1166 1141 1379 1180 Biscionius‚
1404 1148 1496 1173 secu-

133 1199 251 1232 resque
263 1190 391 1231 Bentl.,
416 1191 584 1232 athamas
607 1190 838 1231 cuningham.
873 1189 978 1231 (Libri
1000 1198 1126 1223 omnes
1149 1191 1292 1223 tuentur
1313 1193 1344 1222 et
1366 1189 1493 1230 arcus.)

133 1283 249 1316 XXVI.
295 1284 363 1316 Per
394 1283 512 1315 iocum
545 1281 715 1316 simulans
749 1290 789 1315 se

94 1333 237 1365 iamiam
281 1332 463 1364 amoribus
507 1332 790 1364 renuntiaturum

90 1380 206 1423 lyram
228 1390 271 1414 ac
292 1380 428 1423 reliqua
445 1382 680 1414 instrumenta
695 1389 791 1413 ama-

92 1430 183 1463 toria
208 1425 339 1463 Veneri
367 1429 508 1462 dedicat
521 1455 529 1470 ,
565 1429 669 1462 simul
702 1439 790 1472 pre-

96 1479 215 1519 entus,
238 1480 279 1512 ut
301 1478 428 1512 chloes
443 1487 604 1512 amorem
620 1478 687 1511 sibi
702 1487 790 1511 con-

91 1527 207 1568 ciliet,
248 1529 285 1560 in
318 1537 390 1570 quo
422 1529 500 1570 ipso
532 1527 650 1569 lepida
683 1529 789 1561 totius

92 1577 205 1610 odarii
219 1578 369 1610 vertitur
384 1577 566 1624 εἰρωνεία.
592 1577 680 1618 (Quo
695 1579 790 1609 tem-

92 1635 180 1669 pore
204 1627 440 1668 compositum
470 1626 536 1665 sit,
572 1635 643 1658 non
664 1625 786 1667 liquet.

91 1675 261 1709 Referunt
274 1674 431 1708 nonnulli
447 1675 493 1707 ad
508 1684 540 1707 a.
558 1675 634 1707 733.
646 1700 654 1714 ,
679 1676 790 1708 Fran-

90 1724 135 1757 ke
158 1724 205 1757 ad
227 1733 261 1757 a.
285 1723 375 1764 730.)

135 1774 167 1805 4.
202 1773 236 1805 2.
266 1773 403 1814 puellis]
439 1773 526 1806 Mira
559 1773 615 1805 est
651 1772 788 1804 Frankii

91 1822 183 1854 coni.
207 1822 333 1854 duellis.
361 1841 398 1844 —
423 1822 576 1863 idoneus]
602 1829 706 1853 «cum
729 1829 789 1853 es-

91 1878 171 1903 sem
196 1871 313 1903 aetate
338 1871 473 1912 integra
506 1872 542 1902 et
573 1869 619 1902 ad
645 1878 788 1902 amores

91 1920 395 1953 accommodata.»
433 1939 471 1955 —,
508 1920 667 1960 militavi]
702 1920 789 1952 Fre-

91 1978 206 2012 quens
248 1970 284 2002 in
325 1970 508 2002 amoribus
542 1968 788 2002 describendis

91 2018 347 2059 imago.‘0d.4,
366 2019 397 2058 ⁴,
417 2019 470 2050 46.
489 2018 589 2051 Ovid.
607 2019 685 2050 Am.
705 2019 735 2057 4,
753 2018 785 2057 9,

92 2068 128 2099 ⁴:
152 2067 277 2100 Militat
297 2067 586 2099 omnisamanset
608 2067 703 2099 habet
725 2075 789 2098 sua

90 2119 206 2148 castra
228 2116 365 2157 Cupido.
402 2117 442 2148 A.
459 2117 499 2148 A.
517 2117 538 2148 2
550 2142 558 2155 ,
574 2116 660 2148 233:
695 2116 790 2148 Mili-

92 2165 159 2198 tiae
171 2165 292 2206 species
306 2174 404 2197 antor
417 2169 483 2197 est:
499 2166 650 2197 discedite
665 2173 787 2206 seques.

91 2213 244 2247 Achilles
274 2215 392 2247 Tatius
414 2223 449 2256 p.
473 2214 528 2246 29.
567 2214 714 2247 Iacobs:
753 2215 790 2247 τί

91 2261 134 2296 δὲ
154 2260 278 2304 δειλὸς
300 2260 334 2295 εἷ
356 2261 590 2309 στρατιώτης
612 2259 789 2309 ἀνδρείου

93 2310 187 2345 θεοῦ
199 2322 214 2350 ,·
239 2313 412 2353 (Amoris.)

136 2361 167 2394 3.
194 2361 226 2394 4.
250 2362 361 2403 arma]
386 2370 426 2394 ea
444 2362 539 2404 ipsa,
565 2369 657 2402 quae
673 2360 790 2403 paullo

93 2411 174 2452 post
202 2412 397 2443 enumerat.
437 2428 468 2434 —
503 2409 683 2451 Barbium,
718 2418 789 2450 quo

94 2467 235 2491 amores
267 2459 466 2498 cecinerat,
502 2459 571 2490 iam
601 2458 790 2499 defwwtum

94 2509 149 2540 est
182 2507 283 2546 bello,
324 2516 367 2539 eo
402 2507 471 2539 iam
506 2515 596 2548 opus
628 2516 699 2539 non
734 2507 789 2539 est

95 2555 161 2587 «ad
189 2555 427 2588 excantandas
461 2554 633 2596 puellas»,
669 2557 707 2588 ut
740 2555 788 2587 ait

94 2605 252 2646 Propert.
278 2604 314 2644 3,
340 2604 378 2643 3,
403 2604 457 2637 49.

883 1283 916 1314 5.
941 1282 974 1314 6.
999 1281 1156 1324 Laevum]
1179 1282 1298 1324 paries
1314 1280 1432 1314 sacelli
1452 1281 1539 1314 sini-

839 1332 912 1364 stro
922 1331 1072 1363 Veneris
1083 1329 1184 1363 lateri
1195 1331 1378 1373 proximus
1389 1356 1396 1370 ,
1414 1329 1540 1363 dexter

838 1380 899 1420 iis,
936 1381 997 1421 qui
1027 1381 1104 1413 eius
1135 1379 1364 1413 simulacrum
1387 1388 1450 1412 ore
1473 1379 1540 1412 ad-

839 1437 947 1461 verso
981 1429 1174 1462 intuentur.
1235 1428 1420 1462 orientalis
1454 1437 1539 1470 ergo

838 1486 922 1519 pars
945 1476 1166 1519 intelligitur,
1189 1477 1346 1510 Etruscis
1362 1478 1399 1509 et
1414 1477 1540 1510 Roma-

839 1527 893 1559 nis
926 1527 962 1559 in
991 1527 1088 1559 omni
1118 1535 1158 1558 re
1193 1526 1308 1558 divina
1344 1525 1470 1558 fausta.
1498 1542 1535 1549 —

837 1576 1032 1608 marinae-
1057 1575 1205 1618 Veneris]
1239 1576 1279 1607 ut
1309 1574 1372 1608 Od.
1402 1574 1440 1614 4,
1474 1574 1534 1614 Η,

839 1626 907 1665 45.,
932 1625 1108 1665 ποντίας,
1133 1622 1327 1668 πελαγίας,
1351 1623 1535 1666 λιμενίας.

838 1675 941 1707 Paus.
973 1674 1013 1713 2,
1049 1673 1107 1712 34,
1144 1675 1197 1706 Η.
1237 1673 1356 1714 Eurip.
1394 1671 1534 1714 Hippoi.

838 1722 921 1756 4⁴5:
955 1716 988 1754 ὦ
1019 1721 1204 1756 δέσποινα
1234 1723 1372 1754 ποντία
1397 1719 1534 1767 Κύπρι.

839 1772 908 1804 Cfr.
935 1772 998 1805 Od.
1032 1773 1071 1812 4,
1102 1772 1140 1811 3,
1172 1773 1204 1804 4.
1235 1790 1272 1795 -
1301 1771 1465 1812 custodat]
1498 1772 1539 1803 ut

838 1820 921 1853 alibi
944 1821 1067 1854 dicunt
1088 1825 1196 1862 teqere
1218 1821 1317 1852 latus.
1349 1838 1386 1843 —
1409 1819 1536 1861 ponite]

839 1879 888 1903 «o
909 1871 1011 1912 pueri
1027 1871 1033 1901 !
1047 1883 1063 1898 n
1101 1869 1261 1902 Verbum
1283 1868 1468 1910 proprium
1491 1867 1537 1901 de

837 1915 1100 1961 ἀναθήμασιν.
1129 1919 1290 1959 Propert.
1315 1918 1354 1955 2,
1380 1917 1443 1955 ⁴9,
1470 1916 1534 1949 48:

841 1969 957 2001 Veneri
974 1977 1100 2008 ponere
1112 1970 1193 1999 vota
1206 1967 1311 1998 iuvat.
1337 1965 1437 1998 Ovid.
1455 1967 1535 1998 Am.

838 2018 875 2057 4,
902 2018 938 2049 Η
956 2043 963 2056 ,
988 2018 1053 2049 25:
1089 2017 1165 2048 Non
1186 2025 1246 2057 09⁰
1267 2015 1418 2047 victrices
1439 2014 1538 2047 lauro

836 2066 993 2098 redimire
1015 2065 1167 2104 tabellas,
1191 2065 1259 2097 Nec
1276 2064 1408 2096 Veneris
1427 2064 1539 2096 media

832 2123 958 2156 ponere
980 2115 1016 2146 in
1038 2115 1119 2146 aede
1139 2122 1262 2146 morer.

881 2165 914 2196 7.
954 2163 1119 2205 Funalia]
1163 2162 1259 2195 faces
1294 2170 1338 2194 ex
1371 2161 1513 2194 funibus
1528 2187 1536 2202 ,

838 2213 940 2254 pice,
975 2213 1115 2251 resina,
1152 2220 1236 2244 cera
1257 2210 1372 2250 illitis,
1408 2210 1538 2252 quibus

838 2261 1031 2294 utebantur
1053 2261 1088 2292 in
1110 2260 1292 2292 nocturnis
1315 2260 1538 2292 comissatio-

839 2310 967 2348 nibus;
997 2310 1110 2341 lucida
1130 2311 1266 2349 autem,
1298 2317 1410 2350 «quae
1434 2307 1535 2347 olim,

841 2367 924 2391 cum
946 2358 1252 2398 comissahamur,
1290 2357 1408 2390 lucem
1430 2366 1539 2400 prae-

840 2407 1007 2440 bebant.»
1039 2407 1139 2440 ovid.
1167 2408 1208 2440 A.
1226 2409 1267 2440 Α.
1285 2407 1324 2447 3,
1348 2407 1435 2439 567:
1470 2407 1539 2439 Noc

839 2458 973 2499 franqet
983 2460 1094 2497 postes
1107 2466 1167 2489 nec
1180 2457 1287 2489 saevis
1298 2456 1429 2498 ignibus
1448 2459 1533 2488 uret.

840 2506 987 2539 Theocr.
1018 2506 1059 2545 2,
1088 2506 1163 2538 ⁴27.
1202 2506 1253 2538 De
1283 2505 1537 2537 comissationi-

839 2554 907 2588 bus
929 2555 1110 2587 nocturnis
1139 2553 1283 2588 consule
1307 2553 1431 2586 Iacobs
1454 2553 1536 2585 Phi-

839 2603 935 2637 lostr.
974 2605 1102 2645 Imagg.
1140 2612 1174 2644 p.
1210 2602 1286 2636 204.
1327 2621 1362 2625 —
1412 2603 1536 2642 vectes]
