1722 2904
168 63 248 103 704.

710 64 879 96 HORATH
904 64 1075 96 EPODON

648 403 1103 445 cmxl-

281 533 406 583 Petti,
440 531 542 574 nihil
573 545 640 574 me
672 530 782 573 sicut
813 536 938 572 antea
968 529 1085 571 iuvat

337 613 536 656 Scribere
565 610 805 654 versiculos
837 623 983 652 amore
1014 603 1272 666 percussum
1300 608 1446 665 gravi,

278 696 453 743 Amore,
486 693 560 750 qui
591 705 661 734 me
691 698 865 748 praeter
896 703 1046 733 omnes
1077 689 1237 746 expetit

337 773 531 817 Mollibus
563 773 603 814 in
634 772 782 829 pueris
815 778 887 814 aut
918 770 959 812 in
989 769 1143 827 puellis
1175 783 1314 814 urere.

281 856 359 898 Hic
388 854 538 898 tertius
568 851 833 902 December,
868 865 921 894 ex
952 865 1039 908 quo
1071 851 1213 894 destiti
1593 850 1619 890 ὃ

254 988 309 1019 XI.
335 988 444 1018 Inscr.
470 984 562 1025 volg.
598 985 649 1016 Ad
670 984 811 1017 Pettiwm
833 982 889 1015 vel
912 983 1078 1022 Pectium,
1105 984 1142 1014 et
1163 983 1215 1015 sic
1231 990 1262 1014 c.
1283 999 1319 1005 —
1345 983 1454 1015 Fectio
1468 982 1576 1015 antico

215 1046 274 1069 suo
297 1037 439 1067 invisam
463 1035 523 1067 sibi
543 1036 694 1075 poeticen
716 1042 783 1066 esse
811 1034 846 1065 in
868 1033 996 1064 cubitus
1019 1033 1090 1074 (sic)
1114 1041 1190 1064 suos
1211 1033 1449 1073 irrumpentem
1470 1033 1508 1064 B.
1536 1048 1573 1055 -—

211 1088 242 1118 ⁴.
267 1086 353 1118 Pecti
374 1084 515 1123 BSTd,F
549 1085 630 1125 (non
653 1083 724 1124 hc).
765 1099 800 1105 -—
838 1083 870 1115 2.
902 1081 1098 1122 perculsum
1120 1079 1196 1124 λμ,
1231 1081 1357 1121 Aldus,
1383 1082 1490 1114 LCtF.
1526 1081 1577 1122 (Ut

210 1144 294 1174 nos,
320 1134 487 1173 BhSTcd‚
514 1135 602 1165 Pott.
630 1133 665 1170 ⁴,
693 1132 758 1173 45.)
787 1149 822 1154 —
860 1131 891 1165 4.
920 1135 980 1163 aut
997 1132 1114 1172 pueris
1137 1130 1293 1164 malebat
1315 1129 1505 1164 Bentleius.
1534 1147 1570 1153 -

214 1186 246 1217 5.
273 1183 452 1217 decembris
475 1183 510 1215 d.

210 1302 266 1333 XI.
302 1301 457 1342 Lycisci,
483 1301 585 1342 pueri
608 1300 730 1339 amati,
768 1307 869 1331 arro-

167 1351 283 1392 gantia
296 1360 338 1383 ac
351 1350 519 1392 superbia
528 1358 759 1391 summopere
773 1357 871 1381 com-

167 1402 302 1440 motus,
329 1399 492 1432 dolenter
507 1399 635 1439 Pettio,
661 1398 772 1432 sodali
788 1407 866 1437 suo,

167 1451 298 1483 fatetur
308 1450 476 1482 miseram
490 1457 592 1481 suam
602 1450 747 1486 sortem,
776 1456 868 1489 quae

167 1501 286 1541 ipsum
317 1499 486 1532 discussis
518 1497 719 1531 sanioribus
750 1498 869 1530 consi-

167 1548 222 1581 liis
257 1550 364 1589 atque
399 1547 703 1589 obiurgationibus
734 1548 870 1579 amico-

167 1607 249 1630 rum
272 1598 440 1630 continuo
464 1597 614 1636 amoris,
641 1597 677 1628 et
701 1597 777 1628 eius
794 1596 870 1637 qui-

168 1648 252 1680 dem
275 1655 403 1689 parum
417 1646 599 1688 prosperi,
624 1645 761 1687 laqueis
777 1646 869 1677 irre-

168 1698 241 1730 tiat.
281 1697 331 1729 Ex
365 1704 496 1728 urrscn.
544 1695 724 1728 Adversus
759 1703 868 1736 quem

167 1748 286 1789 ipsum
309 1746 542 1787 interpretem
565 1744 669 1777 nobis
691 1744 797 1776 liceat
816 1744 870 1776 af-

123 1811 129 1814 ·
168 1797 330 1835 firmare,
363 1795 480 1827 omnia
508 1795 566 1826 hic
594 1796 668 1826 tam
691 1793 866 1833 iuvenilia,

168 1845 385 1888 praefracta,
411 1853 496 1876 vere
521 1845 676 1876 Romana
694 1852 794 1883 esse,
820 1845 871 1876 at-

169 1904 238 1936 que
262 1894 308 1926 ad
330 1894 435 1926 unius
459 1894 591 1926 Horatii
613 1901 806 1934 personam
821 1893 868 1924 ita

168 1944 310 1983 referri,
343 1944 383 1975 ut
405 1943 520 1974 metro
545 1943 694 1983 excepto
718 1941 811 1974 nulla
835 1942 869 1973 in

167 1996 243 2026 toto
267 1993 425 2025 carmine
457 1993 539 2024 insit
572 1992 720 2024 imitatio
745 1992 868 2024 Graeci

169 2043 314 2076 alicuius
350 2042 527 2074 carminis.
576 2042 733 2082 Scriptus
766 2041 870 2073 vide-

169 2094 226 2125 tur
259 2092 396 2134 epodus
438 2100 530 2124 anno
571 2091 646 2123 720.
690 2090 746 2123 vel
791 2091 866 2123 724.

170 2143 239 2175 Cfr.
266 2143 412 2175 Franke.
449 2141 620 2173 Kirchner
654 2139 787 2172 rettulit
824 2140 869 2172 ad

169 2201 200 2224 a.
232 2193 307 2224 747.

213 2243 244 2273 4.
270 2242 302 2273 2.
341 2240 434 2281 Petti]
467 2240 523 2272 Sic
546 2248 678 2271 nomen
702 2237 870 2270 scribitur

170 2291 277 2323 etiam
309 2290 344 2322 in
378 2290 552 2330 Inscriptt.
579 2297 621 2321 ac
654 2287 816 2319 firmatur
849 2296 869 2319 a

168 2340 277 2373 Mario
311 2339 489 2371 Victorino
523 2347 559 2379 p.
585 2337 661 2370 235.
699 2336 803 2369 Gaisf.
835 2338 871 2368 et

169 2388 270 2421 Atilio
308 2388 556 2420 Fortunatiano
596 2395 631 2428 p.
669 2386 745 2419 362.
782 2386 867 2418 ibid.

168 2437 234 2470 Alii
247 2438 352 2478 Pecti,
377 2439 416 2470 ut
434 2437 572 2476 Vectius,
601 2436 768 2468 Vectienus
783 2444 866 2477 pro:

173 2487 295 2519 Vettius
328 2488 395 2519 cet.
442 2487 611 2518 Ceterum
643 2486 783 2526 ignotus
816 2486 870 2517 est

169 2537 227 2568 hic
244 2537 375 2568 Horatii
399 2534 540 2568 sodalis.
563 2553 599 2558 —
625 2533 777 2566 Scribere
791 2543 869 2566 ver-

167 2586 298 2625 siculos]
328 2586 405 2617 Non
429 2585 504 2617 sine
531 2584 648 2617 taedio
673 2584 718 2616 de
748 2584 868 2625 priore

171 2642 235 2666 suo
264 2634 380 2667 studio
408 2633 573 2675 loquitur.
602 2651 637 2656 —
659 2632 865 2674 percussum]

919 1297 1120 1341 πληγέντα,
1145 1299 1330 1339 tamquam
1352 1297 1463 1338 flagro
1485 1297 1543 1330 vel
1560 1298 1622 1331 sti-

919 1347 1026 1380 mulo.
1073 1346 1272 1380 Archiloch.
1298 1347 1333 1378 in
1357 1346 1468 1388 Epod.
1483 1347 1538 1379 Fr.
1563 1347 1618 1380 77.

918 1398 1032 1439 Bergk
1053 1406 1088 1439 p.
1115 1396 1195 1430 484:
1220 1393 1419 1439 Δύστηνος
1441 1391 1617 1440 ἔγκειμαι

920 1445 1048 1490 πόθῳ,
1072 1442 1268 1489 οἈψυχος,
1301 1443 1495 1492 χαλεπῇσι
1519 1444 1621 1479 θεῶν

920 1492 1101 1543 ὀδύνῃσιν
1139 1491 1246 1539 ἕκητι
1287 1495 1540 1542 Πεπαρμένος
1576 1494 1620 1529 δι’
1644 1501 1651 1513 ’

920 1543 1077 1579 ὀστέων.
1127 1545 1245 1587 Virgil.
1280 1547 1340 1578 Ge.
1370 1547 1409 1586 2,
1445 1545 1527 1579 476:
1565 1547 1622 1579 in—

918 1597 1008 1638 gemi
1026 1604 1204 1636 percussus
1225 1604 1352 1627 amore.
1379 1596 1468 1628 Aen.
1485 1596 1518 1636 ⁹,
1535 1595 1617 1628 ⁴97:

918 1646 1193 1687 magnolaudmn
1201 1653 1378 1685 percussus
1391 1653 1519 1685 amm-e,
1543 1651 1622 1678 cer-

919 1696 992 1727 tam
1035 1695 1282 1726 auctoritatem
1323 1695 1524 1736 praestante
1554 1695 1622 1727 Lu-

920 1746 1006 1777 cret.
1033 1745 1073 1784 4,
1099 1744 1182 1776 922:
1217 1743 1291 1775 acri
1319 1744 1481 1776 Percussit
1505 1743 1620 1784 thyrso

919 1795 1028 1826 laudis
1057 1802 1129 1834 spes
1160 1801 1288 1834 maana
1319 1801 1430 1825 meum
1461 1801 1538 1833 cor,
1575 1793 1621 1826 Et

918 1845 1018 1876 simul
1039 1844 1175 1875 incussit
1203 1852 1339 1876 suavem
1359 1843 1407 1875 mi
1439 1843 1476 1875 in
1503 1846 1621 1883 pectus

920 1902 1068 1926 amorem
1099 1894 1287 1926 Musarum.
1337 1892 1492 1925 Nimium
1523 1892 1560 1925 h.
1592 1892 1616 1926 l.

920 1943 1012 1975 soret
1042 1942 1234 1982 perculsum
1271 1941 1357 1974 cod.
1398 1940 1546 1983 Guelpb.
1582 1943 1619 1975 et

919 1990 1010 2024 Atilii
1039 1990 1062 2023 l.
1087 1989 1110 2023 l.
1151 1990 1232 2032 (cfr.
1256 1991 1396 2023 Lucret.
1429 1991 1466 2031 6,
1502 1990 1616 2032 3⁴⁴.),

920 2041 1016 2083 quod
1048 2041 1175 2084 dicitur
1205 2040 1251 2073 de
1283 2041 1486 2073 vehementi
1520 2041 1594 2073 ictu
1607 2065 1615 2080 ,

918 2090 1014 2123 velut
1046 2091 1100 2123 est
1135 2089 1340 2129 electi-icus,
1381 2090 1442 2131 qui
1476 2090 1618 2122 intimos

919 2139 976 2173 vel
1008 2140 1167 2181 corporis
1190 2138 1247 2171 vel
1271 2139 1378 2170 animi
1400 2147 1530 2172 nervos
1552 2148 1619 2181 pe-

921 2191 1036 2222 netrat
1063 2191 1209 2230 tamque
1239 2189 1368 2220 acriter
1393 2190 1615 2228 commovet,

920 2241 959 2271 ut
980 2247 1092 2281 prope
1108 2239 1273 2271 attonitos
1292 2246 1357 2270 nos
1380 2237 1518 2270 reddat.
1545 2233 1614 2271 Cfr.

907 2288 1032 2330 vEpod.
1058 2288 1097 2327 7,
1134 2288 1186 2319 46.
1228 2287 1442 2329 (Percusswm
1474 2287 1619 2320 exhibet
1670 2312 1674 2322 i

921 2346 1003 2370 cum
1034 2337 1163 2370 nostris
1193 2336 1278 2369 Cod.
1305 2337 1452 2378 Franeq.
1478 2338 1514 2369 et
1544 2337 1619 2370 Ma—

921 2388 992 2419 rius
1009 2387 1210 2419 Victorinus
1226 2385 1248 2418 l.
1266 2385 1288 2418 l.
1315 2385 1385 2419 Cfr.
1404 2386 1548 2419 omnmo
1563 2384 1620 2418 El-

920 2436 1018 2469 lendt
1039 2435 1085 2467 ad
1109 2436 1181 2468 Cic.
1207 2435 1252 2467 de
1277 2435 1333 2467 Or.
1351 2436 1390 2475 2,
1409 2436 1451 2468 70
1464 2460 1472 2475 ,
1489 2435 1564 2468 285.
1583 2436 1620 2467 et

921 2487 1035 2519 Haase
1069 2487 1104 2517 in
1138 2485 1255 2518 Diario
1287 2483 1428 2517 Halensi
1459 2483 1554 2518 ⁴842.
1580 2493 1615 2525 p.

964 2583 996 2615 3.
1022 2582 1054 2615 4.
1088 2586 1223 2623 praeter
1244 2581 1369 2624 omnes]
1398 2580 1509 2614 «ultra
1532 2580 1618 2615 alios

920 2641 1081 2666 omnes.»
1106 2633 1226 2664 Scuoi..
1250 2632 1374 2664 Cicero
1392 2631 1617 2673 frequenter:
