1722 2904
179 66 260 107 702

715 72 885 105 HORATII
909 71 1082 107 EPODON

465 174 635 230 Frangit
665 181 895 218 trementes
926 176 1064 228 ilices3

403 255 490 297 Nec
521 254 642 297 sidus
673 262 765 298 atra
795 263 920 299 nocte
951 257 1135 300 amicum
1166 266 1391 315 appareat,

462 335 557 386 Qua
587 335 717 378 tristis
748 336 883 379 Orion
914 337 1056 389 cadit3
1474 341 1479 349 '
1576 341 1628 383 110

403 415 624 467 Quietiore
655 430 737 459 nec
769 416 929 459 seratur
958 431 1174 476 aequore,

460 497 601 547 Quam
632 497 758 539 Graia
788 497 999 541 victorum
1030 512 1204 549 manus,

403 578 510 620 Cum
539 577 678 620 Pallas
709 584 806 620 usto
836 578 962 621 vertit
990 579 1097 622 iram
1128 579 1183 624 ab
1211 580 1288 623 llio

471 659 516 699 ln
549 658 722 714 impiam
750 658 891 701 Aiacis
922 660 1078 702 ratem!

404 740 441 782 O
472 745 658 796 quantus
689 738 816 782 instat
844 739 997 782 navitis
1028 740 1163 784 sudor
1192 742 1278 785 tuis

1603 746 1622 756 υ

1574 744 1626 787 lt)

461 819 640 876 Tibique
670 819 809 877 pallor
838 819 980 863 luteus

266 946 297 978 8.
332 945 443 985 Fregit
474 943 604 976 Plotius
626 953 662 986 p.
689 943 786 977 4647.
812 946 837 977 Ρ
853 971 860 985 ,
901 946 1002 978 Vertit
1029 945 1086 978 vel
1116 947 1242 980 Sternit
1269 921 1473 982 dubitanter
1500 958 1585 991 pro-

221 995 337 1036 posuit
354 993 530 1026 Bentleius
545 1019 551 1033 ,
569 994 702 1035 Planyit
716 995 862 1026 auctore
877 994 1097 1028 Wakefieldo
1112 997 1235 1029 Bothe.
1263 998 1314 1039 (Ut
1330 1007 1395 1031 nos
1405 1024 1413 1038 ,
1427 998 1576 1031 BbSTcd

220 1053 302 1076 cum
327 1044 456 1076 ceteris
480 1042 591 1076 Codd.
618 1043 736 1083 notis.)
762 1060 797 1065 —
825 1045 888 1076 Vv.
917 1044 969 1077 44.
997 1045 1134 1078 48-20.
1159 1047 1195 1079 in
1218 1047 1244 1079 Β
1267 1047 1408 1080 desunt.

221 1156 240 1188 8
256 1173 275 1178 -
292 1155 343 1186 ⁴0.
369 1153 522 1196 Frangit]
541 1155 629 1187 Cum
647 1155 680 1186 vi
697 1155 827 1196 repetit
842 1165 875 1187 v.

176 1206 351 1246 frangere,
395 1204 492 1246 quod
530 1203 634 1245 longe
681 1204 880 1245 significan-

177 1256 246 1287 tius
270 1255 325 1286 est
350 1252 575 1295 improbabili
598 1252 655 1285 illa
672 1254 878 1286 coniectura

176 1304 318 1345 Planqit.
351 1322 386 1326 -
428 1303 618 1343 trementes]
657 1305 878 1336 «commotas

177 1354 222 1386 ab
247 1352 418 1394 Aquilone
447 1353 483 1384 et
511 1355 813 1393 conquassatas.»
841 1372 877 1376 —

176 1405 244 1436 Nec
266 1403 355 1434 sidus
371 1420 390 1425 -
405 1419 425 1424 —
444 1402 600 1443 amicum]
629 1401 816 1441 «salutare,
842 1404 881 1434 ut

178 1454 304 1485 Castor
335 1453 371 1484 et
393 1450 532 1490 Pollux,
571 1460 614 1483 ex
643 1460 685 1483 ea
709 1450 796 1483 caeli
820 1461 881 1484 re-

178 1504 280 1544 gione
305 1502 338 1533 ei
361 1504 546 1541 appareat,
579 1500 641 1532 ubi
665 1501 794 1533 occidit
815 1503 881 1534 tri-

178 1552 254 1592 stis,
280 1551 476 1593 perniciem
500 1550 670 1590 afferens,
695 1552 810 1583 nautis
830 1552 882 1583 in-

177 1603 279 1642 festus
328 1601 401 1642 (Ep.
433 1600 492 1639 ⁴5,
525 1600 570 1640 7.)
607 1600 744 1632 Orion.»
782 1601 877 1642 Virg.

177 1653 264 1683 Aen.
291 1651 326 1690 4,
353 1650 439 1682 535:
463 1649 631 1681 nimbosus
647 1650 760 1682 Orion.
797 1652 880 1683 Por-

177 1700 331 1742 phyrion
346 1699 493 1740 quidem
509 1698 659 1740 explicat
683 1709 750 1739 qua
764 1703 876 1738 nocte3

178 1750 242 1782 sed
266 1750 449 1791 praestare
472 1748 614 1780 videtur
636 1747 745 1781 altera
775 1749 876 1781 ratio.

223 1799 275 1831 43.
307 1798 359 1831 44.
387 1799 469 1831 Cum
492 1799 528 1830 P.
546 1798 704 1830 --iram
734 1798 777 1830 ab
800 1798 877 1839 Ilio]

178 1849 345 1888 Minerva,
361 1849 458 1890 prius
465 1848 624 1880 Troianis
638 1849 725 1880 irata
732 1850 879 1889 propter

177 1898 311 1931 Paridis
329 1898 515 1937 iudicium,
539 1892 666 1929 eadem
687 1898 737 1928 ira
753 1906 880 1938 perse-

178 1949 259 1979 cuta
284 1949 338 1980 est
351 1949 505 1979 Graecos
528 1947 563 1978 in
587 1947 739 1987 patriam
755 1955 880 1979 rever-

178 1999 295 2029 tentes
307 2022 314 2035 ,
337 1998 527 2038 propterea
545 1996 643 2036 quod
659 1997 746 2028 Aiax
764 1997 880 2029 minor

179 2045 417 2078 Cassandram
434 2045 523 2077 deae
540 2044 738 2086 supplicem
751 2045 786 2076 in
802 2045 878 2076 eius

179 2095 311 2137 templo
335 2094 493 2127 violarat.
531 2093 658 2134 Odyss.
677 2092 717 2134 δ,
742 2095 806 2126 502
823 2102 876 2134 sq.

177 2145 272 2185 Virg.
296 2146 384 2176 Aen.
412 2145 450 2183 4,
477 2144 536 2176 39:
559 2144 714 2175 Pallasne
739 2151 881 2175 exurere

177 2194 314 2225 classem
343 2194 505 2234 Arqivum
535 2196 635 2232 atque
659 2194 748 2233 ipsos
770 2193 881 2232 potuit

177 2243 387 2284 submergere
414 2246 518 2283 ponto
551 2243 652 2274 Unius
682 2242 721 2275 ob
751 2250 880 2277 noxam

178 2296 208 2325 ec
236 2293 346 2333 furias
372 2292 484 2324 Aiacis
507 2291 614 2323 Oilei?
651 2292 811 2333 Propert.
838 2290 877 2330 3,

178 2342 197 2372 7
208 2366 215 2380 ,
242 2341 283 2373 39
297 2351 303 2372 ;
329 2341 427 2372 Sava
443 2340 659 2380 triumphales
671 2340 801 2381 fregere
818 2339 881 2372 Ca-

173 2390 305 2430 pharea
315 2398 459 2430 puppes,
483 2390 665 2430 Naufraya
689 2398 765 2421 cum
785 2392 880 2421 vasto

179 2439 324 2471 Graecia
351 2442 462 2471 tracta
491 2439 562 2470 salo
591 2441 649 2470 est.
690 2439 740 2470 De
764 2438 878 2471 Aiacis

179 2488 333 2520 facinore
368 2487 464 2520 haud
498 2496 579 2520 raro
610 2487 655 2520 ab
684 2487 878 2520 artificibus

179 2538 332 2578 antiquis
355 2539 390 2569 in
414 2532 642 2578 anaglyphis,
668 2536 813 2570 vasibus
836 2545 878 2569 ac

179 2587 329 2626 gemmis
354 2595 524 2628 expresso
548 2586 610 2618 cfr.
637 2586 796 2618 Gerhard
816 2586 879 2617 Va-

179 2644 266 2675 senq.
293 2637 347 2667 111.
374 2645 409 2677 p.
437 2635 510 2668 447.
538 2636 621 2667 Aiax
639 2635 877 2668 Cassandram

928 1157 1070 1198 rapiens
1095 1159 1149 1190 est
1171 1158 1207 1190 in
1229 1158 1388 1191 Gerhard
1410 1162 1481 1192 ant.
1505 1160 1626 1193 Bildw.

929 1207 965 1238 T.
998 1207 1130 1239 XXVII.
1165 1207 1197 1239 l.
1241 1208 1409 1241 Ceterum
1442 1209 1629 1243 manifesto

929 1265 1028 1288 mera
1052 1257 1107 1288 est
1135 1257 1371 1299 comparatio,
1405 1259 1442 1290 et
1467 1259 1630 1300 precario

930 1305 1168 1339 scholasticus
1195 1306 1341 1348 quidam
1356 1315 1470 1349 nuper
1485 1310 1631 1342 conten-

930 1354 980 1387 dit
1011 1355 1238 1388 sestivitatem
1266 1356 1373 1389 totius
1396 1357 1562 1391 carminis
1593 1359 1629 1391 in

930 1414 973 1437 eo
988 1406 1215 1447 potissimum
1230 1406 1420 1446 contineri,
1442 1407 1539 1448 quod
1554 1406 1650 1446 Pal--

929 1454 981 1487 las
1014 1453 1136 1487 ulcisci
1170 1453 1302 1487 debeat
1333 1456 1528 1496 naevium,
1569 1457 1630 1498 qui

929 1502 1042 1536 malos
1057 1504 1092 1535 in
1107 1504 1222 1545 ipsam
1233 1512 1360 1538 versus
1373 1506 1626 1546 composuerit.

974 1553 1090 1585 46-48.
1115 1553 1232 1593 luteus]
1255 1561 1277 1585 a
1298 1562 1334 1586 v.
1357 1554 1476 1594 lutum,
1501 1554 1627 1595 herba,

929 1602 1030 1634 cuius
1064 1610 1173 1634 succo
1207 1611 1408 1643 pannorum
1436 1603 1627 1637 infectores

929 1651 1086 1682 utuntur.
1124 1650 1261 1692 (Wala,
1285 1651 1532 1695 Gulusa-aut.)
1569 1653 1631 1686 Est

929 1700 1032 1740 igitur
1055 1699 1152 1732 color
1174 1708 1340 1739 croceus,
1365 1700 1489 1742 gilvus,
1514 1700 1629 1743 qualis

929 1748 1021 1781 solet
1044 1757 1124 1781 esse
1140 1750 1382 1791 arquatorum.
1408 1749 1502 1783 Cels.
1520 1750 1558 1789 3,
1571 1750 1627 1784 24.

929 1798 1184 1840 Accipiendum
1206 1800 1326 1832 autem
1349 1799 1395 1832 de
1414 1801 1546 1832 summi
1561 1802 1631 1833 ter-

929 1849 1019 1881 roris
1043 1846 1160 1880 colore
1173 1873 1181 1887 ,
1211 1856 1283 1880 non
1306 1847 1351 1880 de
1375 1848 1553 1882 morbosis
1574 1849 1629 1882 fa-

929 1897 996 1929 ciei
1013 1895 1160 1929 maculis
1171 1922 1179 1936 ,
1200 1897 1325 1929 mortis
1339 1897 1508 1931 naturalis
1522 1898 1629 1931 inter-

929 1947 1016 1979 dum
1049 1946 1284 1988 praenuntiis,
1324 1947 1364 1979 ut
1395 1946 1505 1980 voluit
1538 1948 1629 1980 Cru-

929 1996 1046 2037 quius.
1093 1996 1145 2028 De
1170 1995 1271 2028 faciei
1293 1994 1413 2028 colore
1436 1997 1542 2029 etiam
1571 1998 1630 2030 Ti-

928 2043 1013 2077 bull.
1040 2045 1076 2084 4,
1102 2045 1143 2086 8,
1169 2046 1230 2077 52:
1254 2045 1378 2077 niveus
1399 2045 1469 2078 luto
1483 2054 1630 2087 corpora

928 2094 1025 2135 lingit
1055 2102 1164 2126 mmor.
1192 2111 1229 2117 —-
1254 2093 1324 2135 illa]
1351 2094 1407 2126 «in
1437 2103 1547 2136 quem
1575 2096 1627 2135 tu,

928 2142 1036 2174 homo
1059 2141 1284 2182 meticulose,
1310 2151 1545 2185 prorumpere
1567 2152 1629 2177 so-

927 2191 999 2230 les;
1025 2190 1081 2223 illa
1104 2193 1178 2224 tam
1200 2191 1403 2233 pudenda.»
1430 2210 1467 2216 —
1491 2203 1559 2226 non
1573 2194 1628 2226 vi·-

927 2240 1011 2282 rilis]
1029 2241 1101 2273 Cic.
1119 2242 1221 2274 Tusc.
1240 2241 1272 2273 Ξ.
1287 2241 1319 2283 g.
1337 2241 1396 2274 54:
1420 2241 1629 2275 Eiulatmne

927 2290 1120 2322 mulieribus
1135 2290 1268 2330 quidem
1280 2298 1450 2323 concessus
1464 2294 1522 2323 est.
1547 2292 1629 2324 Fon-⁴·

928 2339 988 2373 ma
1010 2340 1146 2372 eiulatio
1168 2340 1277 2371 utitur
1299 2340 1371 2373 iam
1393 2339 1505 2373 Plaut.
1525 2341 1628 2383 Capt.

928 2389 967 2428 2,
994 2389 1031 2429 l,
1057 2389 1088 2420 7.
1117 2406 1153 2412 —
1172 2388 1337 2431 aversum]
1362 2390 1445 2431 «qui
1467 2398 1488 2422 a
1509 2390 1629 2431 preci-

927 2438 996 2470 bus
1024 2446 1129 2470 aures
1160 2437 1320 2470 avertit.»
1359 2437 1548 2479 Aliquanto
1571 2438 1626 2472 le-

929 2488 1008 2520 nius
1032 2488 1088 2519 est
1110 2495 1219 2528 quam
1234 2487 1403 2520 adversm.
1429 2487 1499 2521 Cl'r.
1517 2489 1628 2521 Inter-

926 2538 1047 2579 pretes
1070 2536 1116 2569 ad
1139 2537 1239 2569 ovid.
1265 2537 1348 2569 Her.
1373 2537 1413 2578 7,
1436 2537 1471 2570 4.

973 2585 1090 2620 49-24.
1120 2586 1232 2618 Ionius
1245 2603 1265 2610 —
1281 2604 1300 2610 -
1315 2585 1416 2628 sinus]
1440 2587 1479 2619 ut
1501 2585 1564 2619 0d.
1583 2587 1598 2619 4
1614 2612 1623 2626 ,

928 2635 988 2674 33,
1015 2635 1073 2668 ⁴6:
1099 2635 1261 2668 Calabros
1281 2635 1383 2668 sinus.
1417 2635 1536 2675 Od.3,
1559 2636 1623 2675 27,

1716 2676 1722 2718 1

1715 2723 1722 2782 l

1716 2783 1722 2839 l

1710 2842 1722 2904 i
