1722 2904
0 1792 17 1946 ..v-..zwnff
0 1766 9 1771 .
0 1701 7 1753 ..,...
0 1682 4 1686 .
4 1636 6 1638 ⁴
7 1620 9 1623 ⁴
0 1602 5 1603 1

0 2142 21 2333 *YA'NJ'EkJW-
0 1992 26 2128 *wmsfflfi
0 1950 15 1985 5⁸⁴⁴,

652 81 732 114 Lm.
755 81 812 114 1V.
858 81 897 114 C.
922 81 979 114 lV.

1456 80 1540 122 549

268 185 353 237 Qui
384 185 548 242 primus
577 183 689 228 alma
716 183 810 227 risit
838 183 1016 232 adorea.

266 265 395 309 Dirus
423 279 504 323 per
531 264 664 308 urbes
692 264 792 308 Aser
819 271 866 307 ut
893 264 1019 308 italas

325 346 417 390 Ceu
445 344 616 389 flamma
642 358 722 403 per
750 344 899 388 taedas
928 343 997 387 vel
1027 344 1167 387 Eurus

379 427 463 469 Per
494 424 660 469 Siculas
690 424 895 483 equitavit
922 423 1073 468 undas.

266 531 368 574 Post
395 529 477 573 hoc
507 529 710 573 secundis
738 542 878 586 usque
906 528 1127 572 laboribus

265 612 456 654 Romana
484 609 622 667 pubes
653 609 787 653 crevit
801 642 812 659 ‚

1485 530 1539 571 45

843 615 887 652 et
914 609 1045 666 impio

319 691 490 739 Vastata
518 691 762 732 Poenorum
790 688 971 731 tumultu

183 833 238 866 42.
273 833 389 865 Dana
422 831 576 864 nonnulli
610 832 800 870 Torrentii;

137 882 257 916 perh.

71 1010 227 1054 ‚uiam
251 1010 575 1050 Plin.11N.,:⁴83
595 1010 792 1043 azonam--

94 1069 120 1093 a
135 1060 243 1102 fan-is
254 1060 378 1092 bonore
390 1061 551 1104 adoream
565 1059 789 1100 appellabant.

93 1108 205 1142 Plaut.
228 1109 359 1151 Amph.
383 1109 422 1148 4,
440 1110 478 1149 4,
495 1108 560 1142 43ε
579 1109 715 1149 praeda
735 1112 791 1140 ab·

93 1166 158 1197 que
171 1167 257 1200 aym
270 1159 461 1198 adoreaque
482 1159 593 1199 affecit
608 1158 791 1198 populares

93 1216 182 1240 suos.
229 1206 410 1240 Claudian.
435 1206 480 1239 de
502 1206 597 1239 laud.
622 1206 727 1240 Stilic.
754 1208 786 1246 4,

92 1255 180 1289 384;
207 1256 298 1288 Haec
322 1265 434 1288 ornnes
451 1259 600 1288 velerum
620 1257 791 1289 revocavit

93 1306 221 1338 adorea
250 1305 375 1337 lauros.
414 1304 516 1347 Apul.
544 1306 627 1339 Met.
656 1306 694 1345 7,
724 1306 785 1338 ⁴6:

91 1358 130 1387 ut
149 1354 290 1396 fortibus
309 1355 409 1396 factis
429 1355 570 1387 adoriae
585 1355 656 1395 (sic)
668 1355 789 1395 plenae

91 1404 270 1445 gurim-er.
306 1403 452 1444 (Amant
473 1404 542 1436 hoc
566 1413 601 1436 v.
618 1405 790 1445 posterio-

91 1461 152 1485 res
171 1451 228 1484 vel
248 1454 396 1494 propter
414 1453 568 1493 sonum.)
601 1452 711 1485 Aliter
725 1462 789 1485 ex-

89 1500 198 1543 plicat
225 1502 349 1534 Festus
378 1501 414 1534 in
438 1511 474 1533 v.
498 1502 663 1534 Adoream
687 1511 723 1544 p.
752 1502 784 1534 3.

90 1549 183 1584 uun.
197 1559 205 1581 :
235 1550 402 1583 Aeonum
415 1551 547 1584 laudem
560 1552 628 1583 sive
641 1552 787 1593 gloriam

91 1599 259 1640 diceba-u,
284 1601 366 1640 quia
386 1601 568 1641 gloriosum
588 1610 663 1632 eum
680 1604 787 1641 puta-

89 1648 172 1681 banc
183 1657 267 1689 esse,
284 1650 342 1689 qui
354 1649 461 1690 fan-is
473 1650 572 1689 copia
586 1649 783 1682 abundaret.

133 1696 280 1730 42-44.
314 1698 439 1739 Diras]
470 1698 548 1730 vid.
579 1698 625 1730 ad
655 1698 719 1730 Od.
744 1700 783 1736 2,

90 1745 150 1785 ⁴2,
174 1746 209 1778 2.
242 1763 280 1769 ——
311 1747 365 1787 ut]
402 1756 467 1779 «ex
496 1755 600 1788 quo».
635 1764 672 1770 —-
707 1747 783 1789 Ceu]

90 1793 159 1827 hoc
197 1803 269 1826 uno
304 1794 382 1827 loco
426 1797 575 1837 usurpat
607 1796 782 1828 Horatius.

91 1843 162 1875 Ctr.
187 1843 289 1876 Hand
311 1845 411 1877 'rm-s.
436 1846 479 1876 11.
503 1854 538 1886 p.
563 1844 618 1877 47.
646 1861 683 1867 -
717 1848 786 1876 tae-

89 1891 162 1934 das]
179 1891 324 1926 «silvam
337 1893 534 1935 pinifer-am,
551 1894 782 1934 Kienqehalz.»

90 1940 180 1973 Nihil
202 1943 323 1974 autem
344 1941 535 1975 terribilius
557 1951 667 1983 quam
700 1942 781 1975 talia

88 1998 155 2031 per
186 1992 360 2023 aestatem
403 1990 571 2024 silvarum
605 1992 780 2032 incendia,

88 2037 193 2079 quale
226 2040 302 2081 ipse
327 2040 453 2072 Curiae
476 2042 667 2073 Raetorum
700 2042 781 2073 ante

88 2087 155 2120 hos
186 2088 256 2120 XL.
280 2097 392 2122 annos
412 2089 496 2121 vidi.
535 2107 572 2112 -
611 2090 781 2131 equitavit]

88 2137 207 2178 Eurip.
231 2137 412 2171 Phoeniss.
437 2139 522 2170 209.
515 2148 522 2154 ·
552 2135 781 2184 περιρῥὺτων

83 2180 191 2231 ’Υπὲρ
223 2182 470 2232 ἀκαρπίστων
505 2186 645 2219 πεδίων
671 2187 781 2220 Σικε-

88 2232 173 2275 λίας
197 2233 373 2290 Ζεφύρου
398 2239 535 2277 πνοαῖς
558 2233 781 2269 Ἱππεύσαν-

92 2291 158 2323 τος
173 2282 216 2316 ἐν
227 2279 378 2330 οὐρανῷ
390 2282 605 2318 Κάλλιστον
616 2283 780 2328 κελάδη-

86 2341 155 2373 μα.
186 2333 395 2375 Exemplum
410 2335 621 2367 metricum
613 2344 647 2367 ιιι
663 2336 777 2376 Frgm.

89 2380 282 2414 Censorino
294 2382 454 2415 subiecto
467 2384 506 2416 C.
521 2383 573 2416 44.
593 2384 656 2416 Ed.
674 2384 776 2416 lahn·
769 2408 776 2415 .

88 2429 166 2463 one
186 2430 281 2463 beato
303 2432 443 2471 lumine,
478 2432 620 2464 volitans
642 2433 699 2472 qui
716 2441 781 2472 per

85 2479 214 2511 οαοὶαιι
226 2481 387 2512 candidus
396 2481 534 2521 equitas.
551 2481 684 2513 Vemm
695 2490 778 2513 cum

4 2536 23 2563 ’τι
86 2535 151 2568 per
164 2536 313 2569 zeugma
327 2538 361 2560 v.
374 2530 535 2569 equitavit
547 2529 721 2561 referatur
735 2530 781 2562 si-

19 2574 22 2575 ’
86 2574 161 2607 ιιιιι1
191 2576 238 2608 ad
267 2578 426 2610 Poenum
456 2580 492 2610 et
514 2577 558 2610 ad
582 2578 775 2617 flammam,

30 2632 34 2633 ⁷
86 2632 150 2665 pro
159 2625 271 2666 «furit,
284 2627 528 2668 pervagatur»,
543 2627 695 2668 cogitare
708 2636 778 2659 non

836 831 947 864 nostri
970 839 1095 864 omnes
1118 832 1232 864 Dirus.
1268 850 1305 856 -
1330 831 1383 865 45.
1407 834 1493 876 Post]

841 1009 1017 1043 debemus
1039 1009 1085 1043 de
1107 1010 1190 1043 Euri
1209 1011 1310 1052 equis
1326 1011 1431 1053 (Virg.
1447 1013 1534 1045 Aen.

840 1060 873 1099 2,
889 1059 970 1092 447;
988 1060 1096 1091 laetus
1106 1060 1187 1092 Eois
1198 1060 1313 1092 Eurus
1323 1061 1454 1101 efficia),
1470 1061 1537 1094 sed

840 1108 886 1141 de
914 1116 1055 1141 summa
1084 1108 1280 1149 celeritate,
1312 1118 1383 1151 qua
1405 1110 1539 1143 Hanni-

838 1157 897 1190 bal
927 1156 1062 1190 Italiam
1092 1159 1306 1200 pervagatus
1333 1159 1452 1191 omnia
1470 1159 1537 1192 de-

838 1207 1000 1240 vastavit.
1027 1207 1110 1247 (Cfr.
1133 1208 1222 1240 Voss
1243 1208 1346 1247 mym.
1369 1208 1430 1240 Br.
1453 1209 1481 1241 1.
1497 1217 1533 1250 p.

838 1256 915 1288 274.
941 1254 1024 1288 Geel
1047 1255 1095 1287 ad
1121 1256 1202 1288 Eur.
1227 1256 1359 1289 Phoen.
1383 1265 1419 1298 p.
1446 1257 1534 1298 403.)

882 1304 935 1337 45.
960 1304 1014 1338 46.
1050 1305 1215 1346 secundis]
1254 1305 1406 1338 «Exinde
1430 1314 1536 1338 exer-

838 1355 927 1387 citus
944 1355 1092 1386 Romani
1114 1353 1291 1387 feliciores
1314 1355 1350 1386 in
1372 1355 1451 1387 dies
1472 1363 1535 1387 su—

837 1405 1068 1446 perioresque
1102 1403 1265 1436 hostibus
1299 1404 1376 1436 fieri
1402 1413 1535 1446 coepe-

837 1455 935 1492 runt,
971 1454 1147 1493 auctaque
1182 1454 1237 1485 est
1258 1461 1319 1485 res
1341 1454 1533 1486 Romana.»

839 1520 875 1525 —
893 1478 1071 1542 laboribus]
1095 1501 1270 1541 Theognis
1286 1502 1368 1534 987·
1394 1501 1532 1543 (fn-toa)

836 1550 924 1583 Αἴτε
946 1546 1096 1583 ἄνακτα
1120 1551 1286 1596 φέρουσι
1313 1548 1532 1596 δορυσσόον

836 1599 876 1640 ἐς
899 1598 1020 1632 πόνον
1053 1595 1214 1644 ἀνδρῶν.
1260 1599 1385 1640 Polyb.
1411 1601 1471 1639 44,
1496 1600 1528 1632 3.

836 1649 881 1681 de
915 1649 1061 1681 w'ctoria
1090 1647 1146 1680 illa
1173 1648 1221 1680 ad
1247 1649 1446 1681 Metaurum
1467 1649 1531 1681 ss..

835 1695 1009 1730 καθόλου
1039 1696 1070 1729 δ’
1100 1697 1155 1737 εἰς
1176 1695 1360 1740 τοιαύτην
1382 1693 1532 1730 εὔελπι-

836 1748 947 1779 στίαν
981 1746 1235 1803 παρεγένοντο
1268 1747 1335 1778 καὶ
1367 1744 1529 1791 θάρσος,

835 1791 934 1828 ὥστε
968 1793 1113 1835 πάντας
1146 1792 1214 1826 τὸν
1242 1791 1438 1835 Ἀννίβαν,
1484 1792 1531 1828 ὃν

832 1843 1004 1887 μάλιστα
1036 1841 1222 1899 πρότερον
1256 1842 1528 1887 ἐφοβήθησαν,

832 1892 920 1927 τότε
940 1893 1027 1936 μηδ’
1046 1894 1087 1926 ἐν
1109 1889 1248 1937 Ἰταλία
1270 1895 1437 1936 νομίζειν
1462 1904 1532 1926 πα-

832 1946 965 1990 ρεῖναι.
979 1945 1178 1976 —Romana
1186 1943 1301 1984 pubes]
1317 1945 1357 1975 ut
1366 1952 1432 1984 pro
1444 1944 1532 1976 Dar-

833 1993 933 2025 danis
956 1993 1040 2024 dixit
1060 1993 1155 2032 Virg.
1178 1994 1264 2024 Aen.
1283 1992 1321 2031 7,
1347 1992 1431 2024 2⁴9:
1455 1993 1531 2025 Iove

830 2043 1002 2074 Dardana
1019 2041 1123 2081 pubes
1145 2041 1275 2073 Gaudet
1294 2050 1370 2073 avo.
1394 2057 1431 2064 ·-
1451 2051 1528 2074 cre-

830 2091 893 2132 vit]
920 2090 1101 2122 «Latinum
1122 2091 1178 2122 est
1190 2098 1245 2122 res
1259 2090 1429 2129 Romana,
1454 2099 1526 2122 non

825 2139 929 2179 pubes
950 2140 1137 2171 Romana.»
1173 2139 1241 2170 ΗΡ.
1266 2139 1374 2171 Recte
1406 2141 1527 2172 contra

830 2187 986 2220 Bosscha
1014 2188 1285 2228 interpretatur:
1321 2187 1457 2229 «pubes
1486 2189 1525 2221 R.

830 2236 995 2268 laetiores
1024 2236 1059 2267 in
1087 2236 1164 2268 dies
1194 2244 1277 2277 spes
1311 2237 1502 2278 concepit»
1516 2263 1524 2277 ,

830 2285 1003 2325 affertque
1026 2284 1125 2316 Ovid.
1143 2285 1224 2317 Her.
1244 2285 1302 2324 45,
1324 2285 1404 2317 447;
1431 2286 1527 2318 Gau-

830 2335 882 2366 det
903 2336 935 2365 et
955 2342 973 2365 e
996 2337 1109 2365 nostro
1130 2334 1246 2366 crescit
1265 2343 1421 2366 maerore
1442 2335 1527 2367 Cha-

828 2391 948 2414 raxus.
974 2383 1046 2414 Liv.
1064 2383 1103 2421 5,
1121 2382 1178 2415 46:
1205 2383 1289 2415 Veiis
1310 2383 1443 2415 interim
1456 2393 1524 2416 non

829 2431 934 2463 animi
956 2434 1087 2463 tantm
1107 2432 1143 2463 t’n
1166 2432 1235 2464 ales
1247 2433 1303 2464 sed
1324 2433 1426 2464 ellam
1439 2433 1527 2471 vires

829 2479 1026 2512 crescebant.
1056 2498 1092 2503 —
1122 2480 1239 2522 impio]
1268 2482 1414 2522 propter
1436 2481 1525 2514 deo-

829 2537 911 2561 rum
932 2528 1081 2561 delubra
1103 2528 1242 2562 violata.
1286 2529 1375 2562 Vide
1398 2529 1443 2562 de
1463 2531 1525 2563 Fe-

830 2578 950 2610 roniae
974 2577 1106 2620 templo
1126 2578 1273 2620 spoliato
1297 2580 1367 2611 Liv.
1382 2580 1441 2617 26,
1468 2581 1520 2612 44.

875 2626 927 2659 47.
964 2626 1017 2660 48.
1058 2627 1211 2669 vastata]
1245 2629 1300 2660 Sic
1333 2629 1423 2660 inter
1457 2627 1523 2662 alia
