1722 2904
193 85 273 126 430

632 121 636 130 J
702 87 872 119 HORATII
897 87 1121 121 CARMINUM

418 191 668 248 Spartacum
704 191 739 233 si
771 204 859 248 qua
887 191 1025 248 potuit
1052 197 1276 248 vagantem

528 270 692 314 Fallere
723 278 843 315 testa.

1586 273 1640 317 20

416 378 495 421 Dic
525 384 568 420 et
597 384 774 435 argutae
803 385 1009 435 properet
1037 379 1231 421 Neaerae

416 458 663 502 Murrheum
691 458 806 501 nodo
837 458 1041 502 cohibere
1070 459 1259 511 crinem;

279 579 330 611 49.
357 578 496 611 Habent
518 579 546 609 si
569 587 637 618 qua
658 577 828 618 BbSTcd,
854 587 924 611 non
947 579 976 610 si
999 587 1102 618 quae,
1145 579 1185 610 ut
1206 575 1350 611 volebat
1383 580 1527 613 Pareus.
1555 598 1593 604 —

234 638 394 670 vayacem
417 628 598 660 Charisius
623 628 659 666 4,
685 628 738 660 37.
770 637 804 670 p.
831 628 886 660 36.
912 628 1011 660 Lind.
1036 627 1274 661 Memorabilis
1289 637 1376 662 sane
1399 628 1515 662 lectio.
1542 630 1594 663 Cf.

236 678 421 712 Paldamus
444 678 556 710 Rhein.
580 679 666 710 MuS.
685 679 728 710 N.
747 679 782 710 F.
801 679 856 710 VI.
874 686 909 720 p.
929 677 992 710 633
1008 686 1062 719 sq.
1084 695 1121 701 —
1138 679 1221 710 Post
1241 687 1276 710 v.
1293 678 1348 711 24.
1366 678 1486 712 deficit
1507 680 1594 713 Cod.

236 729 259 760 d
281 737 395 769 usque
427 727 472 759 ad
505 728 622 760 Carm.
649 728 710 767 46,
742 727 797 760 44.
825 745 863 751 -
889 728 943 761 22.
967 728 1165 761 Mur-rheam
1195 729 1321 771 scripsi
1352 738 1435 763 cum
1456 727 1595 762 Iahnio':

234 780 409 811 Mur-reum
423 777 560 817 BbSTc,
585 775 670 820 βγκ,
689 776 818 817 Βθυῐ1.,
844 778 895 817 Μ,
913 778 1108 818 Myrrhewm
1125 778 1230 811 LCtF.
1251 796 1288 802 —
1306 779 1472 812 cohibente
1485 779 1595 812 Bentl.

236 829 342 868 coni.,
369 829 405 860 in
428 836 535 869 quam
559 826 732 860 inciderat
754 828 824 859 iam
848 827 1005 861 Muretus
1027 828 1074 860 ad
1096 827 1220 861 Tibull.
1246 828 1284 869 3,
1308 828 1346 869 4,
1370 829 1425 863 28.

191 938 222 961 c.
237 928 398 961 663-665.
414 953 421 967 ,
442 928 513 959 iam
528 936 639 968 prope
656 929 894 968 septuagena-

190 980 299 1017 rium,
325 978 354 1010 si
379 986 449 1019 qua
464 978 599 1009 ratione
617 977 791 1010 eiusmodi
809 981 893 1010 testa

193 1028 329 1069 (cadus)
367 1029 550 1069 superstes
574 1027 636 1059 fuit
664 1026 757 1060 bello
785 1028 893 1069 Spar-

192 1079 282 1110 tacio
294 1078 367 1110 sive
381 1075 497 1109 servili
514 1085 546 1109 a.
565 1077 725 1109 684-683.
743 1075 891 1118 illasque

191 1130 352 1160 catervas
377 1127 508 1168 fefellit,
534 1125 666 1158 latuit.»
713 1126 817 1168 Apud
833 1128 893 1159 Iu—

190 1187 271 1210 ven.
297 1178 335 1216 5,
361 1177 416 1209 34.
442 1177 554 1217 magis
579 1177 686 1208 etiam
709 1175 893 1218 hyperbo-

192 1227 278 1259 lice:
313 1226 550 1266 calcatamque
573 1229 657 1258 tenet
677 1226 768 1258 bellis
788 1227 895 1259 socia—

191 1277 274 1308 libus
286 1285 388 1308 umam
399 1275 512 1308 dives.
529 1293 567 1298 —
599 1276 647 1317 (ln
664 1276 892 1317 homonymis

190 1328 292 1359 cadus
311 1328 346 1358 et
367 1329 450 1358 testa
473 1326 555 1366 (vas)
574 1325 754 1366 quomodo
777 1320 892 1367 nuper

191 1377 276 1418 quis
285 1377 435 1408 haerere
442 1376 609 1417 potuerit,
619 1375 714 1407 haud
723 1374 888 1416 intelligo.

236 1427 290 1458 49.
327 1426 355 1457 si
390 1424 473 1466 qua]
505 1426 581 1457 Non
612 1426 710 1457 recte
744 1426 892 1466 iungunt

191 1475 347 1508 nonnulli
377 1475 406 1506 si
433 1484 501 1515 qua
529 1477 631 1513 testa,
668 1483 751 1507 cum
774 1475 890 1506 nomi-

190 1527 261 1558 nat.
295 1534 364 1565 qua
394 1523 527 1565 ubique
562 1525 787 1566 corripiatur;
824 1523 890 1557 sed

192 1577 246 1608 est
268 1574 374 1607 ablat.
392 1573 642 1606 adverbialiter
659 1574 811 1615 positus,
839 1574 888 1606 «si

192 1634 262 1667 qua
295 1625 367 1664 via,
405 1623 564 1663 sicubi‚»
605 1625 643 1656 ut
672 1624 766 1665 Virg.
799 1625 886 1656 Aen.

193 1676 229 1715 i,
256 1675 317 1708 48:
351 1674 389 1706 Si
417 1683 485 1714 qua
511 1674 586 1715 fata
612 1675 734 1706 sinant.
765 1692 801 1696 —
825 1682 890 1705 va—

189 1724 334 1766 gantem]
358 1733 402 1756 ex
418 1724 610 1765 Campania
626 1732 739 1764 usque
757 1723 802 1755 ad
817 1724 890 1756 Mu-

191 1775 318 1814 tinam,
344 1774 426 1806 inde
443 1782 566 1806 rursus
591 1774 626 1805 in
641 1772 776 1806 ltaliam
799 1773 890 1805 inse—

191 1825 339 1864 riorem,
376 1823 490 1856 donec
520 1824 556 1855 in
586 1822 771 1865 peninsula
795 1823 889 1855 Rhe-

191 1875 328 1915 giorum
352 1883 372 1905 a
395 1874 439 1906 M.
459 1874 588 1906 Crasso
612 1882 739 1906 caesus
763 1874 828 1905 est.

234 1924 288 1955 24.
313 1922 388 1965 Dic]
413 1923 486 1955 Hoc
509 1923 613 1963 igitur
632 1922 689 1954 die
704 1931 781 1954 vere
795 1922 887 1963 festo,

191 1975 230 2006 ut
251 1973 418 2005 laetitiam
442 1971 655 2011 cumularet,
689 1971 784 2004 solus
807 1980 890 2004 cum

192 2022 266 2056 sola
290 2031 370 2055 esse
394 2021 554 2061 volebat,
584 2021 890 2062 quemadmodum

192 2073 255 2105 Od.
280 2074 317 2112 2,
351 2073 408 2112 44,
439 2072 494 2104 24.
525 2071 591 2104 alia
620 2071 764 2113 psaltria
787 2070 890 2103 simili

193 2122 336 2155 consilio
374 2122 567 2154 arcessitur
606 2120 653 2153 ad
690 2121 890 2153 convivium

193 2181 274 2204 cum
300 2172 459 2211 Quinctio
484 2170 751 2203 celebrandum.
769 2169 890 2203 Nullus

193 2224 313 2254 autem
344 2222 419 2254 eius
451 2220 652 2262 aequalium
683 2220 751 2252 hac
777 2220 821 2252 de
849 2229 889 2252 re

194 2281 276 2303 eum
301 2271 565 2312 reprehendere
588 2271 744 2312 poterat,
780 2270 891 2302 nostri

194 2323 231 2353 ut
253 2322 328 2353 sine
353 2320 460 2352 dubio
484 2320 643 2352 facerent
665 2320 827 2352 homines
843 2319 891 2360 pii

195 2372 229 2402 et
252 2370 459 2411 gravissimi.
500 2371 626 2402 Facete
652 2377 738 2401 vero
761 2368 890 2401 deinde

195 2420 365 2460 significat
398 2420 505 2451 etiam
539 2420 614 2452 sine
650 2419 763 2451 amica
793 2418 889 2450 diem

195 2469 292 2501 illum
315 2469 382 2502 sibi
410 2469 483 2501 fore
505 2468 751 2501 laetissimum.
784 2468 890 2510 (Haec

196 2519 349 2551 notanda
371 2520 441 2551 iam
465 2521 565 2551 erant
586 2520 733 2561 propter
756 2519 824 2551 ΗΡ.
842 2519 892 2550 at-

195 2577 263 2608 que
288 2569 546 2609 Eichstadium‚
584 2578 674 2610 quos
705 2569 891 2610 peritiores

195 2626 334 2650 morum
369 2619 609 2650 Romanorum
643 2620 750 2659 atque
787 2619 891 2651 huius

196 2667 317 2699 aetatis
346 2667 511 2699 Italorum
539 2677 629 2700 esse·
649 2667 825 2709 decebat.)
853 2686 888 2691 —

943 927 1096 969 armatae]
1123 936 1295 960 «canorae
1313 927 1518 970 psaltriae.»
1551 929 1638 971 Epp.

941 978 978 1017 2,
1004 978 1043 1017 2,
1067 978 1126 1010 90:
1158 981 1298 1020 argutos
1317 994 1337 1002 -
1355 979 1514 1019 -ροὸῖαε,
1545 979 1638 1020 Virg.

942 1026 1013 1060 Ecl.
1039 1027 1077 1068 9,
1113 1028 1173 1061 36:
1212 1032 1352 1070 argutos
1383 1028 1471 1061 inter
1497 1031 1642 1070 strepere

943 1086 1043 1110 anser
1065 1078 1182 1110 olores.

984 1128 1039 1159 22.
1053 1127 1259 1170 Murrhemn]
1273 1136 1359 1170 «per
1369 1137 1408 1161 se
1421 1137 1535 1170 aeque
1542 1127 1640 1160 bene

941 1175 1097 1209 olentem
1125 1185 1168 1210 ac
1196 1178 1226 1211 si
1247 1178 1433 1218 myrrhino
1460 1178 1640 1219 unguento

942 1227 1038 1259 esset
1060 1226 1274 1260 delibutus.»
1308 1227 1360 1260 De
1384 1226 1502 1260 colore
1527 1228 1642 1260 «inter

940 1276 1074 1309 ssavum
1097 1278 1134 1309 et
1155 1277 1320 1318 nigrum»
1355 1277 1401 1318 (id
1424 1278 1496 1318 est,
1527 1277 1638 1318 fusco)

941 1324 1047 1364 falso,
1087 1327 1127 1358 ut
1161 1326 1320 1367 videtur,
1359 1327 1639 1369 interpretantur

940 1374 1167 1408 scholiastae.
1215 1376 1282 1415 Qui
1315 1376 1384 1408 hoc
1411 1376 1636 1418 praeferunt,

940 1424 1118 1466 appellant
1144 1426 1315 1467 Propertii
1338 1426 1376 1465 3,
1407 1426 1467 1466 ⁴0,
1499 1427 1561 1459 22:
1597 1426 1642 1458 Et

939 1475 1072 1507 crocino
1099 1483 1200 1507 nares
1220 1475 1378 1507 murheus
1401 1479 1509 1517 unyat
1530 1484 1635 1516 onyx.

942 1542 978 1547 —
1003 1524 1169 1566 cohibere]
1193 1525 1368 1565 Muretus,
1402 1522 1538 1565 Bentl.',
1567 1525 1640 1558 Cu-

939 1574 1058 1615 ningh.
1083 1574 1249 1607 cohibente
1277 1574 1359 1607 ideo
1380 1573 1637 1616 praetulerunt,

940 1625 1020 1665 quia
1058 1633 1092 1656 v.
1124 1627 1283 1664 properet
1318 1625 1537 1666 acceperunt
1570 1633 1636 1666 pro

940 1682 1113 1716 «propere
1147 1674 1310 1714 veniat»,
1345 1675 1386 1706 ut
1413 1673 1477 1706 Od.
1501 1674 1541 1713 2,
1575 1674 1636 1714 44,

938 1724 1000 1756 23:
1035 1727 1198 1762 matur-en
1233 1732 1360 1756 verum
1393 1724 1431 1756 in
1463 1732 1507 1756 eo
1535 1723 1637 1766 ipso,

939 1773 1036 1815 quod
1072 1772 1129 1805 illa
1159 1776 1317 1814 properet
1347 1773 1511 1813 cohibere,
1546 1773 1641 1809 inest

940 1823 1133 1856 sententia:
1171 1823 1292 1856 «nodo
1320 1822 1528 1865 simpliciter
1555 1821 1641 1855 reli-

940 1874 1019 1914 gato
1044 1872 1118 1914 (Od.
1144 1873 1183 1912 2,
1216 1873 1273 1912 44,
1305 1872 1374 1914 23.)
1399 1873 1503 1905 exeat
1531 1872 1639 1905 domo

940 1923 1132 1963 statimque
1155 1921 1201 1954 ad
1224 1929 1283 1953 me
1305 1922 1457 1954 veniat.»

983 1972 1101 2004 23-25.
1115 1971 1153 2004 Si
1161 1979 1226 2012 per
1236 1970 1320 2012 cet.]
1337 1971 1392 2003 «Si
1404 1970 1575 2005 molestus
1582 1970 1639 2004 ille

939 2023 1081 2059 ianitor,
1108 2022 1168 2062 qui
1191 2029 1318 2062 saepe,
1350 2021 1436 2054 dum
1459 2020 1517 2054 alii
1539 2030 1640 2054 ama·

940 2073 1035 2104 tores
1077 2070 1172 2112 apud
1211 2079 1293 2103 eam
1333 2071 1416 2103 sunt
1455 2070 1513 2103 vel
1557 2079 1640 2104 cum

940 2119 1084 2153 delicias
1107 2121 1183 2162 ipsa
1217 2119 1315 2160 facit,
1361 2121 1402 2152 ut
1434 2120 1639 2162 cupidinem

939 2178 1059 2203 meam
1082 2170 1227 2209 excitet,
1258 2178 1318 2202 me
1341 2168 1512 2210 excludit,
1543 2179 1638 2203 nunc

940 2228 1082 2262 quoque
1113 2220 1149 2251 te
1180 2228 1251 2252 non
1282 2219 1462 2260 admittet,
1498 2219 1568 2252 noli
1602 2219 1639 2252 id

940 2270 1088 2302 nimium
1117 2277 1260 2308 curare,
1297 2268 1363 2302 sed
1392 2269 1438 2301 ad
1465 2277 1525 2302 me
1547 2268 1639 2302 illico

939 2319 1035 2357 redi;
1076 2327 1160 2351 nam
1200 2319 1236 2351 et
1273 2318 1349 2351 sine
1383 2319 1537 2358 Neaera,
1577 2318 1639 2351 ubi

941 2377 1085 2401 mecum
1109 2377 1188 2401 esse
1216 2367 1407 2408 recusarit,
1444 2367 1574 2401 festum
1596 2377 1638 2401 ac

940 2418 1073 2451 laetum
1109 2418 1205 2450 diem
1243 2416 1452 2450 celebrabo:
1492 2416 1638 2460 capillus

942 2469 1037 2501 enim
1064 2476 1257 2508 praecanus
1290 2467 1389 2509 (Epp.
1415 2467 1452 2507 4,
1485 2467 1523 2508 7,
1554 2467 1635 2508 26.),

941 2519 1039 2550 aetas
1062 2518 1133 2550 iam
1156 2517 1358 2559 provectior
1380 2516 1639 2558 (quadragena-

941 2567 1016 2608 ria),
1034 2568 1170 2608 mitigat
1184 2567 1291 2600 animi
1311 2566 1516 2599 affectiones
1532 2567 1636 2600 nimis

940 2617 1138 2651 turbidas.»
1181 2636 1217 2641 —
1255 2618 1385 2650 Ianitor
1425 2618 1545 2651 autem
1583 2618 1638 2650 est

942 2676 1066 2700 servus
1095 2668 1203 2709 ipsius
1236 2666 1420 2700 libertinae
1456 2666 1634 2708 innuptae,
