1722 2904
546 71 623 103 Lm.
648 69 704 102 111.
753 68 791 101 C.
815 67 947 100 xxvn.

1434 59 1510 103 49⁴

299 174 465 219 Terruit
498 185 699 216 mannos:
731 184 814 228 ego
844 170 912 213 cui
944 168 1102 212 timebo

464 251 675 297 Providus
704 263 886 308 auspex,

300 360 539 416 Antequam
569 364 730 401 stantes
761 362 926 414 repetat
953 354 1135 413 paludes

301 439 503 483 lmbrium
532 438 676 482 divina
706 437 797 480 avis
827 436 1138 485 imminentum‚

1472 432 1519 475 ΙΟ

300 520 505 564 Oscinem
534 532 711 562 corvum
738 530 868 575 prece
898 515 1115 560 suscitabo

468 599 579 644 Solis
609 599 662 642 ab
692 605 800 642 ortu.

163 715 195 747 7.
221 723 282 746 eur
304 712 420 746 timebo
443 713 486 751 T,
513 713 592 753 quid
614 711 730 744 timebo
754 710 845 750 bS,C
863 717 946 743 cum
970 710 1152 750 interrog„
1176 709 1232 741 cui
1254 707 1372 740 timebo
1394 715 1477 739 cum

121 765 287 805 interrog.
307 763 344 796 1..
363 762 415 803 (Ut
430 770 511 800 nos,
529 762 589 800 Bc,
607 760 728 793 Bland.
747 760 869 801 antiq.,
894 760 983 792 Pott.
1002 759 1183 800 quinque.)
1203 777 1238 781 —
1257 758 1290 790 9.
1305 757 1424 790 stantis
1438 757 1476 788 B.

80 857 234 889 cei-etur.
280 855 335 887 Ad
362 862 469 887 usum
492 862 526 885 v.
550 856 688 893 rumpat
710 852 773 885 cfr.
824 851 880 883 cla
898 854 1028 884 vetusta
1044 851 1291 891 Coroorumque
1311 856 1443 891 ονομα,
1466 847 1523 880 ubi

79 904 202 938 Lucilii
224 905 295 937 iun.
313 906 414 937 Aetn.
438 903 519 936 374:
548 903 659 936 Causa
678 902 774 941 lacet,
825 909 953 940 aquam
974 900 1132 932 dicuntur
1153 903 1184 932 et
1204 899 1324 932 imbres
1344 899 1479 931 Poscere
1493 900 1524 930 et

78 964 165 996 quae
190 958 328 995 mampat
354 955 418 987 iter
442 957 606 995 cogatque
631 952 773 985 morari.
824 951 991 982 interdum
1031 952 1145 982 ventos
1185 957 1355 989 aurasque
1386 955 1520 979 vocare.

81 1004 307 1047 (Simpliciter
342 1011 467 1037 secare
503 1003 615 1042 viam,
654 1001 777 1034 durch-

80 1054 269 1093 sehneiden,
287 1062 358 1086 non
374 1051 560 1094 significat,
576 1053 616 1084 ut
631 1051 776 1093 quidam

82 1111 198 1145 nuper
218 1103 317 1135 ratus
340 1101 419 1143 est.)

122 1153 156 1185 6.
190 1152 309 1185 similis
335 1151 487 1193 sagittae]
520 1151 609 1184 Cum
639 1148 775 1190 fulgure

83 1200 283 1235 stellionem
311 1200 531 1242 comparavit
559 1200 691 1232 Dantes
718 1199 779 1230 In-

83 1251 185 1284 ferno
199 1250 261 1282 25:
297 1250 394 1285 Come
415 1249 440 1282 il
460 1257 620 1282 ramat-ro
638 1251 722 1280 sotto
744 1247 779 1279 la

54 1321 58 1324 -
82 1309 173 1342 gran
203 1300 295 1341 sersa
325 1299 386 1332 De'
421 1298 455 1330 di
488 1297 664 1330 caniculas·
695 1305 780 1329 ean-

81 1349 207 1391 giando
227 1349 315 1389 siepe
334 1348 475 1389 Folqore
491 1356 577 1388 par,
611 1355 646 1379 se
666 1346 701 1378 la
721 1346 780 1377 oia

88 1401 288 1431 aureum-ea.

127 1448 159 1479 7.
184 1446 341 1488 mannos]
367 1446 531 1485 «hinnos,
555 1444 777 1483 burdones»;

82 1504 151 1528 vox
173 1494 320 1535 Gallica,
344 1496 386 1527 ut
398 1495 518 1534 rheda,
542 1494 676 1533 cisium,
700 1501 782 1525 esse-

82 1545 172 1577 dum.
209 1543 290 1585 (Cfr.
314 1543 533 1576 Diefenbach
557 1543 636 1576 Celt.
661 1542 692 1582 4,
710 1541 779 1582 70.)

83 1592 148 1626 Alii
171 1593 288 1626 minus
314 1593 413 1625 recte
436 1591 570 1625 habent
590 1599 656 1633 pro
673 1599 782 1632 equo-

84 1650 167 1675 rum
188 1650 340 1683 genere,
383 1641 507 1681 Zelter,
535 1641 713 1680 haquenee.
742 1658 778 1663 —

84 1691 140 1724 eui
161 1690 295 1732 timebo]
331 1691 458 1723 «cuius
481 1688 584 1722 saluti
611 1688 780 1721 timebo.»

85 1739 222 1774 Eadem
249 1741 381 1772 constr.
417 1738 516 1771 Ovid.
545 1739 624 1771 Am.
646 1738 686 1776 2,
718 1738 754 1770 u
770 1761 779 1777 ,

85 1789 127 1822 9:
164 1789 252 1830 Quid
271 1788 348 1828 tibi,
371 1797 424 1820 me
449 1788 625 1820 miser-mn!
659 1786 784 1827 Zephy-

85 1847 142 1872 ros
155 1838 328 1878 Eurosque
349 1837 490 1870 timebo?
527 1837 625 1877 «Ego
648 1836 780 1875 amico,

87 1895 154 1930 pro
178 1895 250 1928 quo
272 1885 424 1926 timebo,
447 1885 637 1927 providum
660 1883 785 1918 sollici—

87 1937 234 1977 tumque
268 1935 387 1968 avium
419 1933 557 1979 volatus
590 1935 625 1966 et
659 1934 784 1966 cantus

88 1985 359 2019 observatorem
396 1992 525 2025 agens,
565 1982 611 2015 ab
649 1983 784 2015 oriente

88 2033 255 2076 precibus
284 2033 374 2065 meis
403 2032 601 2072 suscitabo,
640 2031 677 2064 id
710 2033 781 2071 est,

89 2084 137 2117 ad
158 2083 313 2116 faustum
334 2083 479 2115 cantum
501 2081 685 2115 advocabo
708 2090 787 2114 cor-

90 2142 176 2166 vum
199 2132 358 2165 oscinem
371 2140 461 2163 voce
477 2139 541 2164 sua
556 2130 648 2163 laeta
663 2130 786 2171 auspi-

91 2183 145 2216 cia
166 2180 428 2223 praebiturum,
458 2182 651 2221 antequam
672 2179 787 2211 infau-

92 2233 188 2265 stum
202 2229 287 2262 illud
302 2237 408 2262 omen
419 2229 571 2262 fortasse
587 2228 730 2267 incidat,
748 2229 788 2259 ut

93 2279 232 2318 cornix,
258 2287 350 2320 quae
373 2277 507 2311 imbres
522 2278 655 2310 divinat
670 2277 788 2319 (prae-

94 2327 218 2370 sagit),
249 2335 293 2359 ex
314 2325 401 2360 locis
424 2326 632 2359 editioribus
654 2326 700 2358 ad
722 2335 788 2367 pa-

92 2376 195 2410 ludes
232 2376 434 2416 stagnantes
475 2376 686 2408 revertatur.
734 2375 789 2406 Sic

95 2434 160 2466 ego
182 2425 246 2457 tibi
268 2424 400 2466 optima
423 2432 587 2465 quaeque
610 2424 728 2456 omina
745 2432 789 2455 ex

95 2474 202 2507 animi
223 2472 398 2506 sententia
420 2473 538 2514 opto.»

140 2523 191 2555 ⁴0.
218 2522 333 2554 divina
353 2520 436 2562 avis]
462 2522 600 2554 Lucret.
619 2522 657 2561 5,
685 2521 786 2554 ⁴082:

99 2573 138 2604 Et
156 2572 284 2612 partim
304 2574 435 2603 mutant
456 2579 532 2603 cum
551 2570 791 2611 tempestatibus

96 2630 167 2653 una
191 2621 391 2654 Raucisonos
411 2623 529 2653 cantus
554 2620 724 2653 cornicum
738 2629 790 2654 se-

825 1000 919 1039 virg.
937 1000 999 1031 Ge.
1018 998 1032 1031 4
1048 1024 1055 1038 ,
1081 998 1165 1031 388:
1191 998 1272 1030 Tum
1289 997 1412 1030 cornia:
1422 996 1524 1037 plena

820 1048 974 1088 pluviam
996 1051 1093 1080 vocat
1114 1047 1268 1088 improba
1288 1055 1367 1079 voce
1388 1047 1431 1078 Et
1452 1045 1524 1078 sola

824 1098 860 1130 in
889 1098 978 1129 sicca
1006 1105 1116 1129 seciam
1144 1097 1312 1137 spatiatur
1339 1104 1456 1128 arena.
1485 1112 1522 1117 —-

825 1148 877 1180 De
901 1155 1009 1179 corvo
1024 1146 1168 1179 videtur
1189 1145 1417 1187 interpretari
1432 1144 1526 1184 ney-

825 1197 904 1230 nius
926 1195 972 1228 ad
994 1195 1090 1236 virg.
1114 1196 1176 1227 Ge.
1203 1196 1239 1235 4,
1265 1195 1356 1234 382.,
1380 1193 1527 1227 sedmi-

826 1254 893 1278 nus
921 1246 1016 1287 apte.
1043 1263 1081 1268 —
1107 1245 1278 1277 Ceterum
1306 1245 1390 1276 nota
1411 1241 1526 1284 negli—

826 1295 1024 1336 gentiorem
1058 1293 1243 1327 elisionem
1265 1294 1302 1326 in
1323 1301 1380 1325 vv.
1406 1293 1523 1325 divina

826 1353 910 1377 oms.

871 1394 925 1426 Η.
960 1393 1014 1425 ⁴2.
1057 1392 1188 1424 oscines
1220 1400 1306 1424 aves
1340 1391 1524 1429 dicuntur,

828 1451 919 1484 quae
957 1442 1144 1482 augurium
1179 1449 1268 1473 voce
1284 1465 1292 1480 ,
1326 1443 1502 1480 praepetes
1516 1465 1524 1477 ,

827 1500 918 1533 quae
940 1490 1059 1523 volatu
1089 1490 1230 1523 faciunt.
1256 1490 1329 1522 Cic.
1354 1489 1401 1521 ad
1427 1489 1525 1521 Fam.

828 1540 866 1579 6,
891 1540 927 1579 6,
952 1540 992 1572 7:
1025 1540 1103 1572 Non
1124 1548 1142 1571 e
1162 1542 1266 1571 cantu
1285 1539 1419 1570 sinistro
1441 1538 1528 1570 osci-

827 1590 894 1629 nis,
928 1591 966 1621 ut
993 1589 1030 1621 in
1051 1591 1168 1621 nostra
1189 1588 1365 1628 disciplina
1387 1590 1451 1627 est,
1475 1604 1530 1611 —-

828 1638 886 1670 tibi
908 1646 1071 1679 auyuror.
1108 1656 1144 1660 —
1169 1637 1256 1669 Solis
1277 1637 1320 1669 ab
1341 1636 1429 1678 ortu]
1454 1635 1528 1668 «Ab

830 1688 911 1719 ortu
949 1685 1033 1719 solis
1074 1686 1171 1718 corvi
1203 1687 1323 1719 omina
1356 1693 1529 1727 prospera

830 1737 930 1776 sunt,
957 1735 1004 1768 ab
1025 1743 1157 1768 occasu
1179 1735 1366 1768 adversa.»
1405 1735 1527 1766 Senon.

830 1786 903 1818 Liv.
933 1785 990 1825 40,
1023 1784 1083 1818 40:
1120 1784 1204 1817 Ante
1238 1784 1403 1816 consulem
1440 1784 1531 1823 (Pa-

829 1833 970 1877 pirium)
1010 1834 1092 1866 haec
1119 1834 1278 1866 dicentem
1306 1841 1426 1865 corvus
1452 1841 1532 1864 voce

831 1884 929 1916 clara
951 1883 1111 1923 occinuit,
1158 1892 1223 1923 quo
1253 1883 1360 1914 laetus
1385 1882 1531 1923 augurio

831 1933 947 1966 consul
967 1933 1144 1974 affirmans
1175 1940 1350 1971 nunquam
1378 1931 1533 1963 hunonis

831 1982 929 2015 rebus
970 1982 1080 2023 magis
1117 1984 1309 2021 praesentes
1343 1980 1530 2021 inaerfuisse

833 2033 925 2071 deos,
950 2031 1048 2072 signa
1069 2039 1189 2062 canere
1210 2033 1242 2062 et
1262 2030 1442 2062 clamorem
1462 2029 1532 2061 tolli

832 2081 937 2113 iussit.
983 2080 1097 2111 varro
1120 2079 1157 2111 L.
1186 2079 1224 2111 L.
1250 2078 1287 2117 7,
1323 2078 1356 2110 7.
1391 2086 1427 2119 p.
1454 2077 1529 2109 ⁴⁴9.

834 2128 964 2163 Muell.:
990 2128 1141 2167 Caelum,
1172 2136 1242 2168 qua
1262 2127 1443 2165 αειαίηιυν,
1479 2126 1533 2157 di-

834 2182 924 2211 ctum
957 2185 1126 2210 munau.
1165 2177 1248 2209 Eius
1278 2176 1390 2216 templi
1417 2177 1534 2216 partes

836 2230 996 2268 quattuor
1006 2226 1174 2265 dicuntur,
1190 2225 1328 2258 sinistra
1341 2225 1384 2257 ab
1395 2225 1532 2263 oriente,

836 2278 960 2309 dextra
986 2275 1029 2307 ab
1057 2283 1193 2315 occasu,
1228 2274 1344 2306 antica
1364 2274 1410 2306 ad
1430 2273 1534 2305 mevi·-

837 2326 942 2364 diem,
962 2324 1094 2364 postica
1107 2325 1153 2356 ad
1166 2324 1430 2364 septentrionem.
1449 2323 1535 2361 «Qui

836 2374 1027 2415 augurium
1047 2373 1202 2414 agebant
1224 2373 1320 2414 apud
1342 2373 1532 2410 Romanos,

838 2423 884 2455 ad
922 2422 1110 2455 meridiem
1147 2422 1377 2464 spectabant,
1417 2421 1463 2452 ita
1496 2421 1536 2452 ut

838 2472 981 2504 sinistra
1002 2480 1087 2513 pars
1101 2472 1198 2504 esset
1212 2471 1257 2503 ab
1273 2470 1426 2509 oriente,
1451 2469 1537 2501 dex-

838 2523 892 2553 tra
917 2520 962 2553 ab
987 2529 1128 2554 occasu.
1154 2520 1278 2553 Graeci
1294 2520 1434 2557 contra3
1452 2518 1534 2550 inde

838 2569 937 2602 laeva
953 2571 1117 2607 Romanis
1133 2569 1262 2608 felicia,
1288 2568 1431 2601 Graecis
1447 2567 1536 2600 dex-

839 2621 927 2652 tra.»
952 2619 1078 2652 Berua.
