1722 2904
204 84 287 128 436

698 92 870 125 HORATII
897 93 1121 128 CARMINUM

412 202 562 244 Portas
591 199 656 242 vir
686 197 864 241 Macedo
895 204 937 240 et
966 197 1134 241 subruit
1163 198 1358 243 aemulos

410 284 551 339 Reges
580 277 855 329 muneribus,
887 291 1069 321 munera
1098 279 1272 323 navium

1583 281 1637 324 45

523 362 686 405 Saevos
717 359 950 417 illaqueant
978 361 1126 404 duces.
1183 385 1192 388 -

410 458 685 501 Crescentem
715 455 912 513 sequitur
943 468 1046 498 cura
1076 454 1304 511 pecuniam

411 537 708 594 Maiorumque
738 535 885 579 fames.

946 536 1043 578 Iure
1076 534 1305 592 perhorrui

408 620 511 662 Late
541 617 824 674 conspicuum
855 615 1007 659 tollere
1035 616 1264 666 verticem,

519 699 765 748 Maecenas,
805 697 1001 755 equitum
1031 696 1179 740 decus.

1579 698 1635 742 20

374 784 377 785 ⁷
405 794 575 846 Quanto
606 792 792 849 quisque
823 789 905 833 sibi
935 789 1060 847 plura
1090 790 1335 848 negaverit,

408 874 472 917 Ab
503 873 570 917 dis
600 872 725 931 plura
754 871 886 915 feret:
917 870 976 914 nil
1006 864 1270 928 cupientium

264 995 318 1028 22.
343 995 370 1027 A
394 994 542 1033 T,LCtF.

176 1093 364 1127 Φιλίππου
393 1093 567 1139 χρυσίον.
615 1093 657 1125 Et
689 1092 878 1124 vaticinata

175 1145 207 1176 ei
218 1144 295 1176 erat
303 1144 428 1184 Pythia
435 1144 526 1175 teste
537 1142 753 1183 Diogeniano
765 1141 875 1183 Adag.

175 1194 275 1226 Ceut.
301 1193 341 1233 2,
366 1193 402 1225 84
425 1202 431 1224 :
460 1188 674 1238 Ἄργυρέαις
697 1188 878 1234 λόγχαισι

171 1240 303 1285 μάχου
327 1242 393 1274 καὶ
416 1239 542 1274 πάντα
560 1238 775 1287 κρατήσεις.
803 1241 875 1273 Cic.

172 1292 219 1324 ad
242 1294 310 1325 Att.
338 1293 377 1332 4,
397 1293 458 1324 46ε
490 1292 660 1332 Philippus
682 1291 795 1323 omnia
816 1299 878 1322 cw-

172 1342 267 1375 stella
301 1342 494 1383 expugnari
522 1349 620 1382 posse
654 1340 803 1380 dicebat,
842 1340 877 1371 in

173 1401 260 1433 quae
281 1392 379 1424 modo
403 1391 523 1423 asellus
545 1393 682 1423 onustus
704 1399 790 1422 auro
801 1398 879 1430 pos-

172 1444 219 1474 set
242 1441 429 1473 ascendere.
472 1439 628 1472 Iuvenali
656 1440 715 1480 42,
742 1439 795 1472 47.
822 1440 878 1471 est

170 1491 312 1523 callidus
334 1493 463 1531 emptor
486 1490 628 1529 Olynthi.
664 1507 700 1512 —
735 1488 875 1530 subruit]

172 1540 369 1573 «subvertit
402 1548 497 1581 reyes
534 1539 702 1579 aemulos,
743 1540 877 1571 Pausa-

171 1590 284 1629 niam,
316 1590 494 1630 Argaeum
516 1590 556 1622 II.
575 1615 583 1629 ,
619 1590 659 1621 ut
681 1590 718 1621 et
739 1588 877 1628 Arrhy-

170 1639 258 1672 bam
298 1638 551 1679 Molossorum,
594 1637 876 1679 Chersoblepten

168 1689 347 1721 Thracum
371 1697 511 1729 regem,
538 1688 713 1730 corruptis
738 1687 877 1719 exerci-

169 1740 270 1771 tuum
294 1738 481 1771 ducibus.»
529 1738 635 1778 Quid,
662 1737 759 1780 quod
779 1736 876 1779 apud

168 1790 312 1830 po'etam
347 1797 380 1820 v.
416 1796 510 1829 reyes
544 1787 734 1830 complecti
769 1785 875 1820 simul

169 1838 277 1870 etiam
304 1838 422 1879 potest
445 1837 699 1879 Euthycratem
741 1837 777 1869 et
807 1837 875 1868 La-

168 1887 344 1927 sthenem,
371 1886 619 1928 Olynthiorum
633 1887 826 1929 principes,
853 1895 871 1918 a

168 1940 355 1970 mercatore
379 1937 542 1970 Graeciae
558 1935 651 1978 ·(Val.
678 1937 768 1970 Max.
787 1937 819 1976 7,
837 1937 870 1968 2.

169 1988 240 2019 ext.
268 1986 336 2027 40.)
363 1986 580 2028 corruptos?
607 2004 643 2009 —-
683 1987 803 2027 Imago
837 1986 873 2018 in

167 2045 201 2067 v.
228 2036 357 2068 subruit
379 2044 399 2067 a
423 2034 594 2068 cuniculis
618 2036 655 2068 in
677 2035 787 2068 urbes
811 2034 874 2068 ob-

168 2094 287 2119 sessas
311 2085 398 2118 actis
421 2085 572 2127 repetita
597 2085 663 2118 est.

213 2136 267 2167 45.
287 2135 340 2167 46.
366 2135 505 2168 navium
521 2152 540 2158 -
555 2152 574 2158 -
589 2134 703 2177 duces]
729 2135 850 2167 Menas
862 2160 870 2174 ,

169 2185 232 2217 Cn.
257 2185 416 2226 Pompeii
442 2183 592 2218 libertus
608 2210 616 2225 ,
651 2185 722 2217 dux
749 2183 872 2217 classis

169 2235 247 2266 Sex.
267 2235 447 2276 Pompeii,
473 2235 541 2267 hoc
568 2234 712 2268 deserto
733 2242 766 2266 a.
786 2243 819 2266 u.
839 2242 869 2266 c.

168 2284 204 2315 74
213 2283 244 2315 6.
260 2284 306 2316 ad
319 2284 550 2317 Octavianum
563 2283 775 2324 desciverat,
789 2292 873 2316 mox

169 2341 212 2364 eo
229 2331 350 2365 relicto
367 2333 413 2365 ad
428 2334 587 2376 Pompeii
610 2341 733 2366 rursus
750 2333 872 2375 partes

168 2382 357 2414 transierat
369 2382 523 2424 indeque
537 2383 668 2416 iterum
681 2390 764 2415 cum
773 2383 874 2415 Octa-

168 2431 271 2464 viano
284 2441 323 2464 se
337 2433 579 2465 coniunxerat.
598 2433 741 2465 Poterat
751 2432 871 2464 autem

169 2481 265 2513 hunc
300 2481 483 2514 hominem
518 2482 682 2515 Horatius
712 2490 755 2514 eo
785 2481 872 2514 faci-

168 2529 234 2562 lius
258 2532 400 2570 notare,
428 2539 510 2563 cum
526 2531 571 2564 ab
589 2532 665 2573 ipso
682 2531 871 2564 Octaviano

168 2579 347 2621 proditor,
395 2581 434 2612 ut
467 2580 522 2620 fit,
569 2581 869 2614 contemneretur.

169 2628 234 2660 Dio
259 2628 319 2668 48,
346 2628 399 2662 45.
427 2631 463 2662 et
486 2629 545 2668 49,
565 2631 596 2662 4.
623 2630 766 2663 Sueton.
794 2630 869 2662 Oct.

170 2676 222 2709 74.
247 2696 281 2700 -
307 2678 507 2719 illaqueant]
534 2678 717 2713 «alliciunt
740 2681 775 2712 et
797 2687 874 2712 cor-

927 1092 1137 1133 rumpunt.»
1180 1090 1288 1125 Multo
1324 1092 1544 1135 frequentius
1578 1095 1632 1126 est

926 1141 1073 1174 irretire.

972 1191 1025 1223 47
1055 1191 1109 1224 48.
1144 1191 1366 1234 Crescentem]
1401 1191 1550 1226 Theocr.
1574 1193 1628 1231 46,

927 1238 993 1273 64:
1017 1235 1236 1286 ἅνήριθμος
1251 1238 1293 1273 δέ
1308 1240 1350 1273 οἱ
1362 1238 1422 1284 εἴη
1432 1237 1628 1300 Ἀργυρος·

926 1290 1002 1323 αἰεὶ
1013 1288 1054 1323 δὲ
1066 1285 1271 1324 medum*
1251 1300 1338 1330 εχοι
1354 1290 1486 1338 ἵμερος
1497 1286 1628 1325 αὐτόν.

925 1340 1045 1373 Iuven.
1065 1339 1124 1381 44,
1144 1341 1237 1374 439ε
1263 1341 1387 1374 Crescit
1407 1350 1506 1374 amor
1526 1350 1628 1374 umn—

923 1390 971 1421 mi
979 1415 991 1430 ,
1018 1393 1183 1431 quantum
1196 1391 1272 1432 ipsa
1277 1390 1425 1432 pecunia
1438 1391 1624 1424 crescit.—

924 1439 1170 1482 Maior-umque]
1195 1440 1399 1473 «maiorum
1422 1449 1566 1483 opum.»

970 1488 1023 1521 48.
1060 1489 1114 1521 49.
1153 1486 1232 1522 Iure
1249 1489 1448 1532 perhorrui]
1473 1489 1629 1523 «Divitiis

925 1539 1085 1571 eminere
1102 1538 1195 1571 inter
1210 1539 1350 1572 ceteros
1366 1547 1410 1572 ac
1434 1539 1628 1582 propterea

925 1589 1032 1630 caput
1053 1587 1215 1621 attollere
1230 1614 1239 1629 ,
1279 1587 1466 1631 superbire
1498 1588 1628 1622 merito

925 1646 1071 1679 semper
1100 1638 1311 1680 aspernatus
1333 1646 1451 1672 sum.»
1490 1655 1527 1661 -
1563 1637 1630 1670 tol-

924 1687 991 1719 lere
1012 1687 1184 1730 verticem]
1209 1687 1273 1720 Od.
1293 1687 1331 1728 4,
1350 1688 1409 1728 48,
1428 1687 1489 1720 ⁴5:
1514 1686 1630 1720 tollens

922 1745 1068 1769 vacuum
1085 1737 1164 1778 plus
1191 1737 1296 1770 ηἰηιίο
1325 1737 1438 1780 gloria
1457 1737 1625 1770 verticem.

926 1805 964 1811 —
988 1787 1219 1830 compte-mun]
1241 1795 1308 1830 per
1329 1787 1530 1830 prolepsin:
1560 1787 1626 1820 «ita

922 1836 1064 1877 tollere,
1105 1839 1145 1870 ut
1167 1838 1358 1880 propterea
1386 1836 1457 1870 late
1485 1837 1629 1879 conspi—
1674 1851 1677 1854 ·

924 1894 1012 1919 cuus
1035 1886 1131 1919 fiat.»

966 1937 1020 1968 20.
1045 1937 1195 1977 equitum
1209 1935 1318 1978 decus]
1339 1936 1416 1969 Non
1427 1936 1504 1969 sine
1518 1944 1626 1970 causa

922 1986 958 2018 in
981 1985 1041 2018 tali
1063 1986 1322 2019 sententiarum
1343 1985 1436 2019 serie
1467 1986 1536 2019 hac
1566 1995 1627 2029 ap-

922 2034 1110 2077 pellatione
1139 2043 1227 2068 usus
1251 2037 1322 2076 est,
1359 2043 1430 2076 qua
1460 2035 1625 2077 quemvis

923 2085 1080 2126 equitem
1103 2085 1303 2118 Romanum
1325 2083 1499 2118 illustrem
1529 2083 1626 2118 salu—

921 2135 997 2167 tare
1021 2135 1180 2176 poterat,
1211 2134 1414 2176 significans
1436 2135 1626 2168 Maecena-

922 2185 996 2216 tem
1018 2183 1124 2216 huius
1146 2183 1279 2217 ordinis
1294 2183 1365 2217 fine
1380 2191 1527 2226 semper
1541 2192 1625 2216 cou-

920 2234 1059 2265 tentum
1072 2233 1193 2273 fuisse,
1212 2242 1292 2274 nee,
1310 2232 1407 2275 quod
1420 2231 1624 2265 facillimum
1686 2247 1693 2252 -

922 2283 955 2315 ei
977 2281 1121 2322 fuisset,
1151 2281 1306 2316 voluisse
1330 2282 1481 2315 transire
1504 2282 1541 2315 in
1563 2291 1624 2315 or-

921 2331 1042 2364 dinem
1065 2332 1285 2364 senatorium
1307 2333 1369 2364 aut
1389 2330 1480 2364 ullos
1496 2339 1622 2373 gerere

922 2381 1147 2422 magistratus
1187 2380 1406 2420 ordinm-1033
1452 2380 1488 2413 id
1525 2379 1624 2423 quod

920 2431 1104 2473 perspexit
1125 2431 1197 2463 iam
1220 2431 1349 2464 Acron.

965 2480 1019 2512 24.
1047 2479 1194 2522 Quanto]
1220 2480 1379 2519 «Quanto
1394 2479 1623 2522 paucioribus

919 2530 1012 2562 vitae
1047 2529 1245 2562 commodis
1290 2529 1398 2562 homo
1435 2530 1622 2562 contentus

921 2580 998 2619 est,
1035 2587 1078 2612 eo
1113 2578 1275 2621 pluribus
1307 2578 1444 2620 gaudiis
1477 2577 1620 2618 fruitur,

921 2637 1004 2661 cum
1025 2629 1239 2671 praesertim
1267 2627 1358 2661 liber
1380 2628 1426 2661 sit
1452 2626 1498 2660 ab
1522 2627 1620 2660 omni

920 2678 1037 2712 taedio
1071 2687 1113 2711 ae
1148 2678 1285 2711 fastidio
1301 2703 1309 2719 ,
1349 2685 1441 2720 quae
1474 2675 1620 2719 quidem
