1722 2904
546 63 626 96 Lm.
651 63 706 96 111.
753 62 792 95 C.
817 61 933 94 XXIV.

185 170 229 213 Si
257 174 437 227 quaeret
466 169 596 211 Pnnn
625 179 770 209 ιιιιιιιυιι

1428 56 1509 98 477

238 249 459 294 Subscribi
489 248 662 297 statuis,
694 245 941 289 indomitam
975 244 1133 288 audeat

182 355 411 400 Refrenare
439 353 651 398 licentiam
662 387 671 403 ‚

238 417 389 480 Clarus
409 433 680 493 postgenitis:
712 439 925 491 quatenus
944 456 1000 463 —
1020 430 1104 475 heu
1124 430 1263 474 nefas!
1290 455 1347 462 —

1457 430 1512 471 30

182 518 385 562 Virtutem
415 514 672 560 incolumem
701 513 890 562 odimus,

240 596 458 641 Sublatam
487 609 540 639 ex
569 594 705 638 oculis
736 594 984 652 quaerimus
1015 592 1158 636 invidi.

184 702 298 756 Quid
327 703 469 746 tristes
498 700 815 759 querimoniae,

156 835 209 867 27.
246 833 386 867 Habent
415 837 552 874 quaeret
580 833 693 871 bSTc,
727 840 797 864 non
827 832 973 871 quaerit,
1010 833 1049 863 ιιι
1077 829 1157 870 βνω
1187 829 1327 871 aliique.
1366 848 1401 852 —
1426 830 1466 861 V.

114 885 168 917 29.
193 883 338 916 ultimus
361 883 396 916 in
418 884 455 915 B.

71 1003 110 1035 ut
138 1001 202 1035 Od.
226 1002 263 1040 ⁴,
290 1001 350 1041 ⁴6,
372 1000 428 1032 26.
453 1000 493 1040 3,
511 999 550 1040 4,
573 999 627 1032 39.
652 999 764 1041 Epod.
820 1018 856 1022 —
875 998 1050 1040 quatemus]
1075 998 1109 1030 in
1124 1006 1231 1040 prosa
1254 1006 1306 1029 or.
1329 997 1513 1039 «quando-

72 1051 126 1091 ⁴6,
145 1051 197 1083 ⁴6.
215 1059 299 1082 eum
313 1049 483 1082 infinitivo
498 1057 564 1091 pro
577 1057 764 1090 «cupere»,

71 1098 375 1142 quemadmodum
384 1107 435 1139 gr.
446 1094 556 1141 ζητῶ.
567 1097 663 1130 Plato
671 1099 763 1130 Prot.

71 1149 147 1182 322.
166 1149 228 1181 B.:
251 1146 411 1191 ἐζήτουν
431 1144 479 1190 δὴ
502 1143 763 1193 ἀθροίζεσθαι.

74 1215 111 1222 -—-
135 1198 244 1239 lungo
261 1200 362 1238 pater
382 1197 516 1229 urbium
539 1197 622 1238 (non
645 1198 766 1229 tamen

70 1248 111 1280 ut
139 1244 367 1290 συνώνυμον
400 1247 446 1279 sit
475 1255 532 1278 vv.
563 1250 666 1287 pater
697 1255 768 1286 pa-

71 1296 185 1339 triaess
225 1297 339 1338 primo
369 1297 451 1337 quia
474 1299 576 1336 pater
606 1295 767 1328 absolute

71 1353 128 1386 vix
150 1352 219 1385 dici
240 1361 347 1394 posse
371 1352 528 1391 videtur,
554 1352 683 1384 deinde
706 1352 769 1384 ha-

71 1401 200 1434 bemus
214 1400 374 1434 similiter
381 1404 558 1442 parentem
567 1401 666 1433 Asiae
681 1401 766 1442 (Cic.

72 1451 119 1483 ad
134 1451 174 1490 Q.
192 1451 247 1483 Fr.
266 1451 303 1491 4,
321 1451 336 1482 l
352 1476 360 1490 ,
377 1450 461 1491 34.),
480 1453 656 1491 parentem
676 1449 769 1482 mili-

72 1501 149 1532 tum
180 1500 346 1532 Pisonem
379 1499 471 1540 (Tac.
501 1501 588 1531 Ann.
614 1500 654 1539 2,
679 1498 766 1539 80.)‚

68 1553 204 1590 patrem
229 1549 435 1582 evercitumn
456 1548 647 1590 Caligulam
668 1549 770 1590 (Sue-

75 1601 146 1632 ton.
173 1598 279 1640 Calig.
309 1599 396 1640 22),
433 1598 618 1631 Claudium
633 1601 769 1639 patrem

71 1651 206 1681 senatus
240 1648 331 1690 (Tac.
358 1649 448 1680 Ann.
479 1649 538 1687 Η,
570 1647 656 1687 25),
695 1647 769 1679 Do-

73 1698 259 1731 mitianum
305 1701 441 1738 patrem
484 1697 644 1737 inclytum
678 1696 771 1728 urbis

74 1747 170 1789 (Stat.
194 1746 276 1779 Silv.
301 1746 345 1786 3,
362 1746 400 1786 4,
424 1746 513 1787 48.)‚
550 1745 675 1778 Iuliam
695 1747 769 1778 Do·

73 1805 195 1829 mnam
233 1799 376 1828 matrem
419 1799 608 1828 castrorum
646 1796 766 1837 (inser.

74 1847 147 1878 Lat.
171 1847 212 1878 N.
237 1845 344 1887 923.)‚
377 1847 412 1877 et
442 1845 540 1886 quod
561 1845 676 1877 maius
700 1847 766 1884 est,

74 1895 166 1928 hanc
187 1896 345 1936 Augusto
378 1895 531 1927 dicatam
564 1895 770 1936 Inscriptio-

74 1953 158 1977 nem
182 1943 336 1986 (Colleet.
360 1953 463 1977 meae
488 1945 528 1976 N.
547 1944 658 1985 605.):
694 1952 767 1976 ιιι).

74 2002 208 2027 cmm.
241 2002 314 2026 mn
340 2003 374 2026 F.
396 2002 472 2026 AVG.
496 2002 635 2026 rums.
670 2001 770 2026 cozo-

73 2051 154 2076 ΜΔΕ
185 2043 365 2084 (iaderae).
399 2051 524 2075 ιηινιι.
554 2050 609 2075 ετ.
641 2050 767 2075 rums.

73 2101 188 2124 ossmr.
230 2093 427 2131 ‚Postremo
464 2092 597 2123 urbium
641 2095 771 2123 statuae

74 2150 140 2184 pro
156 2142 217 2181 iis,
243 2150 355 2182 «quae
379 2142 461 2173 sunt
484 2142 519 2173 in
535 2140 678 2182 publico
695 2141 772 2173 col-

74 2189 250 2230 locatae»,
275 2190 396 2222 nescio
413 2190 499 2231 quid
519 2190 599 2222 miri
623 2190 768 2229 habent,

76 2240 204 2271 immo-
217 2240 324 2271 etiam
354 2239 468 2271 otiosi.
496 2239 619 2280 (Patris
633 2240 772 2279 patriae

76 2297 208 2321 nomen
222 2289 259 2321 in
273 2289 427 2321 nummis
442 2290 620 2329 Augustus
636 2297 774 2320 assum·

77 2338 148 2380 psit
176 2338 323 2370 demum
345 2347 376 2370 a.
401 2347 436 2369 ιι.
463 2346 493 2370 c.
519 2338 594 2370 752.
634 2338 770 2370 Rasche

77 2387 159 2419 Lex.
184 2388 240 2419 ΠΙ.
265 2388 306 2419 11.
330 2396 365 2428 p.
391 2387 501 2426 ⁴827.)

119 2436 173 2468 29.
210 2436 264 2468 30.
304 2437 483 2477 Refrenare
505 2435 681 2477 licentiaan]
706 2435 770 2467 Od.

77 2484 116 2524 4,
140 2485 198 2525 ⁴5,
220 2485 265 2517 9:
290 2486 439 2517 ordinem
460 2486 594 2517 Rectum
616 2485 773 2526 evaganti

77 2534 175 2575 frena
189 2535 339 2566 licentiae
353 2534 476 2566 [macie.
505 2551 542 2556 —-
565 2534 770 2575 postgenicis]

80 2579 306 2626 ὄψιγόνοις,
328 2584 671 2629 μεταγενεστέροις.
713 2585 774 2616 Vi-

80 2632 185 2664 detur
195 2634 314 2665 autem
327 2641 419 2665 nunc
433 2626 536 2674 ἅπαξ
551 2630 770 2676 λεγόμενον.

816 1047 1010 1089 quidem-3
1034 1048 1103 1079 hae
1124 1049 1243 1080 tamen
1259 1046 1513 1088 significatione

815 1096 900 1130 illud
910 1098 992 1139 post
1004 1097 1186 1129 Horatium
1197 1095 1401 1138 complures
1411 1104 1515 1128 usur-

815 1148 957 1189 parunt.
988 1146 1074 1179 Plin.
1092 1147 1180 1188 Epp.
1199 1146 1237 1186 3,
1256 1147 1297 1185 7,
1316 1145 1380 1178 ⁴4:
1418 1147 1515 1186 Qua-

816 1199 909 1228 tenus
940 1196 1035 1228 nobis
1074 1197 1258 1238 doneqatur
1289 1196 1349 1227 diu
1378 1195 1512 1234 vivere,

814 1245 1044 1286 relinquamus
1066 1245 1213 1286 aliquid,
1239 1254 1304 1285 quo
1318 1253 1379 1276 nos
1391 1244 1516 1276 viz-isse

816 1298 982 1328 testemur.
1011 1314 1047 1318 —
1082 1295 1146 1327 heu
1166 1295 1271 1336 nefas]
1297 1294 1515 1327 «vehemen-

816 1345 886 1377 tius
914 1353 1024 1385 quam
1060 1344 1104 1376 ah
1126 1346 1162 1376 et
1183 1353 1238 1376 o.»

816 1394 873 1425 111.
898 1402 934 1435 p.
960 1394 1015 1426 67.

861 1467 915 1499 3⁴.
944 1467 1102 1499 Virtutem
1123 1467 1330 1509 ineolumem]
1355 1467 1516 1500 «Homini

816 1516 946 1548 virtute
981 1517 1142 1558 praedito
1158 1542 1165 1556 ‚
1217 1518 1304 1549 dum
1338 1518 1374 1550 in
1413 1517 1516 1549 terris

817 1567 1000 1606 versatur,
1037 1566 1261 1605 invidemus;
1300 1566 1362 1599 ubi
1400 1567 1515 1599 morte

818 1615 988 1657 abreptus
1022 1617 1098 1655 est,
1137 1617 1294 1648 eundem
1330 1615 1517 1648 desidera-

819 1673 935 1697 mus.»
958 1664 1105 1697 martial.
1130 1666 1168 1706 5,
1192 1666 1310 1705 40,5:
1349 1665 1405 1697 Sic
1425 1668 1517 1697 vete-

817 1722 889 1745 rem
910 1714 1038 1755 inm-ati
1058 1715 1204 1755 Pompeii
1227 1715 1419 1755 quaerimus
1438 1723 1517 1746 unt—

818 1763 927 1795 bram.
974 1764 1186 1804 Menander,
1219 1766 1259 1796 ut
1287 1764 1446 1803 videtur,
1480 1764 1516 1796 in

817 1813 937 1844 Bachii
963 1813 1173 1845 Mimnermo
1198 1822 1278 1855 pag.
1301 1814 1360 1845 52:
1389 1812 1517 1845 Δεινοὶ

817 1861 889 1903 μὲν
921 1857 1030 1907 ἀνδρὶ
1063 1860 1202 1902 πάντες
1234 1861 1351 1904 ἐσμὲν
1373 1857 1521 1894 senisse

818 1909 938 1943 Ζῶντι
960 1909 1182 1953 φθονῆσαι,
1217 1909 1515 1943 κατθανόντα-δ’

818 1962 982 1993 αἰνέσαι.
1029 1960 1151 1993 Vellei.
1177 1962 1218 2001 2,
1236 1961 1299 1993 92:
1323 1962 1517 1994 Praesentia

817 2011 964 2050 invidia,
997 2010 1185 2051 praeterita
1205 2011 1417 2043 veneratione
1432 2019 1517 2051 per—

819 2060 1013 2100 sequimur;
1035 2060 1086 2091 his
1107 2068 1168 2091 nos
1181 2059 1293 2100 obrui,
1316 2060 1383 2092 illis
1396 2061 1518 2092 instrui

819 2109 992 2141 credimus.
1029 2109 1109 2141 Tac.
1138 2108 1226 2142 Dial.
1256 2109 1310 2142 ⁴8.
1344 2109 1444 2142 Conf.
1470 2109 1516 2142 ad

821 2159 908 2200 Epp.
934 2159 972 2198 2,
999 2159 1037 2198 4,
1064 2160 1116 2191 42.
1145 2177 1182 2182 -
1211 2160 1253 2191 V.
1279 2160 1384 2191 invidi
1405 2159 1518 2202 perti—

820 2210 882 2240 net
905 2207 951 2239 ad
974 2209 1085 2240 totam
1105 2209 1337 2249 sententiam,
1377 2218 1449 2241 non
1471 2209 1517 2241 ad

821 2256 972 2290 alterum
995 2258 1114 2290 utrum
1135 2257 1304 2290 verbum:
1337 2258 1440 2299 «quia
1462 2258 1519 2289 in-

821 2307 936 2338 w'diae
969 2305 1064 2348 pleni
1098 2315 1256 2340 sumus.»
1292 2308 1374 2340 Sine
1409 2315 1518 2339 causa

822 2357 926 2397 igitur
947 2357 1074 2388 Anton.
1099 2356 1145 2388 de
1167 2357 1268 2397 Rooy
1290 2357 1442 2389 coniecit
1463 2357 1519 2388 in·

820 2406 927 2446 vidis,
967 2405 1064 2446 quod
1098 2406 1165 2438 etsi
1187 2406 1378 2447 probatum
1401 2406 1516 2446 Anio,

823 2463 909 2487 sane
931 2454 1235 2496 languidissimum
1258 2455 1359 2487 foret.

866 2534 908 2567 33
922 2552 942 2558 -
956 2534 993 2567 4⁴
1003 2560 1011 2566 .
1058 2535 1143 2575 Quid
1164 2535 1274 2566 tristes
1286 2552 1306 2557 -
1320 2552 1339 2557 -
1354 2532 1518 2574 ar·duae?]

823 2584 1009 2624 Egregium
1025 2584 1094 2616 hoc
1110 2586 1166 2616 est
1180 2582 1382 2624 exemplum
1397 2582 1519 2614 effica-

823 2634 987 2665 cissimae
1015 2635 1121 2675 atque
1140 2634 1287 2674 propter
1310 2633 1446 2664 certam
1468 2631 1520 2663 in-

1284 1344 1380 1376 Hm
1411 1344 1512 1375 Tum,
