1722 2904
192 133 275 174 358

709 130 882 162 HORATII
908 128 1133 162 CARMINUM

418 235 654 292 Rebusque
683 234 867 277 fidentes
897 212 1035 276 avitae

474 318 600 360 Tecta
628 315 758 359 velint
787 328 991 372 reparare
1022 314 1185 356 Troiae.

361 424 512 466 Troiae
543 435 778 466 renascens
809 421 908 464 alite
938 419 1108 477 lugubri

363 507 551 547 Fortuna
580 502 687 546 tristi
719 501 841 546 clade
872 500 1113 550 iterabitur,
1475 509 1487 529 ⁶

414 586 608 628 Ducente
637 583 837 628 victrices
868 590 1064 626 catervas

477 666 668 723 Coniuge
698 679 767 709 me
799 665 912 708 Iovis
943 670 986 707 et
1016 676 1179 706 sorore.

361 773 441 815 Ter
473 772 507 814 si
539 777 736 827 resurgat
764 784 914 813 murus
946 774 1109 812 a'eneus

1592 740 1708 809 65¹

359 854 544 896 Auctore
574 851 772 901 Phoebo,
811 857 875 893 ter
904 856 1054 907 pereat
1083 850 1191 893 meis

418 933 598 976 Excisus
627 931 815 989 Argivis,
847 938 912 974 ter
941 945 1051 974 uxor

479 1014 612 1071 Capta
645 1013 786 1055 virum
814 1026 1066 1070 puerosque
1095 1011 1246 1069 ploret.

365 1123 458 1164 Non
488 1120 571 1165 hoc
602 1120 776 1163 iocosae
806 1118 1034 1163 conveniet
1061 1117 1210 1177 lyrae:

282 1254 336 1287 66.
363 1254 509 1286 Ductor-e
531 1260 624 1285 unus
639 1250 782 1284 Achillis
799 1250 912 1289 Statii,
938 1249 1027 1282 alter
1043 1249 1206 1290 Cruquii,
1231 1249 1291 1291 qui
1306 1249 1460 1291 recepit,
1484 1250 1610 1283 tertius

238 1302 442 1341 Pulmanni;
482 1302 595 1335 reiicit
632 1300 827 1341 Bentleius‚
868 1299 1073 1333 dubitanter
1109 1307 1316 1342 proponens
1348 1299 1531 1332 Str-actore.
1569 1317 1606 1323 —

241 1353 294 1386 67.
322 1352 499 1385 Εωεοίεεαε
525 1352 563 1384 L.
591 1368 629 1374 —
654 1350 709 1383 69.
733 1351 814 1383 haec
828 1368 848 1374 —
868 1368 888 1374 -
902 1348 1094 1382 convenient
1116 1350 1161 1389 L,
1185 1349 1266 1381 haec
1280 1366 1334 1373 -—
1349 1349 1550 1382 conveniunt
1569 1349 1606 1382 F.

243 1402 316 1444 (hoc
330 1420 350 1426 -
364 1420 384 1426 -
398 1401 574 1434 conveniat
595 1404 703 1443 χψω,
729 1401 817 1433 Pott.
837 1399 921 1432 duo.
947 1400 988 1433 Ut
1009 1407 1089 1438 nos,
1115 1399 1253 1440 nostri.)
1281 1418 1317 1423 —
1342 1399 1439 1440 lyrae
1463 1407 1534 1431 om.
1553 1398 1591 1431 T.

200 1523 310 1556 quam
324 1514 492 1556 pietatem
504 1512 745 1555 pulcherrime
758 1520 903 1554 expres·
953 1513 966 1544 4
985 1538 993 1552 ,
1019 1512 1084 1546 46:
1116 1513 1175 1546 Ast
1196 1522 1274 1555 eqo,
1299 1521 1386 1554 quae
1409 1513 1519 1545 divom
1539 1512 1655 1544 incedo

200 1565 246 1598 sit
268 1565 401 1597 Ennius
424 1562 549 1596 Annal.
575 1561 636 1602 44,
663 1562 694 1594 9.
735 1562 799 1596 Ed.
826 1563 902 1596 Me-

199 1613 320 1654 rulae,
356 1613 419 1646 ubi
448 1613 596 1646 Romani
627 1612 719 1645 duce
753 1613 791 1645 L.
818 1612 904 1645 Cor-

200 1663 292 1697 nelio
330 1663 493 1705 Scipione
535 1661 724 1704 (Asiatico)
761 1662 902 1694 Troiam

200 1714 357 1756 primum
376 1713 638 1755 conspicientes
654 1712 690 1744 in
706 1712 771 1744 has
793 1719 903 1744 voces

202 1763 457 1806 prorumpunt:
502 1763 528 1794 O
557 1763 701 1802 patria,
737 1771 757 1794 ο
794 1762 905 1794 divom

202 1815 318 1846 domus
345 1813 445 1845 Ilium
471 1815 502 1844 et
523 1812 651 1844 incluta
673 1811 755 1855 bello
775 1812 905 1853 Perua-

200 1864 282 1896 ma!
297 1880 334 1886 —
349 1863 459 1895 Pietas
481 1862 603 1894 autem
626 1860 847 1894 coloniarum
869 1860 905 1892 in

202 1909 459 1959 μητροπόλεις
503 1911 639 1943 dirutas
684 1909 902 1952 requirebat,

202 1964 260 2003 ut,
286 1963 316 1995 si
338 1961 417 1994 fieri
438 1962 580 2003 posset,
605 1969 667 1994 eas
682 1959 903 2002 repararent.

204 2012 276 2046 Cir.
312 2012 438 2053 Heyne
471 2011 602 2052 Opusc.
637 2010 663 2042 Ι.
699 2018 735 2051 p.
761 2009 837 2041 3⁴2.
866 2026 903 2032 —-

201 2061 346 2104 fidentes]
373 2060 552 2103 «potentia
575 2068 639 2092 sua
662 2059 768 2092 nimis
790 2058 904 2091 freti.»

249 2143 303 2175 64.
354 2142 472 2174 Troiae
502 2140 591 2183 cet.]
625 2140 774 2173 «Troiae
803 2138 906 2172 malis

205 2192 371 2234 auspiciis
387 2190 606 2224 renascentis
628 2189 769 2222 fortuna
783 2196 908 2221 rursus

207 2242 336 2275 eadem
359 2241 443 2280 erit,
469 2248 562 2282 quae
584 2239 717 2272 veteris
742 2238 826 2278 fuit,
857 2237 908 2270 fu-

206 2292 422 2331 nestumque
447 2289 626 2322 excidium
658 2296 790 2335 novam
815 2295 909 2329 quo-

207 2348 277 2381 que
290 2338 419 2371 urbem
432 2338 626 2371 manebit.»
643 2356 680 2361 —
694 2337 748 2370 Ad
760 2346 817 2369 vv.
830 2335 910 2368 alite

128 2398 136 2404 ·
207 2388 341 2430 lugubri
366 2387 440 2429 (Od.
468 2389 505 2428 4,
538 2389 600 2428 45,
630 2388 672 2420 5:
707 2384 908 2427 mala-avi.)

207 2437 389 2469 memento
429 2438 612 2479 auspicato
647 2436 752 2470 condi
790 2434 910 2469 solitas

208 2495 288 2520 esse
312 2485 434 2518 urbes.

252 2561 306 2593 63.
332 2559 386 2593 64.
410 2560 580 2602 victrices]
607 2574 622 2590 «ι
636 2569 789 2602 quarum
804 2560 913 2592 victo—

209 2612 260 2643 ria
284 2612 414 2643 iterum
438 2611 535 2643 certa
560 2612 648 2643 est.»
678 2628 714 2634 -
748 2606 910 2651 Coniuye]

210 2659 306 2692 Iliad.
333 2668 377 2698 π,
402 2658 483 2692 432:
517 2654 636 2705 ’Ήρην
650 2657 691 2692 δὲ
707 2659 911 2706 προσέειπε

950 1563 1072 1605 regina
1085 1563 1236 1604 Iovisque
1249 1563 1293 1596 Ει
1306 1571 1404 1595 soror
1417 1565 1450 1595 et
1461 1562 1598 1595 οοπὶαω.

996 1625 1050 1658 65.
1078 1625 1149 1668 Tor]
1161 1633 1334 1658 numerus
1347 1625 1522 1667 poeticus.
1542 1624 1657 1663 «Quo-

952 1675 1020 1708 ties
1053 1676 1217 1717 resurget
1248 1682 1374 1708 murus
1405 1672 1464 1707 vel
1492 1673 1655 1707 firmissi-
1694 1687 1696 1690 ·

953 1732 1053 1764 mus,
1110 1724 1277 1767 auspiciis
1315 1732 1358 1756 ac
1395 1722 1508 1756 ductu
1543 1722 1656 1765 ipsius
1692 1746 1693 1750 ,

953 1773 1107 1814 Phoebi,
1137 1773 1397 1817 prioris-etiam
1420 1773 1544 1806 Troiae
1568 1781 1657 1805 con-

954 1823 1112 1857 ditoris.»
1150 1823 1249 1857 Pind.
1267 1822 1407 1866 Olymp.
1421 1823 1460 1863 8,
1477 1822 1532 1856 3⁴.
1558 1822 1654 1864 Virg.

955 1874 1016 1906 Ge.
1035 1873 1074 1914 3,
1099 1873 1158 1906 36:
1197 1874 1315 1907 Troiae
1340 1872 1500 1914 Dynamius
1523 1875 1654 1905 auctor.

999 1936 1054 1969 67.
1077 1935 1228 1978 Argivis]
1255 1935 1357 1976 Argis
1380 1932 1657 1967 celeberrimum

955 1984 1041 2018 illud
1061 1985 1205 2017 Iunonis
1227 1983 1402 2026 templum
1425 1984 1513 2016 erat.

1000 2046 1055 2079 69.
1089 2047 1167 2079 Non
1196 2046 1272 2089 hoc]
1311 2044 1421 2080 Simili
1451 2044 1580 2086 modo,
1618 2046 1659 2078 ut

957 2095 1021 2130 Od.
1045 2096 1086 2135 2,
1113 2097 1150 2136 4,
1175 2095 1255 2136 37.,
1290 2104 1312 2128 a
1336 2096 1443 2128 cantu
1464 2095 1570 2128 nimis
1592 2102 1659 2126 au-

957 2146 1056 2186 daci,
1093 2147 1131 2179 et
1152 2146 1213 2187 qui
1234 2154 1321 2178 suae
1344 2145 1445 2188 poesi
1466 2145 1504 2177 in
1525 2144 1659 2177 amori-

957 2196 1026 2229 bus
1047 2195 1214 2237 vitaeque
1241 2194 1335 2228 laeto
1356 2203 1425 2228 usu
1445 2193 1658 2236 plerumque

958 2246 1113 2278 versanti
1139 2245 1257 2278 minus
1279 2246 1384 2287 aptus
1404 2244 1469 2285 sit,
1494 2251 1576 2276 sese
1599 2251 1660 2275 re-

959 2296 1074 2328 vocat.
1133 2294 1296 2329 Meliores
1330 2295 1452 2327 autem
1484 2292 1582 2334 libri,
1621 2293 1661 2325 ut

959 2354 1085 2378 omnes
1119 2344 1275 2378 Pottierii
1306 2344 1451 2386 praeter
1481 2343 1503 2376 8
1536 2343 1574 2375 et
1605 2341 1657 2374 ⁴3.
1721 2365 1722 2376 i

961 2395 1034 2437 (qui
1054 2395 1212 2437 pessime
1242 2394 1303 2426 hoe
1316 2411 1336 2417 -
1350 2391 1537 2435 conveniat)
1566 2392 1627 2424 hoc
1641 2408 1661 2414 -

960 2445 1151 2485 conveniet,
1176 2443 1245 2477 tale
1269 2451 1409 2477 ausum.

1005 2507 1059 2540 70.
1095 2506 1219 2548 tendis]
1256 2506 1315 2538 «ln
1344 2513 1388 2538 eo
1411 2513 1474 2545 es,
1509 2504 1550 2536 ut
1570 2501 1660 2535 fines

962 2556 1025 2590 tibi
1047 2556 1294 2599 praescriptos
1313 2555 1479 2596 migres.»
1509 2571 1547 2576 —
1576 2560 1662 2592 per—

959 2606 1080 2648 vicax]
1126 2605 1286 2639 similiter
1318 2605 1358 2637 ut
1389 2602 1412 2636 l.
1448 2602 1472 2635 l.
1501 2609 1659 2643 procax,

965 2657 1102 2689 «minus
1116 2653 1321 2688 verecunda
1337 2654 1445 2695 atque
1468 2651 1576 2684 nimio
1598 2650 1661 2683 tuo

211 2706 446 2753 κασιγνήτην
462 2704 608 2748 ἄλοχόν
624 2718 675 2741 τε.
707 2709 800 2750 Virg.
819 2710 906 2742 Aen.
962 2706 1078 2740 studio
1095 2705 1139 2738 ad
1156 2704 1393 2738 temeritatem
1406 2709 1518 2745 prope
1535 2698 1659 2734 elata.»

1589 312 1712 354 60·
