<?xml version="1.0" encoding="UTF-8"?>
<!DOCTYPE html PUBLIC "-//W3C//DTD XHTML 1.0 Transitional//EN"
    "http://www.w3.org/TR/xhtml1/DTD/xhtml1-transitional.dtd">
<html xmlns="http://www.w3.org/1999/xhtml" xml:lang="en" lang="en">
 <head>
  <title>
</title>
<meta http-equiv="Content-Type" content="text/html;charset=utf-8" />
  <meta name='ocr-system' content='tesseract 3.04.00' />
  <meta name='ocr-capabilities' content='ocr_page ocr_carea ocr_par ocr_line ocrx_word'/>
</head>
<body>
  <div class='ocr_page' id='page_1' title='image "./qhoratiusflaccus12horauoft_0217.png"; bbox 0 0 1722 2904; ppageno 0'>
   <div class='ocr_carea' id='block_1_1' title="bbox 674 59 1034 94">
    <p class='ocr_par' dir='ltr' id='par_1_1' title="bbox 674 59 1034 94">
     <span class='ocr_line' id='line_1_1' title="bbox 674 59 1034 94; baseline -0.006 0"><span class='ocrx_word' id='word_1_1' title='bbox 674 61 753 94; x_wconf 74' lang='lat' dir='ltr'><strong>Lm.</strong></span> <span class='ocrx_word' id='word_1_2' title='bbox 778 61 836 93; x_wconf 85' lang='lat' dir='ltr'><strong>m.</strong></span> <span class='ocrx_word' id='word_1_3' title='bbox 883 61 923 92; x_wconf 94' lang='lat' dir='ltr'><strong>C.</strong></span> <span class='ocrx_word' id='word_1_4' title='bbox 949 59 1034 92; x_wconf 82' lang='lat' dir='ltr'>xv1.</span> 
     </span>
    </p>
   </div>
   <div class='ocr_carea' id='block_1_2' title="bbox 1470 54 1580 100">
    <p class='ocr_par' dir='ltr' id='par_1_2' title="bbox 1470 54 1580 100">
     <span class='ocr_line' id='line_1_2' title="bbox 1470 54 1580 100; baseline -0.009 0"><span class='ocrx_word' id='word_1_5' title='bbox 1470 54 1580 100; x_wconf 69' lang='lat'><strong>437‘</strong></span> 
     </span>
    </p>
   </div>
   <div class='ocr_carea' id='block_1_3' title="bbox 318 162 1304 302">
    <p class='ocr_par' dir='ltr' id='par_1_3' title="bbox 318 162 1304 302">
     <span class='ocr_line' id='line_1_3' title="bbox 318 162 1304 221; baseline -0.003 -13"><span class='ocrx_word' id='word_1_6' title='bbox 318 164 481 218; x_wconf 70' lang='lat' dir='ltr'><strong>vNudus</strong></span> <span class='ocrx_word' id='word_1_7' title='bbox 510 170 651 208; x_wconf 87' lang='lat' dir='ltr'><strong>castra</strong></span> <span class='ocrx_word' id='word_1_8' title='bbox 679 169 780 221; x_wconf 84' lang='lat' dir='ltr'><strong>peto</strong></span> <span class='ocrx_word' id='word_1_9' title='bbox 810 170 854 207; x_wconf 90' lang='lat' dir='ltr'><strong>et</strong></span> <span class='ocrx_word' id='word_1_10' title='bbox 881 162 1098 220; x_wconf 79' lang='lat' dir='ltr'><strong>transfuga</strong></span> <span class='ocrx_word' id='word_1_11' title='bbox 1127 162 1304 206; x_wconf 90' lang='lat' dir='ltr'><strong>divitum</strong></span> 
     </span>
     <span class='ocr_line' id='line_1_4' title="bbox 446 243 1009 302; baseline -0.004 -13"><span class='ocrx_word' id='word_1_12' title='bbox 446 246 595 289; x_wconf 86' lang='lat' dir='ltr'><strong>Partes</strong></span> <span class='ocrx_word' id='word_1_13' title='bbox 623 243 821 302; x_wconf 81' lang='lat' dir='ltr'>linquere</span> <span class='ocrx_word' id='word_1_14' title='bbox 850 243 1009 301; x_wconf 85' lang='lat' dir='ltr'><strong>gestio,</strong></span> 
     </span>
    </p>
   </div>
   <div class='ocr_carea' id='block_1_4' title="bbox 333 347 1251 419">
    <p class='ocr_par' dir='ltr' id='par_1_4' title="bbox 333 347 1251 419">
     <span class='ocr_line' id='line_1_5' title="bbox 333 347 1251 419; baseline -0.003 -25"><span class='ocrx_word' id='word_1_15' title='bbox 333 351 611 419; x_wconf 61' lang='lat' dir='ltr'><strong>Conthae</strong></span> <span class='ocrx_word' id='word_1_16' title='bbox 639 348 839 392; x_wconf 91' lang='lat' dir='ltr'><strong>dominus</strong></span> <span class='ocrx_word' id='word_1_17' title='bbox 869 347 1136 412; x_wconf 57' lang='lat' dir='ltr'><strong>splenfflior</strong></span> <span class='ocrx_word' id='word_1_18' title='bbox 1165 353 1251 397; x_wconf 69' lang='lat' dir='ltr'><strong>rei,</strong></span> 
     </span>
    </p>
   </div>
   <div class='ocr_carea' id='block_1_5' title="bbox 332 419 1304 658">
    <p class='ocr_par' dir='ltr' id='par_1_5' title="bbox 332 419 1304 647">
     <span class='ocr_line' id='line_1_6' title="bbox 333 419 1304 493; baseline -0.001 -21"><span class='ocrx_word' id='word_1_19' title='bbox 333 431 472 482; x_wconf 91' lang='lat' dir='ltr'><strong>Quam</strong></span> <span class='ocrx_word' id='word_1_20' title='bbox 501 419 538 472; x_wconf 84' lang='lat' dir='ltr'><strong>si</strong></span> <span class='ocrx_word' id='word_1_21' title='bbox 567 427 780 486; x_wconf 86' lang='lat' dir='ltr'><strong>quidquid</strong></span> <span class='ocrx_word' id='word_1_22' title='bbox 810 428 902 493; x_wconf 60' lang='lat' dir='ltr'><strong>aral</strong></span> <span class='ocrx_word' id='word_1_23' title='bbox 931 428 1114 486; x_wconf 83' lang='lat' dir='ltr'>impiger</span> <span class='ocrx_word' id='word_1_24' title='bbox 1140 427 1304 486; x_wconf 82' lang='lat' dir='ltr'><strong>Apulus</strong></span> 
     </span>
     <span class='ocr_line' id='line_1_7' title="bbox 332 508 1131 558; baseline -0.003 -4"><span class='ocrx_word' id='word_1_25' title='bbox 332 508 565 554; x_wconf 83' lang='lat' dir='ltr'><strong>Occultare</strong></span> <span class='ocrx_word' id='word_1_26' title='bbox 593 509 702 553; x_wconf 88' lang='lat' dir='ltr'><strong>meis</strong></span> <span class='ocrx_word' id='word_1_27' title='bbox 735 508 906 553; x_wconf 86' lang='lat' dir='ltr'><strong>dicerer</strong></span> <span class='ocrx_word' id='word_1_28' title='bbox 936 508 1131 558; x_wconf 87' lang='lat' dir='ltr'><strong>horreis,</strong></span> 
     </span>
     <span class='ocr_line' id='line_1_8' title="bbox 444 589 1062 658; baseline -0.002 -25"><span class='ocrx_word' id='word_1_29' title='bbox 444 590 617 647; x_wconf 79' lang='lat' dir='ltr'><strong>Magnas</strong></span> <span class='ocrx_word' id='word_1_30' title='bbox 648 589 758 633; x_wconf 87' lang='lat' dir='ltr'><strong>inter</strong></span> <span class='ocrx_word' id='word_1_31' title='bbox 786 602 895 647; x_wconf 90' lang='lat' dir='ltr'><strong>opes</strong></span> <span class='ocrx_word' id='word_1_32' title='bbox 924 589 1062 658; x_wconf 84' lang='lat' dir='ltr'><strong>inops.</strong></span> 
     </span>
    </p>
   </div>
   <div class='ocr_carea' id='block_1_6' title="bbox 947 655 1065 668">
    <p class='ocr_par' dir='ltr' id='par_1_6' title="bbox 947 655 1065 668">
     <span class='ocr_line' id='line_1_9' title="bbox 947 655 1065 668; baseline 0 2236"><span class='ocrx_word' id='word_1_33' title='bbox 947 655 1065 668; x_wconf 95' lang='lat' dir='ltr'><strong> </strong></span> 
     </span>
    </p>
   </div>
   <div class='ocr_carea' id='block_1_7' title="bbox 196 750 1512 793">
    <p class='ocr_par' dir='ltr' id='par_1_7' title="bbox 196 750 1512 793">
     <span class='ocr_line' id='line_1_10' title="bbox 196 750 1512 793; baseline -0.002 -5"><span class='ocrx_word' id='word_1_34' title='bbox 196 755 250 788; x_wconf 78' lang='lat'><strong>2⁵.</strong></span> <span class='ocrx_word' id='word_1_35' title='bbox 281 754 459 787; x_wconf 71' lang='lat' dir='ltr'><em>contentae</em></span> <span class='ocrx_word' id='word_1_36' title='bbox 481 761 573 786; x_wconf 89' lang='lat' dir='ltr'><strong>corr.</strong></span> <span class='ocrx_word' id='word_1_37' title='bbox 597 763 622 784; x_wconf 84' lang='grc' dir='ltr'>κ</span> <span class='ocrx_word' id='word_1_38' title='bbox 645 751 773 793; x_wconf 87' lang='lat' dir='ltr'><strong>aliique</strong></span> <span class='ocrx_word' id='word_1_39' title='bbox 803 750 915 785; x_wconf 84' lang='lat' dir='ltr'><strong>Pulm.</strong></span> <span class='ocrx_word' id='word_1_40' title='bbox 933 753 970 784; x_wconf 88' lang='lat' dir='ltr'><strong>et</strong></span> <span class='ocrx_word' id='word_1_41' title='bbox 999 752 1112 791; x_wconf 89' lang='lat' dir='ltr'><strong>Torr.,</strong></span> <span class='ocrx_word' id='word_1_42' title='bbox 1134 750 1309 793; x_wconf 73' lang='lat' dir='ltr'><strong>probante</strong></span> <span class='ocrx_word' id='word_1_43' title='bbox 1341 752 1512 790; x_wconf 77' lang='lat' dir='ltr'><strong>Cantero3</strong></span> 
     </span>
    </p>
   </div>
   <div class='ocr_carea' id='block_1_8' title="bbox 154 801 858 842">
    <p class='ocr_par' dir='ltr' id='par_1_8' title="bbox 154 801 858 842">
     <span class='ocr_line' id='line_1_11' title="bbox 154 801 858 842; baseline -0.01 -6"><span class='ocrx_word' id='word_1_44' title='bbox 154 802 324 836; x_wconf 81' lang='lat' dir='ltr'><strong>volebant</strong></span> <span class='ocrx_word' id='word_1_45' title='bbox 346 810 428 835; x_wconf 87' lang='lat' dir='ltr'><strong>esse</strong></span> <span class='ocrx_word' id='word_1_46' title='bbox 453 803 601 842; x_wconf 75' lang='lat' dir='ltr'><strong>«artae,</strong></span> <span class='ocrx_word' id='word_1_47' title='bbox 624 801 858 840; x_wconf 80' lang='lat' dir='ltr'><strong>mediocris„</strong></span> 
     </span>
    </p>
   </div>
   <div class='ocr_carea' id='block_1_9' title="bbox 893 800 1513 844">
    <p class='ocr_par' dir='ltr' id='par_1_9' title="bbox 893 800 1513 844">
     <span class='ocr_line' id='line_1_12' title="bbox 893 800 1513 844; baseline 0.002 -11"><span class='ocrx_word' id='word_1_48' title='bbox 893 800 991 842; x_wconf 88' lang='lat' dir='ltr'><strong>quod</strong></span> <span class='ocrx_word' id='word_1_49' title='bbox 1013 809 1059 834; x_wconf 91' lang='lat' dir='ltr'><strong>ne</strong></span> <span class='ocrx_word' id='word_1_50' title='bbox 1083 801 1246 835; x_wconf 85' lang='lat' dir='ltr'><strong>Latinum</strong></span> <span class='ocrx_word' id='word_1_51' title='bbox 1268 800 1415 844; x_wconf 89' lang='lat' dir='ltr'><strong>quidem</strong></span> <span class='ocrx_word' id='word_1_52' title='bbox 1445 803 1513 836; x_wconf 81' lang='lat' dir='ltr'><strong>est.</strong></span> 
     </span>
    </p>
   </div>
   <div class='ocr_carea' id='block_1_10' title="bbox 161 850 1514 894">
    <p class='ocr_par' dir='ltr' id='par_1_10' title="bbox 161 850 1514 894">
     <span class='ocr_line' id='line_1_13' title="bbox 161 850 1514 894; baseline -0.001 -8"><span class='ocrx_word' id='word_1_53' title='bbox 161 870 201 878; x_wconf 90' lang='lat'>-</span> <span class='ocrx_word' id='word_1_54' title='bbox 224 853 281 886; x_wconf 75' lang='lat'><strong>26.</strong></span> <span class='ocrx_word' id='word_1_55' title='bbox 304 861 373 885; x_wconf 73' lang='lat' dir='ltr'><strong>non</strong></span> <span class='ocrx_word' id='word_1_56' title='bbox 388 852 489 894; x_wconf 63' lang='lat' dir='ltr'><strong>piger</strong></span> <span class='ocrx_word' id='word_1_57' title='bbox 510 850 573 885; x_wconf 85' lang='lat' dir='ltr'><strong>Ed.</strong></span> <span class='ocrx_word' id='word_1_58' title='bbox 598 851 765 891; x_wconf 86' lang='lat' dir='ltr'><strong>Locheri,</strong></span> <span class='ocrx_word' id='word_1_59' title='bbox 789 850 952 890; x_wconf 80' lang='lat' dir='ltr'><strong>Aldinae,</strong></span> <span class='ocrx_word' id='word_1_60' title='bbox 978 851 1031 884; x_wconf 94' lang='lat' dir='ltr'><strong>Ct.</strong></span> <span class='ocrx_word' id='word_1_61' title='bbox 1058 852 1111 892; x_wconf 83' lang='lat' dir='ltr'><strong>(Ut</strong></span> <span class='ocrx_word' id='word_1_62' title='bbox 1131 859 1214 892; x_wconf 85' lang='lat' dir='ltr'><strong>nos,</strong></span> <span class='ocrx_word' id='word_1_63' title='bbox 1239 859 1365 885; x_wconf 77' lang='lat' dir='ltr'><strong>omnes</strong></span> <span class='ocrx_word' id='word_1_64' title='bbox 1387 852 1514 891; x_wconf 83' lang='lat' dir='ltr'><strong>nostri,</strong></span> 
     </span>
    </p>
   </div>
   <div class='ocr_carea' id='block_1_11' title="bbox 152 900 751 944">
    <p class='ocr_par' dir='ltr' id='par_1_11' title="bbox 152 900 751 944">
     <span class='ocr_line' id='line_1_14' title="bbox 152 900 751 944; baseline -0.007 -8"><span class='ocrx_word' id='word_1_65' title='bbox 152 902 298 944; x_wconf 83' lang='lat' dir='ltr'><strong>Cruquii</strong></span> <span class='ocrx_word' id='word_1_66' title='bbox 313 927 321 942; x_wconf 92' lang='lat'><strong>,</strong></span> <span class='ocrx_word' id='word_1_67' title='bbox 344 900 491 935; x_wconf 81' lang='lat' dir='ltr'>Bentleii</span> <span class='ocrx_word' id='word_1_68' title='bbox 514 903 551 934; x_wconf 86' lang='lat' dir='ltr'><strong>et</strong></span> <span class='ocrx_word' id='word_1_69' title='bbox 571 901 751 940; x_wconf 84' lang='lat' dir='ltr'><strong>Pottierii.)</strong></span> 
     </span>
    </p>
   </div>
   <div class='ocr_carea' id='block_1_12' title="bbox 108 1044 810 1729">
    <p class='ocr_par' dir='ltr' id='par_1_12' title="bbox 108 1044 808 1178">
     <span class='ocr_line' id='line_1_15' title="bbox 109 1044 807 1087; baseline -0.001 -9"><span class='ocrx_word' id='word_1_70' title='bbox 109 1044 235 1087; x_wconf 77' lang='lat' dir='ltr'><strong>gaudia</strong></span> <span class='ocrx_word' id='word_1_71' title='bbox 279 1047 353 1078; x_wconf 90' lang='lat' dir='ltr'><strong>tam</strong></span> <span class='ocrx_word' id='word_1_72' title='bbox 385 1053 478 1087; x_wconf 86' lang='lat' dir='ltr'><strong>pura</strong></span> <span class='ocrx_word' id='word_1_73' title='bbox 519 1047 666 1086; x_wconf 87' lang='lat' dir='ltr'><strong>tamque</strong></span> <span class='ocrx_word' id='word_1_74' title='bbox 709 1046 807 1086; x_wconf 83' lang='lat' dir='ltr'><strong>grata</strong></span> 
     </span>
     <span class='ocr_line' id='line_1_16' title="bbox 108 1093 808 1136; baseline -0.001 -8"><span class='ocrx_word' id='word_1_75' title='bbox 108 1094 235 1128; x_wconf 68' lang='lat' dir='ltr'><strong>merIto</strong></span> <span class='ocrx_word' id='word_1_76' title='bbox 263 1103 330 1136; x_wconf 87' lang='lat' dir='ltr'><strong>pro</strong></span> <span class='ocrx_word' id='word_1_77' title='bbox 356 1093 507 1126; x_wconf 89' lang='lat' dir='ltr'><strong>deorum</strong></span> <span class='ocrx_word' id='word_1_78' title='bbox 539 1094 643 1128; x_wconf 90' lang='lat' dir='ltr'><strong>donis</strong></span> <span class='ocrx_word' id='word_1_79' title='bbox 669 1094 808 1127; x_wconf 87' lang='lat' dir='ltr'><strong>haben-</strong></span> 
     </span>
     <span class='ocr_line' id='line_1_17' title="bbox 108 1143 805 1178; baseline 0 -2"><span class='ocrx_word' id='word_1_80' title='bbox 108 1145 200 1176; x_wconf 77' lang='lat' dir='ltr'><strong>tur.»</strong></span> <span class='ocrx_word' id='word_1_81' title='bbox 245 1143 371 1176; x_wconf 78' lang='lat' dir='ltr'><strong>Stoicis</strong></span> <span class='ocrx_word' id='word_1_82' title='bbox 393 1143 451 1176; x_wconf 90' lang='lat' dir='ltr'><strong>hic</strong></span> <span class='ocrx_word' id='word_1_83' title='bbox 472 1145 655 1178; x_wconf 79' lang='lat' dir='ltr'><strong>sententiis</strong></span> <span class='ocrx_word' id='word_1_84' title='bbox 685 1145 805 1176; x_wconf 90' lang='lat' dir='ltr'><strong>utitur.</strong></span> 
     </span>
    </p>

    <p class='ocr_par' dir='ltr' id='par_1_13' title="bbox 109 1192 810 1729">
     <span class='ocr_line' id='line_1_18' title="bbox 151 1192 809 1235; baseline 0.002 -10"><span class='ocrx_word' id='word_1_85' title='bbox 151 1192 207 1225; x_wconf 75' lang='lat'><strong>23.</strong></span> <span class='ocrx_word' id='word_1_86' title='bbox 242 1192 379 1235; x_wconf 68' lang='lat' dir='ltr'><strong>Nudw]</strong></span> <span class='ocrx_word' id='word_1_87' title='bbox 403 1193 505 1226; x_wconf 79' lang='lat' dir='ltr'><strong>«Sine</strong></span> <span class='ocrx_word' id='word_1_88' title='bbox 530 1194 679 1234; x_wconf 79' lang='lat' dir='ltr'><strong>armis»,</strong></span> <span class='ocrx_word' id='word_1_89' title='bbox 706 1194 809 1226; x_wconf 74' lang='lat' dir='ltr'><strong>«ohne</strong></span> 
     </span>
     <span class='ocr_line' id='line_1_19' title="bbox 110 1242 807 1282; baseline 0 -7"><span class='ocrx_word' id='word_1_90' title='bbox 110 1242 165 1275; x_wconf 81' lang='lat' dir='ltr'><strong>die</strong></span> <span class='ocrx_word' id='word_1_91' title='bbox 194 1242 302 1275; x_wconf 68' lang='lat' dir='ltr'><strong>mm</strong></span> <span class='ocrx_word' id='word_1_92' title='bbox 331 1251 410 1274; x_wconf 76' lang='lat' dir='ltr'><strong>zum</strong></span> <span class='ocrx_word' id='word_1_93' title='bbox 439 1242 691 1282; x_wconf 56' lang='lat' dir='ltr'><strong>ficiebam»,</strong></span> <span class='ocrx_word' id='word_1_94' title='bbox 723 1251 807 1276; x_wconf 88' lang='lat' dir='ltr'><strong>cum</strong></span> 
     </span>
     <span class='ocr_line' id='line_1_20' title="bbox 111 1290 805 1334; baseline 0 -10"><span class='ocrx_word' id='word_1_95' title='bbox 111 1290 188 1324; x_wconf 85' lang='lat' dir='ltr'><strong>aliis</strong></span> <span class='ocrx_word' id='word_1_96' title='bbox 203 1291 371 1333; x_wconf 78' lang='lat' dir='ltr'><strong>equidem</strong></span> <span class='ocrx_word' id='word_1_97' title='bbox 387 1291 563 1334; x_wconf 87' lang='lat' dir='ltr'><strong>explicare</strong></span> <span class='ocrx_word' id='word_1_98' title='bbox 579 1291 704 1332; x_wconf 87' lang='lat' dir='ltr'><strong>nolim,</strong></span> <span class='ocrx_word' id='word_1_99' title='bbox 722 1292 805 1326; x_wconf 87' lang='lat' dir='ltr'><strong>sed:</strong></span> 
     </span>
     <span class='ocr_line' id='line_1_21' title="bbox 114 1340 808 1383; baseline 0.003 -11"><span class='ocrx_word' id='word_1_100' title='bbox 114 1340 300 1373; x_wconf 80' lang='lat' dir='ltr'><strong>-omnibus</strong></span> <span class='ocrx_word' id='word_1_101' title='bbox 322 1340 413 1374; x_wconf 85' lang='lat' dir='ltr'><strong>ultro</strong></span> <span class='ocrx_word' id='word_1_102' title='bbox 427 1342 653 1381; x_wconf 90' lang='lat' dir='ltr'><strong>renuntians,</strong></span> <span class='ocrx_word' id='word_1_103' title='bbox 678 1341 808 1383; x_wconf 85' lang='lat' dir='ltr'><strong>quibus</strong></span> 
     </span>
     <span class='ocr_line' id='line_1_22' title="bbox 111 1391 809 1432; baseline 0 -9"><span class='ocrx_word' id='word_1_104' title='bbox 111 1398 202 1432; x_wconf 87' lang='lat' dir='ltr'><strong>opus</strong></span> <span class='ocrx_word' id='word_1_105' title='bbox 224 1398 295 1422; x_wconf 93' lang='lat' dir='ltr'><strong>non</strong></span> <span class='ocrx_word' id='word_1_106' title='bbox 318 1392 409 1423; x_wconf 81' lang='lat' dir='ltr'><strong>est.»</strong></span> <span class='ocrx_word' id='word_1_107' title='bbox 430 1409 467 1414; x_wconf 92' lang='lat'><em>-</em></span> <span class='ocrx_word' id='word_1_108' title='bbox 490 1392 565 1424; x_wconf 89' lang='lat' dir='ltr'><strong>lam</strong></span> <span class='ocrx_word' id='word_1_109' title='bbox 587 1391 685 1432; x_wconf 83' lang='lat' dir='ltr'><strong>fingit</strong></span> <span class='ocrx_word' id='word_1_110' title='bbox 706 1392 809 1432; x_wconf 85' lang='lat' dir='ltr'><strong>quasi</strong></span> 
     </span>
     <span class='ocr_line' id='line_1_23' title="bbox 110 1438 810 1482; baseline 0.001 -10"><span class='ocrx_word' id='word_1_111' title='bbox 110 1438 196 1472; x_wconf 86' lang='lat' dir='ltr'><strong>bina</strong></span> <span class='ocrx_word' id='word_1_112' title='bbox 228 1440 369 1478; x_wconf 80' lang='lat' dir='ltr'><strong>castra;</strong></span> <span class='ocrx_word' id='word_1_113' title='bbox 399 1439 483 1472; x_wconf 87' lang='lat' dir='ltr'><strong>hine</strong></span> <span class='ocrx_word' id='word_1_114' title='bbox 504 1442 625 1482; x_wconf 89' lang='lat' dir='ltr'><strong>partes</strong></span> <span class='ocrx_word' id='word_1_115' title='bbox 646 1441 729 1472; x_wconf 72' lang='lat' dir='ltr'><strong>nihil</strong></span> <span class='ocrx_word' id='word_1_116' title='bbox 748 1450 810 1473; x_wconf 84' lang='lat' dir='ltr'><strong>cu-</strong></span> 
     </span>
     <span class='ocr_line' id='line_1_24' title="bbox 109 1487 807 1531; baseline 0.001 -10"><span class='ocrx_word' id='word_1_117' title='bbox 109 1488 292 1529; x_wconf 71' lang='lat' dir='ltr'><strong>pientium,</strong></span> <span class='ocrx_word' id='word_1_118' title='bbox 342 1487 436 1521; x_wconf 89' lang='lat' dir='ltr'><strong>illine</strong></span> <span class='ocrx_word' id='word_1_119' title='bbox 482 1491 603 1531; x_wconf 87' lang='lat' dir='ltr'><strong>partes</strong></span> <span class='ocrx_word' id='word_1_120' title='bbox 645 1490 807 1531; x_wconf 76' lang='lat' dir='ltr'><strong>divitum,</strong></span> 
     </span>
     <span class='ocr_line' id='line_1_25' title="bbox 109 1537 809 1580; baseline 0.003 -10"><span class='ocrx_word' id='word_1_121' title='bbox 109 1537 238 1570; x_wconf 84' lang='lat' dir='ltr'><strong>divitiis</strong></span> <span class='ocrx_word' id='word_1_122' title='bbox 263 1538 368 1570; x_wconf 88' lang='lat' dir='ltr'><strong>unice</strong></span> <span class='ocrx_word' id='word_1_123' title='bbox 397 1538 622 1579; x_wconf 86' lang='lat' dir='ltr'><strong>inhiantium,</strong></span> <span class='ocrx_word' id='word_1_124' title='bbox 657 1539 809 1580; x_wconf 89' lang='lat' dir='ltr'><strong>quibus-</strong></span> 
     </span>
     <span class='ocr_line' id='line_1_26' title="bbox 109 1586 809 1621; baseline 0.003 -2"><span class='ocrx_word' id='word_1_125' title='bbox 109 1595 191 1619; x_wconf 84' lang='lat' dir='ltr'><strong>cum</strong></span> <span class='ocrx_word' id='word_1_126' title='bbox 213 1586 298 1619; x_wconf 89' lang='lat' dir='ltr'><strong>nihil</strong></span> <span class='ocrx_word' id='word_1_127' title='bbox 318 1586 387 1619; x_wconf 89' lang='lat' dir='ltr'><strong>sibi</strong></span> <span class='ocrx_word' id='word_1_128' title='bbox 407 1596 598 1620; x_wconf 88' lang='lat' dir='ltr'><strong>commune</strong></span> <span class='ocrx_word' id='word_1_129' title='bbox 614 1596 696 1621; x_wconf 90' lang='lat' dir='ltr'><strong>esse</strong></span> <span class='ocrx_word' id='word_1_130' title='bbox 711 1588 809 1621; x_wconf 84' lang='lat' dir='ltr'><strong>affir-</strong></span> 
     </span>
     <span class='ocr_line' id='line_1_27' title="bbox 109 1637 805 1679; baseline 0.001 -10"><span class='ocrx_word' id='word_1_131' title='bbox 109 1637 195 1669; x_wconf 84' lang='lat' dir='ltr'><strong>mat.</strong></span> <span class='ocrx_word' id='word_1_132' title='bbox 243 1637 340 1669; x_wconf 75' lang='lat' dir='ltr'><strong>«Non</strong></span> <span class='ocrx_word' id='word_1_133' title='bbox 368 1637 420 1669; x_wconf 86' lang='lat' dir='ltr'><strong>sic</strong></span> <span class='ocrx_word' id='word_1_134' title='bbox 444 1637 652 1679; x_wconf 87' lang='lat' dir='ltr'><strong>accipienda</strong></span> <span class='ocrx_word' id='word_1_135' title='bbox 682 1638 805 1678; x_wconf 80' lang='lat' dir='ltr'><strong>verba,</strong></span> 
     </span>
     <span class='ocr_line' id='line_1_28' title="bbox 109 1685 808 1729; baseline 0.003 -11"><span class='ocrx_word' id='word_1_136' title='bbox 109 1686 292 1727; x_wconf 76' lang='lat' dir='ltr'><strong>tamquam</strong></span> <span class='ocrx_word' id='word_1_137' title='bbox 325 1685 432 1718; x_wconf 77' lang='lat' dir='ltr'><strong>fuerit</strong></span> <span class='ocrx_word' id='word_1_138' title='bbox 463 1687 535 1719; x_wconf 92' lang='lat' dir='ltr'><strong>iam</strong></span> <span class='ocrx_word' id='word_1_139' title='bbox 572 1687 609 1719; x_wconf 91' lang='lat' dir='ltr'><strong>in</strong></span> <span class='ocrx_word' id='word_1_140' title='bbox 646 1687 808 1729; x_wconf 81' lang='lat' dir='ltr'><strong>partibus</strong></span> 
     </span>
    </p>
   </div>
   <div class='ocr_carea' id='block_1_13' title="bbox 50 1734 809 1776">
    <p class='ocr_par' dir='ltr' id='par_1_14' title="bbox 50 1734 809 1776">
     <span class='ocr_line' id='line_1_29' title="bbox 50 1734 809 1776; baseline 0.004 -10"><span class='ocrx_word' id='word_1_141' title='bbox 50 1764 54 1767; x_wconf 16' lang='grc' dir='ltr'>μ</span> <span class='ocrx_word' id='word_1_142' title='bbox 108 1734 278 1774; x_wconf 82' lang='lat' dir='ltr'><strong>divitum,</strong></span> <span class='ocrx_word' id='word_1_143' title='bbox 310 1734 377 1767; x_wconf 89' lang='lat' dir='ltr'><strong>sed</strong></span> <span class='ocrx_word' id='word_1_144' title='bbox 399 1736 574 1776; x_wconf 87' lang='lat' dir='ltr'><strong>quatenus</strong></span> <span class='ocrx_word' id='word_1_145' title='bbox 598 1736 648 1775; x_wconf 88' lang='lat' dir='ltr'><strong>is,</strong></span> <span class='ocrx_word' id='word_1_146' title='bbox 673 1737 729 1768; x_wconf 90' lang='lat' dir='ltr'><strong>cui</strong></span> <span class='ocrx_word' id='word_1_147' title='bbox 752 1737 809 1769; x_wconf 90' lang='lat' dir='ltr'><strong>in—</strong></span> 
     </span>
    </p>
   </div>
   <div class='ocr_carea' id='block_1_14' title="bbox 106 1783 809 2663">
    <p class='ocr_par' dir='ltr' id='par_1_15' title="bbox 106 1783 808 2663">
     <span class='ocr_line' id='line_1_30' title="bbox 109 1783 808 1826; baseline 0.003 -10"><span class='ocrx_word' id='word_1_148' title='bbox 109 1786 164 1817; x_wconf 83' lang='lat' dir='ltr'><strong>ter</strong></span> <span class='ocrx_word' id='word_1_149' title='bbox 196 1783 287 1816; x_wconf 87' lang='lat' dir='ltr'><strong>duas</strong></span> <span class='ocrx_word' id='word_1_150' title='bbox 317 1786 438 1826; x_wconf 85' lang='lat' dir='ltr'><strong>partes</strong></span> <span class='ocrx_word' id='word_1_151' title='bbox 469 1785 651 1826; x_wconf 91' lang='lat' dir='ltr'><strong>oppositas</strong></span> <span class='ocrx_word' id='word_1_152' title='bbox 675 1786 808 1818; x_wconf 85' lang='lat' dir='ltr'><strong>eonsti-</strong></span> 
     </span>
     <span class='ocr_line' id='line_1_31' title="bbox 109 1832 807 1875; baseline 0.003 -10"><span class='ocrx_word' id='word_1_153' title='bbox 109 1835 184 1866; x_wconf 88' lang='lat' dir='ltr'><strong>tuto</strong></span> <span class='ocrx_word' id='word_1_154' title='bbox 207 1832 318 1865; x_wconf 88' lang='lat' dir='ltr'><strong>altera</strong></span> <span class='ocrx_word' id='word_1_155' title='bbox 341 1835 419 1866; x_wconf 86' lang='lat' dir='ltr'><strong>utra</strong></span> <span class='ocrx_word' id='word_1_156' title='bbox 443 1833 603 1875; x_wconf 86' lang='lat' dir='ltr'><strong>eligenda</strong></span> <span class='ocrx_word' id='word_1_157' title='bbox 620 1836 695 1874; x_wconf 85' lang='lat' dir='ltr'><strong>est,</strong></span> <span class='ocrx_word' id='word_1_158' title='bbox 720 1835 807 1867; x_wconf 90' lang='lat' dir='ltr'><strong>dum</strong></span> 
     </span>
     <span class='ocr_line' id='line_1_32' title="bbox 107 1882 806 1925; baseline 0.003 -10"><span class='ocrx_word' id='word_1_159' title='bbox 107 1891 218 1915; x_wconf 88' lang='lat' dir='ltr'><strong>unam</strong></span> <span class='ocrx_word' id='word_1_160' title='bbox 238 1882 395 1924; x_wconf 84' lang='lat' dir='ltr'><strong>praefert</strong></span> <span class='ocrx_word' id='word_1_161' title='bbox 416 1885 453 1915; x_wconf 84' lang='lat' dir='ltr'><strong>et</strong></span> <span class='ocrx_word' id='word_1_162' title='bbox 481 1882 727 1925; x_wconf 80' lang='lat' dir='ltr'><strong>amplectitur</strong></span> <span class='ocrx_word' id='word_1_163' title='bbox 760 1884 806 1917; x_wconf 90' lang='lat' dir='ltr'><strong>ab</strong></span> 
     </span>
     <span class='ocr_line' id='line_1_33' title="bbox 108 1930 806 1974; baseline 0.003 -10"><span class='ocrx_word' id='word_1_164' title='bbox 108 1930 219 1964; x_wconf 82' lang='lat' dir='ltr'><strong>altera</strong></span> <span class='ocrx_word' id='word_1_165' title='bbox 243 1930 381 1973; x_wconf 83' lang='lat' dir='ltr'><strong>longius</strong></span> <span class='ocrx_word' id='word_1_166' title='bbox 406 1931 497 1964; x_wconf 90' lang='lat' dir='ltr'><strong>illico</strong></span> <span class='ocrx_word' id='word_1_167' title='bbox 522 1932 684 1974; x_wconf 84' lang='lat' dir='ltr'><strong>refugit.</strong></span> <span class='ocrx_word' id='word_1_168' title='bbox 722 1935 806 1966; x_wconf 73' lang='lat' dir='ltr'><strong>hm.</strong></span> 
     </span>
     <span class='ocr_line' id='line_1_34' title="bbox 108 1980 808 2015; baseline 0.003 -2"><span class='ocrx_word' id='word_1_169' title='bbox 108 1981 257 2014; x_wconf 89' lang='lat' dir='ltr'><strong>Omnino</strong></span> <span class='ocrx_word' id='word_1_170' title='bbox 284 1980 435 2014; x_wconf 89' lang='lat' dir='ltr'><strong>alterum</strong></span> <span class='ocrx_word' id='word_1_171' title='bbox 463 1981 669 2015; x_wconf 87' lang='lat' dir='ltr'><strong>membrum</strong></span> <span class='ocrx_word' id='word_1_172' title='bbox 691 1983 808 2015; x_wconf 82' lang='lat' dir='ltr'><strong>maxi-</strong></span> 
     </span>
     <span class='ocr_line' id='line_1_35' title="bbox 108 2028 807 2072; baseline 0.001 -9"><span class='ocrx_word' id='word_1_173' title='bbox 108 2028 240 2071; x_wconf 85' lang='lat' dir='ltr'><strong>meque</strong></span> <span class='ocrx_word' id='word_1_174' title='bbox 269 2039 305 2062; x_wconf 87' lang='lat' dir='ltr'><strong>v.</strong></span> <span class='ocrx_word' id='word_1_175' title='bbox 334 2030 513 2072; x_wconf 67' lang='lat' dir='ltr'><strong>transfuga</strong></span> <span class='ocrx_word' id='word_1_176' title='bbox 546 2032 807 2064; x_wconf 84' lang='lat' dir='ltr'><strong>continuandae</strong></span> 
     </span>
     <span class='ocr_line' id='line_1_36' title="bbox 106 2078 808 2122; baseline 0.003 -11"><span class='ocrx_word' id='word_1_177' title='bbox 106 2079 236 2122; x_wconf 88' lang='lat' dir='ltr'><strong>prioris</strong></span> <span class='ocrx_word' id='word_1_178' title='bbox 259 2078 414 2112; x_wconf 87' lang='lat' dir='ltr'><strong>membri</strong></span> <span class='ocrx_word' id='word_1_179' title='bbox 435 2080 666 2122; x_wconf 87' lang='lat' dir='ltr'><strong>metaphorae</strong></span> <span class='ocrx_word' id='word_1_180' title='bbox 690 2082 808 2113; x_wconf 87' lang='lat' dir='ltr'><strong>inser-</strong></span> 
     </span>
     <span class='ocr_line' id='line_1_37' title="bbox 107 2128 806 2170; baseline 0.003 -9"><span class='ocrx_word' id='word_1_181' title='bbox 107 2129 170 2163; x_wconf 82' lang='lat' dir='ltr'><strong>vit.</strong></span> <span class='ocrx_word' id='word_1_182' title='bbox 208 2128 316 2161; x_wconf 90' lang='lat' dir='ltr'><strong>Simili</strong></span> <span class='ocrx_word' id='word_1_183' title='bbox 336 2129 488 2170; x_wconf 85' lang='lat' dir='ltr'><strong>imagine</strong></span> <span class='ocrx_word' id='word_1_184' title='bbox 509 2138 596 2162; x_wconf 90' lang='lat' dir='ltr'><strong>usus</strong></span> <span class='ocrx_word' id='word_1_185' title='bbox 611 2131 666 2162; x_wconf 86' lang='lat' dir='ltr'><strong>est</strong></span> <span class='ocrx_word' id='word_1_186' title='bbox 681 2131 806 2163; x_wconf 86' lang='lat' dir='ltr'><strong>Cicero</strong></span> 
     </span>
     <span class='ocr_line' id='line_1_38' title="bbox 108 2177 809 2219; baseline 0.003 -9"><span class='ocrx_word' id='word_1_187' title='bbox 108 2177 263 2210; x_wconf 87' lang='lat' dir='ltr'><strong>adFam.</strong></span> <span class='ocrx_word' id='word_1_188' title='bbox 280 2178 315 2219; x_wconf 81' lang='lat'><strong>9,</strong></span> <span class='ocrx_word' id='word_1_189' title='bbox 330 2179 396 2211; x_wconf 74' lang='lat'><strong>20:</strong></span> <span class='ocrx_word' id='word_1_190' title='bbox 419 2179 809 2219; x_wconf 77' lang='lat' dir='ltr'><strong>InEpicur-inosadver-</strong></span> 
     </span>
     <span class='ocr_line' id='line_1_39' title="bbox 109 2227 804 2262; baseline 0.004 -3"><span class='ocrx_word' id='word_1_191' title='bbox 109 2227 430 2260; x_wconf 68' lang='lat' dir='ltr'><strong>sariinostn’castra</strong></span> <span class='ocrx_word' id='word_1_192' title='bbox 440 2228 648 2261; x_wconf 69' lang='lat' dir='ltr'><strong>conice-imur.</strong></span> <span class='ocrx_word' id='word_1_193' title='bbox 661 2230 804 2262; x_wconf 88' lang='lat' dir='ltr'><strong>Lucian.</strong></span> 
     </span>
     <span class='ocr_line' id='line_1_40' title="bbox 109 2272 808 2334; baseline 0.004 -26"><span class='ocrx_word' id='word_1_194' title='bbox 109 2277 230 2309; x_wconf 89' lang='lat' dir='ltr'><strong>Somn.</strong></span> <span class='ocrx_word' id='word_1_195' title='bbox 249 2276 311 2308; x_wconf 72' lang='lat'><strong>⁴2:</strong></span> <span class='ocrx_word' id='word_1_196' title='bbox 338 2272 361 2308; x_wconf 88' lang='grc' dir='ltr'>ὁ</span> <span class='ocrx_word' id='word_1_197' title='bbox 375 2274 583 2323; x_wconf 78' lang='grc' dir='ltr'><strong><em>Σωκράτης</em></strong></span> <span class='ocrx_word' id='word_1_198' title='bbox 602 2276 808 2334; x_wconf 79' lang='grc' dir='ltr'><em>δραπετεύ-</em></span> 
     </span>
     <span class='ocr_line' id='line_1_41' title="bbox 109 2322 808 2382; baseline 0.004 -26"><span class='ocrx_word' id='word_1_199' title='bbox 109 2335 183 2365; x_wconf 81' lang='grc' dir='ltr'><strong>σας</strong></span> <span class='ocrx_word' id='word_1_200' title='bbox 193 2322 298 2370; x_wconf 76' lang='grc' dir='ltr'><em>παρὰ</em></span> <span class='ocrx_word' id='word_1_201' title='bbox 311 2322 381 2367; x_wconf 79' lang='grc' dir='ltr'><strong>τῆς</strong></span> <span class='ocrx_word' id='word_1_202' title='bbox 394 2324 536 2382; x_wconf 60' lang='lat' dir='ltr'><strong>§pnoyl</strong></span> <span class='ocrx_word' id='word_1_203' title='bbox 538 2325 681 2368; x_wconf 84' lang='grc' dir='ltr'><strong><em>υφικῆς</em></strong></span> <span class='ocrx_word' id='word_1_204' title='bbox 694 2322 808 2368; x_wconf 73' lang='lat' dir='ltr'><strong>miro-</strong></span> 
     </span>
     <span class='ocr_line' id='line_1_42' title="bbox 108 2371 754 2417; baseline 0.003 -11"><span class='ocrx_word' id='word_1_205' title='bbox 108 2371 280 2417; x_wconf 72' lang='grc' dir='ltr'><strong><em>μόλησεν</em></strong></span> <span class='ocrx_word' id='word_1_206' title='bbox 296 2385 350 2414; x_wconf 85' lang='grc' dir='ltr'><strong>ως</strong></span> <span class='ocrx_word' id='word_1_207' title='bbox 363 2373 433 2416; x_wconf 82' lang='grc' dir='ltr'><strong>ἐμέ</strong></span> <span class='ocrx_word' id='word_1_208' title='bbox 447 2372 532 2417; x_wconf 81' lang='grc' dir='ltr'><strong><em>(τὴν</em></strong></span> <span class='ocrx_word' id='word_1_209' title='bbox 546 2373 754 2417; x_wconf 73' lang='grc' dir='ltr'><strong><em>Παιδείαν).</em></strong></span> 
     </span>
     <span class='ocr_line' id='line_1_43' title="bbox 151 2423 807 2465; baseline 0.002 -10"><span class='ocrx_word' id='word_1_210' title='bbox 151 2423 471 2465; x_wconf 73' lang='lat' dir='ltr'><strong>25.Con10mptae]</strong></span> <span class='ocrx_word' id='word_1_211' title='bbox 511 2423 577 2456; x_wconf 79' lang='lat' dir='ltr'><strong>«ab</strong></span> <span class='ocrx_word' id='word_1_212' title='bbox 602 2423 680 2456; x_wconf 87' lang='lat' dir='ltr'><strong>aliis</strong></span> <span class='ocrx_word' id='word_1_213' title='bbox 702 2424 807 2456; x_wconf 91' lang='lat' dir='ltr'><strong>ditio-</strong></span> 
     </span>
     <span class='ocr_line' id='line_1_44' title="bbox 111 2472 806 2514; baseline 0.001 -9"><span class='ocrx_word' id='word_1_214' title='bbox 111 2472 210 2505; x_wconf 89' lang='lat' dir='ltr'><strong>ribus</strong></span> <span class='ocrx_word' id='word_1_215' title='bbox 239 2473 338 2514; x_wconf 88' lang='lat' dir='ltr'><strong>parvi</strong></span> <span class='ocrx_word' id='word_1_216' title='bbox 368 2472 480 2504; x_wconf 82' lang='lat' dir='ltr'><strong>factae</strong></span> <span class='ocrx_word' id='word_1_217' title='bbox 509 2474 545 2504; x_wconf 87' lang='lat' dir='ltr'><strong>et</strong></span> <span class='ocrx_word' id='word_1_218' title='bbox 566 2473 806 2514; x_wconf 77' lang='lat' dir='ltr'><strong>despectae·»</strong></span> <span class='ocrx_word' id='word_1_219' title='bbox 774 2498 782 2511; x_wconf 88' lang='lat'>‚</span> 
     </span>
     <span class='ocr_line' id='line_1_45' title="bbox 111 2520 808 2563; baseline 0.003 -10"><span class='ocrx_word' id='word_1_220' title='bbox 111 2530 195 2554; x_wconf 90' lang='lat' dir='ltr'><strong>nam</strong></span> <span class='ocrx_word' id='word_1_221' title='bbox 217 2522 277 2562; x_wconf 85' lang='lat' dir='ltr'><strong>qui</strong></span> <span class='ocrx_word' id='word_1_222' title='bbox 300 2520 428 2554; x_wconf 90' lang='lat' dir='ltr'><strong>multas</strong></span> <span class='ocrx_word' id='word_1_223' title='bbox 450 2521 550 2554; x_wconf 88' lang='lat' dir='ltr'><strong>villas</strong></span> <span class='ocrx_word' id='word_1_224' title='bbox 573 2531 655 2555; x_wconf 87' lang='lat' dir='ltr'><strong>cum</strong></span> <span class='ocrx_word' id='word_1_225' title='bbox 675 2523 808 2563; x_wconf 87' lang='lat' dir='ltr'><strong>magni-</strong></span> 
     </span>
     <span class='ocr_line' id='line_1_46' title="bbox 110 2570 808 2614; baseline 0.004 -11"><span class='ocrx_word' id='word_1_226' title='bbox 110 2571 189 2604; x_wconf 86' lang='lat' dir='ltr'><strong>ficis</strong></span> <span class='ocrx_word' id='word_1_227' title='bbox 233 2570 403 2609; x_wconf 83' lang='lat' dir='ltr'><strong>aedibus,</strong></span> <span class='ocrx_word' id='word_1_228' title='bbox 449 2571 591 2604; x_wconf 88' lang='lat' dir='ltr'><strong>vivariis</strong></span> <span class='ocrx_word' id='word_1_229' title='bbox 610 2596 618 2610; x_wconf 87' lang='lat'><strong>,</strong></span> <span class='ocrx_word' id='word_1_230' title='bbox 662 2572 808 2614; x_wconf 85' lang='lat' dir='ltr'><strong>piscinis</strong></span> 
     </span>
     <span class='ocr_line' id='line_1_47' title="bbox 111 2618 806 2663; baseline 0.001 -11"><span class='ocrx_word' id='word_1_231' title='bbox 111 2618 266 2659; x_wconf 87' lang='lat' dir='ltr'><strong>Tusculi,</strong></span> <span class='ocrx_word' id='word_1_232' title='bbox 293 2620 326 2652; x_wconf 91' lang='lat' dir='ltr'><strong>in</strong></span> <span class='ocrx_word' id='word_1_233' title='bbox 351 2620 543 2662; x_wconf 83' lang='lat' dir='ltr'><strong>Campania</strong></span> <span class='ocrx_word' id='word_1_234' title='bbox 563 2622 600 2653; x_wconf 80' lang='lat' dir='ltr'><strong>et</strong></span> <span class='ocrx_word' id='word_1_235' title='bbox 622 2621 657 2653; x_wconf 89' lang='lat' dir='ltr'><strong>in</strong></span> <span class='ocrx_word' id='word_1_236' title='bbox 683 2620 806 2663; x_wconf 81' lang='lat' dir='ltr'><strong>Apulia</strong></span> 
     </span>
    </p>
   </div>
   <div class='ocr_carea' id='block_1_15' title="bbox 850 1039 1560 2612">
    <p class='ocr_par' dir='ltr' id='par_1_16' title="bbox 855 1039 1560 1777">
     <span class='ocr_line' id='line_1_48' title="bbox 858 1039 1559 1088; baseline 0.004 -12"><span class='ocrx_word' id='word_1_237' title='bbox 858 1039 1105 1086; x_wconf 69' lang='lat' dir='ltr'><strong>possidebant,</strong></span> <span class='ocrx_word' id='word_1_238' title='bbox 1141 1052 1206 1086; x_wconf 92' lang='lat' dir='ltr'><strong>pro</strong></span> <span class='ocrx_word' id='word_1_239' title='bbox 1233 1043 1378 1078; x_wconf 90' lang='lat' dir='ltr'><strong>homine</strong></span> <span class='ocrx_word' id='word_1_240' title='bbox 1400 1054 1559 1088; x_wconf 85' lang='lat' dir='ltr'><strong>paupere</strong></span> 
     </span>
     <span class='ocr_line' id='line_1_49' title="bbox 858 1093 1558 1135; baseline 0.001 -9"><span class='ocrx_word' id='word_1_241' title='bbox 858 1093 1040 1126; x_wconf 87' lang='lat' dir='ltr'><strong>habebant</strong></span> <span class='ocrx_word' id='word_1_242' title='bbox 1073 1093 1278 1135; x_wconf 80' lang='lat' dir='ltr'><strong>Horatium,</strong></span> <span class='ocrx_word' id='word_1_243' title='bbox 1314 1095 1408 1127; x_wconf 88' lang='lat' dir='ltr'><strong>unici</strong></span> <span class='ocrx_word' id='word_1_244' title='bbox 1437 1094 1558 1127; x_wconf 83' lang='lat' dir='ltr'><strong>Sabini</strong></span> 
     </span>
     <span class='ocr_line' id='line_1_50' title="bbox 857 1141 1560 1184; baseline 0.004 -10"><span class='ocrx_word' id='word_1_245' title='bbox 857 1141 1053 1175; x_wconf 91' lang='lat' dir='ltr'><strong>dominum.</strong></span> <span class='ocrx_word' id='word_1_246' title='bbox 1107 1141 1305 1184; x_wconf 84' lang='lat' dir='ltr'><strong>Simplicior</strong></span> <span class='ocrx_word' id='word_1_247' title='bbox 1336 1145 1434 1176; x_wconf 81' lang='lat' dir='ltr'><strong>certe</strong></span> <span class='ocrx_word' id='word_1_248' title='bbox 1468 1144 1560 1177; x_wconf 86' lang='lat' dir='ltr'><strong>haec</strong></span> 
     </span>
     <span class='ocr_line' id='line_1_51' title="bbox 855 1191 1558 1235; baseline 0.003 -11"><span class='ocrx_word' id='word_1_249' title='bbox 855 1191 997 1225; x_wconf 80' lang='lat' dir='ltr'><strong>videtur</strong></span> <span class='ocrx_word' id='word_1_250' title='bbox 1019 1191 1205 1234; x_wconf 79' lang='lat' dir='ltr'><strong>explicatio</strong></span> <span class='ocrx_word' id='word_1_251' title='bbox 1226 1201 1335 1235; x_wconf 82' lang='lat' dir='ltr'><strong>quam</strong></span> <span class='ocrx_word' id='word_1_252' title='bbox 1355 1192 1558 1226; x_wconf 85' lang='lat' dir='ltr'><strong>Bentleiana</strong></span> 
     </span>
     <span class='ocr_line' id='line_1_52' title="bbox 857 1240 1557 1284; baseline 0.004 -11"><span class='ocrx_word' id='word_1_253' title='bbox 857 1240 912 1274; x_wconf 86' lang='lat' dir='ltr'><strong>illa</strong></span> <span class='ocrx_word' id='word_1_254' title='bbox 934 1250 1047 1284; x_wconf 87' lang='lat' dir='ltr'><strong>prope</strong></span> <span class='ocrx_word' id='word_1_255' title='bbox 1070 1242 1175 1274; x_wconf 89' lang='lat' dir='ltr'><strong>nimis</strong></span> <span class='ocrx_word' id='word_1_256' title='bbox 1197 1242 1335 1274; x_wconf 83' lang='lat' dir='ltr'><strong>Stoica:</strong></span> <span class='ocrx_word' id='word_1_257' title='bbox 1372 1244 1557 1284; x_wconf 76' lang='lat' dir='ltr'><strong>«spretae,</strong></span> 
     </span>
     <span class='ocr_line' id='line_1_53' title="bbox 857 1291 1559 1334; baseline 0.003 -11"><span class='ocrx_word' id='word_1_258' title='bbox 857 1299 928 1323; x_wconf 91' lang='lat' dir='ltr'><strong>non</strong></span> <span class='ocrx_word' id='word_1_259' title='bbox 950 1292 1090 1333; x_wconf 89' lang='lat' dir='ltr'><strong>cupitae</strong></span> <span class='ocrx_word' id='word_1_260' title='bbox 1113 1299 1134 1323; x_wconf 87' lang='lat' dir='ltr'><strong>a</strong></span> <span class='ocrx_word' id='word_1_261' title='bbox 1156 1299 1216 1324; x_wconf 91' lang='lat' dir='ltr'><strong>me</strong></span> <span class='ocrx_word' id='word_1_262' title='bbox 1239 1291 1366 1333; x_wconf 55' lang='lat' dir='ltr'><strong>ipson</strong></span> <span class='ocrx_word' id='word_1_263' title='bbox 1391 1294 1427 1324; x_wconf 92' lang='lat' dir='ltr'><strong>et</strong></span> <span class='ocrx_word' id='word_1_264' title='bbox 1448 1301 1559 1334; x_wconf 87' lang='lat' dir='ltr'><strong>repu-</strong></span> 
     </span>
     <span class='ocr_line' id='line_1_54' title="bbox 856 1339 1555 1382; baseline 0.003 -10"><span class='ocrx_word' id='word_1_265' title='bbox 856 1342 940 1382; x_wconf 87' lang='lat' dir='ltr'><strong>gnat</strong></span> <span class='ocrx_word' id='word_1_266' title='bbox 969 1339 1236 1381; x_wconf 88' lang='lat' dir='ltr'><strong>quodammodo</strong></span> <span class='ocrx_word' id='word_1_267' title='bbox 1270 1349 1314 1373; x_wconf 88' lang='lat' dir='ltr'><strong>ea</strong></span> <span class='ocrx_word' id='word_1_268' title='bbox 1347 1339 1532 1374; x_wconf 82' lang='lat' dir='ltr'><strong>beatitudo</strong></span> <span class='ocrx_word' id='word_1_269' title='bbox 1546 1367 1555 1381; x_wconf 83' lang='lat'><strong>,</strong></span> 
     </span>
     <span class='ocr_line' id='line_1_55' title="bbox 857 1389 1557 1432; baseline 0.003 -10"><span class='ocrx_word' id='word_1_270' title='bbox 857 1397 972 1432; x_wconf 85' lang='lat' dir='ltr'><strong>quam</strong></span> <span class='ocrx_word' id='word_1_271' title='bbox 989 1399 1072 1423; x_wconf 86' lang='lat' dir='ltr'><strong>mox</strong></span> <span class='ocrx_word' id='word_1_272' title='bbox 1094 1389 1163 1423; x_wconf 88' lang='lat' dir='ltr'><strong>sibi</strong></span> <span class='ocrx_word' id='word_1_273' title='bbox 1185 1391 1344 1432; x_wconf 89' lang='lat' dir='ltr'><strong>reperire</strong></span> <span class='ocrx_word' id='word_1_274' title='bbox 1365 1391 1508 1423; x_wconf 83' lang='lat' dir='ltr'><strong>videtur</strong></span> <span class='ocrx_word' id='word_1_275' title='bbox 1521 1391 1557 1424; x_wconf 92' lang='lat' dir='ltr'><strong>in</strong></span> 
     </span>
     <span class='ocr_line' id='line_1_56' title="bbox 856 1438 1557 1482; baseline 0.001 -11"><span class='ocrx_word' id='word_1_276' title='bbox 856 1438 966 1472; x_wconf 89' lang='lat' dir='ltr'><strong>rebus</strong></span> <span class='ocrx_word' id='word_1_277' title='bbox 989 1439 1075 1472; x_wconf 77' lang='lat' dir='ltr'><strong>item</strong></span> <span class='ocrx_word' id='word_1_278' title='bbox 1094 1441 1262 1473; x_wconf 83' lang='lat' dir='ltr'><strong>externis.</strong></span> <span class='ocrx_word' id='word_1_279' title='bbox 1282 1458 1319 1464; x_wconf 99' lang='lat'><strong>—</strong></span> <span class='ocrx_word' id='word_1_280' title='bbox 1343 1440 1557 1482; x_wconf 68' lang='lat' dir='ltr'><strong>splendidior]</strong></span> 
     </span>
     <span class='ocr_line' id='line_1_57' title="bbox 858 1488 1557 1529; baseline 0.007 -11"><span class='ocrx_word' id='word_1_281' title='bbox 858 1488 946 1520; x_wconf 80' lang='lat' dir='ltr'><strong>-sed</strong></span> <span class='ocrx_word' id='word_1_282' title='bbox 978 1489 1030 1522; x_wconf 91' lang='lat' dir='ltr'><strong>sic</strong></span> <span class='ocrx_word' id='word_1_283' title='bbox 1064 1490 1185 1521; x_wconf 87' lang='lat' dir='ltr'><strong>tamen</strong></span> <span class='ocrx_word' id='word_1_284' title='bbox 1199 1514 1208 1529; x_wconf 94' lang='lat'>‚</span> <span class='ocrx_word' id='word_1_285' title='bbox 1248 1498 1332 1522; x_wconf 91' lang='lat' dir='ltr'><strong>cum</strong></span> <span class='ocrx_word' id='word_1_286' title='bbox 1369 1490 1557 1523; x_wconf 79' lang='lat' dir='ltr'><strong>contentus</strong></span> 
     </span>
     <span class='ocr_line' id='line_1_58' title="bbox 857 1537 1560 1581; baseline 0.001 -11"><span class='ocrx_word' id='word_1_287' title='bbox 857 1538 926 1570; x_wconf 89' lang='lat' dir='ltr'><strong>sim</strong></span> <span class='ocrx_word' id='word_1_288' title='bbox 946 1537 1052 1570; x_wconf 89' lang='lat' dir='ltr'><strong>bonis</strong></span> <span class='ocrx_word' id='word_1_289' title='bbox 1073 1540 1202 1580; x_wconf 86' lang='lat' dir='ltr'><strong>paratu</strong></span> <span class='ocrx_word' id='word_1_290' title='bbox 1223 1537 1385 1571; x_wconf 81' lang='lat' dir='ltr'><strong>facilibus</strong></span> <span class='ocrx_word' id='word_1_291' title='bbox 1408 1540 1446 1571; x_wconf 84' lang='lat' dir='ltr'><strong>et</strong></span> <span class='ocrx_word' id='word_1_292' title='bbox 1466 1548 1560 1581; x_wconf 90' lang='lat' dir='ltr'><strong>pau-</strong></span> 
     </span>
     <span class='ocr_line' id='line_1_59' title="bbox 858 1586 1560 1629; baseline 0.004 -11"><span class='ocrx_word' id='word_1_293' title='bbox 858 1586 927 1626; x_wconf 88' lang='lat' dir='ltr'><strong>cis,</strong></span> <span class='ocrx_word' id='word_1_294' title='bbox 945 1595 1004 1619; x_wconf 92' lang='lat' dir='ltr'><strong>me</strong></span> <span class='ocrx_word' id='word_1_295' title='bbox 1021 1586 1290 1629; x_wconf 87' lang='lat' dir='ltr'><strong>locupletiorem</strong></span> <span class='ocrx_word' id='word_1_296' title='bbox 1304 1597 1348 1620; x_wconf 88' lang='lat' dir='ltr'><strong>ae</strong></span> <span class='ocrx_word' id='word_1_297' title='bbox 1361 1587 1560 1621; x_wconf 81' lang='lat' dir='ltr'><strong>beatiorem</strong></span> 
     </span>
     <span class='ocr_line' id='line_1_60' title="bbox 858 1637 1558 1680; baseline 0.003 -12"><span class='ocrx_word' id='word_1_298' title='bbox 858 1643 938 1668; x_wconf 86' lang='lat' dir='ltr'><strong>esse</strong></span> <span class='ocrx_word' id='word_1_299' title='bbox 961 1637 1077 1668; x_wconf 85' lang='lat' dir='ltr'><strong>sentio</strong></span> <span class='ocrx_word' id='word_1_300' title='bbox 1100 1645 1162 1677; x_wconf 91' lang='lat' dir='ltr'><strong>eo,</strong></span> <span class='ocrx_word' id='word_1_301' title='bbox 1187 1637 1249 1678; x_wconf 90' lang='lat' dir='ltr'><strong>qui</strong></span> <span class='ocrx_word' id='word_1_302' title='bbox 1271 1638 1409 1678; x_wconf 81' lang='lat' dir='ltr'><strong>magnis</strong></span> <span class='ocrx_word' id='word_1_303' title='bbox 1430 1637 1558 1680; x_wconf 86' lang='lat' dir='ltr'><strong>opibus</strong></span> 
     </span>
     <span class='ocr_line' id='line_1_61' title="bbox 855 1685 1558 1728; baseline 0.006 -12"><span class='ocrx_word' id='word_1_304' title='bbox 855 1685 1039 1726; x_wconf 87' lang='lat' dir='ltr'><strong>praeditus</strong></span> <span class='ocrx_word' id='word_1_305' title='bbox 1050 1686 1205 1719; x_wconf 84' lang='lat' dir='ltr'><strong>maiores</strong></span> <span class='ocrx_word' id='word_1_306' title='bbox 1217 1688 1362 1728; x_wconf 82' lang='lat' dir='ltr'><strong>captare</strong></span> <span class='ocrx_word' id='word_1_307' title='bbox 1373 1695 1558 1728; x_wconf 82' lang='lat' dir='ltr'><strong>nunquam</strong></span> 
     </span>
     <span class='ocr_line' id='line_1_62' title="bbox 857 1733 1440 1777; baseline 0.003 -11"><span class='ocrx_word' id='word_1_308' title='bbox 857 1733 1020 1767; x_wconf 75' lang='lat' dir='ltr'><strong>desinit.»</strong></span> <span class='ocrx_word' id='word_1_309' title='bbox 1046 1753 1084 1758; x_wconf 97' lang='lat'><strong>—</strong></span> <span class='ocrx_word' id='word_1_310' title='bbox 1108 1735 1169 1777; x_wconf 70' lang='lat' dir='ltr'><strong>ret]</strong></span> <span class='ocrx_word' id='word_1_311' title='bbox 1194 1734 1440 1777; x_wconf 81' lang='lat' dir='ltr'><strong>dissyllabum.</strong></span> 
     </span>
    </p>

    <p class='ocr_par' dir='ltr' id='par_1_17' title="bbox 850 1783 1560 2612">
     <span class='ocr_line' id='line_1_63' title="bbox 899 1783 1560 1827; baseline 0.002 -11"><span class='ocrx_word' id='word_1_312' title='bbox 899 1785 954 1816; x_wconf 80' lang='lat'><strong>26.</strong></span> <span class='ocrx_word' id='word_1_313' title='bbox 979 1784 1033 1816; x_wconf 76' lang='lat'><strong>27.</strong></span> <span class='ocrx_word' id='word_1_314' title='bbox 1058 1785 1156 1826; x_wconf 75' lang='lat' dir='ltr'><strong>arat]</strong></span> <span class='ocrx_word' id='word_1_315' title='bbox 1180 1783 1305 1818; x_wconf 88' lang='lat' dir='ltr'><strong>Ultima</strong></span> <span class='ocrx_word' id='word_1_316' title='bbox 1326 1784 1463 1827; x_wconf 80' lang='lat' dir='ltr'><strong>syllaba</strong></span> <span class='ocrx_word' id='word_1_317' title='bbox 1478 1794 1560 1826; x_wconf 88' lang='lat' dir='ltr'><strong>pro—</strong></span> 
     </span>
     <span class='ocr_line' id='line_1_64' title="bbox 857 1833 1559 1875; baseline 0.001 -10"><span class='ocrx_word' id='word_1_318' title='bbox 857 1833 997 1865; x_wconf 86' lang='lat' dir='ltr'><strong>ducitur</strong></span> <span class='ocrx_word' id='word_1_319' title='bbox 1018 1834 1054 1866; x_wconf 90' lang='lat' dir='ltr'><strong>in</strong></span> <span class='ocrx_word' id='word_1_320' title='bbox 1077 1842 1244 1873; x_wconf 82' lang='lat' dir='ltr'><strong>caesura,</strong></span> <span class='ocrx_word' id='word_1_321' title='bbox 1278 1834 1316 1866; x_wconf 91' lang='lat' dir='ltr'><strong>id</strong></span> <span class='ocrx_word' id='word_1_322' title='bbox 1338 1834 1436 1875; x_wconf 84' lang='lat' dir='ltr'><strong>quod</strong></span> <span class='ocrx_word' id='word_1_323' title='bbox 1458 1835 1559 1875; x_wconf 83' lang='lat' dir='ltr'><strong>igno-</strong></span> 
     </span>
     <span class='ocr_line' id='line_1_65' title="bbox 855 1881 1559 1925; baseline 0.003 -11"><span class='ocrx_word' id='word_1_324' title='bbox 855 1883 978 1915; x_wconf 86' lang='lat' dir='ltr'><strong>rantes</strong></span> <span class='ocrx_word' id='word_1_325' title='bbox 1027 1881 1184 1915; x_wconf 91' lang='lat' dir='ltr'><strong>nonnulli</strong></span> <span class='ocrx_word' id='word_1_326' title='bbox 1226 1884 1447 1925; x_wconf 73' lang='lat' dir='ltr'><strong>sci-ipserum</strong></span> <span class='ocrx_word' id='word_1_327' title='bbox 1490 1893 1559 1916; x_wconf 74' lang='lat' dir='ltr'><strong>non</strong></span> 
     </span>
     <span class='ocr_line' id='line_1_66' title="bbox 850 1931 1555 1973; baseline 0.001 -10"><span class='ocrx_word' id='word_1_328' title='bbox 850 1932 961 1973; x_wconf 62' lang='lat' dir='ltr'><strong>piger.</strong></span> <span class='ocrx_word' id='word_1_329' title='bbox 1018 1932 1098 1964; x_wconf 83' lang='lat' dir='ltr'><strong>vid.</strong></span> <span class='ocrx_word' id='word_1_330' title='bbox 1133 1931 1180 1964; x_wconf 89' lang='lat' dir='ltr'><strong>ad</strong></span> <span class='ocrx_word' id='word_1_331' title='bbox 1202 1932 1266 1964; x_wconf 90' lang='lat' dir='ltr'><strong>Od.</strong></span> <span class='ocrx_word' id='word_1_332' title='bbox 1292 1932 1333 1972; x_wconf 84' lang='lat'><strong>3,</strong></span> <span class='ocrx_word' id='word_1_333' title='bbox 1358 1931 1424 1972; x_wconf 76' lang='lat'><strong>24,</strong></span> <span class='ocrx_word' id='word_1_334' title='bbox 1450 1933 1483 1964; x_wconf 89' lang='grc'><strong>5.</strong></span> <span class='ocrx_word' id='word_1_335' title='bbox 1517 1951 1555 1956; x_wconf 88' lang='grc'>-</span> 
     </span>
     <span class='ocr_line' id='line_1_67' title="bbox 854 1980 1558 2023; baseline 0.003 -11"><span class='ocrx_word' id='word_1_336' title='bbox 854 1980 955 2021; x_wconf 75' lang='lat' dir='ltr'><strong>Apuli</strong></span> <span class='ocrx_word' id='word_1_337' title='bbox 986 1982 1123 2020; x_wconf 85' lang='lat' dir='ltr'><strong>autem,</strong></span> <span class='ocrx_word' id='word_1_338' title='bbox 1164 1989 1318 2022; x_wconf 86' lang='lat' dir='ltr'><strong>quorum</strong></span> <span class='ocrx_word' id='word_1_339' title='bbox 1346 1983 1386 2013; x_wconf 91' lang='lat' dir='ltr'><strong>ut</strong></span> <span class='ocrx_word' id='word_1_340' title='bbox 1407 1980 1558 2023; x_wconf 90' lang='lat' dir='ltr'><strong>popula—</strong></span> 
     </span>
     <span class='ocr_line' id='line_1_68' title="bbox 854 2030 1558 2071; baseline 0.001 -9"><span class='ocrx_word' id='word_1_341' title='bbox 854 2031 946 2063; x_wconf 87' lang='lat' dir='ltr'><strong>rium</strong></span> <span class='ocrx_word' id='word_1_342' title='bbox 962 2030 1168 2071; x_wconf 81' lang='lat' dir='ltr'><strong>frequenter</strong></span> <span class='ocrx_word' id='word_1_343' title='bbox 1182 2030 1410 2071; x_wconf 87' lang='lat' dir='ltr'><strong>recordatur,</strong></span> <span class='ocrx_word' id='word_1_344' title='bbox 1434 2031 1558 2064; x_wconf 87' lang='lat' dir='ltr'><strong>rustici</strong></span> 
     </span>
     <span class='ocr_line' id='line_1_69' title="bbox 855 2079 1558 2112; baseline 0.001 -1"><span class='ocrx_word' id='word_1_345' title='bbox 855 2081 956 2112; x_wconf 89' lang='lat' dir='ltr'><strong>erant</strong></span> <span class='ocrx_word' id='word_1_346' title='bbox 970 2079 1136 2111; x_wconf 87' lang='lat' dir='ltr'><strong>laboriosi</strong></span> <span class='ocrx_word' id='word_1_347' title='bbox 1152 2088 1195 2111; x_wconf 90' lang='lat' dir='ltr'><strong>ac</strong></span> <span class='ocrx_word' id='word_1_348' title='bbox 1210 2080 1357 2112; x_wconf 86' lang='lat' dir='ltr'><strong>strenui.</strong></span> <span class='ocrx_word' id='word_1_349' title='bbox 1376 2098 1414 2103; x_wconf 90' lang='lat'>-</span> <span class='ocrx_word' id='word_1_350' title='bbox 1441 2080 1558 2112; x_wconf 68' lang='lat' dir='ltr'><strong>ooo-a-</strong></span> 
     </span>
     <span class='ocr_line' id='line_1_70' title="bbox 854 2128 1559 2171; baseline 0.001 -10"><span class='ocrx_word' id='word_1_351' title='bbox 854 2129 939 2171; x_wconf 70' lang='lat' dir='ltr'><strong>tara]</strong></span> <span class='ocrx_word' id='word_1_352' title='bbox 964 2128 1208 2161; x_wconf 79' lang='lat' dir='ltr'><strong>«reconditum</strong></span> <span class='ocrx_word' id='word_1_353' title='bbox 1220 2128 1391 2168; x_wconf 76' lang='lat' dir='ltr'><strong>habere»,</strong></span> <span class='ocrx_word' id='word_1_354' title='bbox 1407 2130 1447 2161; x_wconf 87' lang='lat' dir='ltr'><strong>ut</strong></span> <span class='ocrx_word' id='word_1_355' title='bbox 1461 2128 1559 2162; x_wconf 90' lang='lat' dir='ltr'><strong>sole-</strong></span> 
     </span>
     <span class='ocr_line' id='line_1_71' title="bbox 856 2177 1558 2219; baseline 0.001 -9"><span class='ocrx_word' id='word_1_356' title='bbox 856 2178 943 2211; x_wconf 87' lang='lat' dir='ltr'><strong>bant</strong></span> <span class='ocrx_word' id='word_1_357' title='bbox 962 2177 1227 2210; x_wconf 81' lang='lat' dir='ltr'><strong>latifundiorum</strong></span> <span class='ocrx_word' id='word_1_358' title='bbox 1244 2186 1475 2219; x_wconf 85' lang='lat' dir='ltr'><strong>possessores</strong></span> <span class='ocrx_word' id='word_1_359' title='bbox 1496 2188 1558 2211; x_wconf 89' lang='lat' dir='ltr'><strong>re-</strong></span> 
     </span>
     <span class='ocr_line' id='line_1_72' title="bbox 856 2226 1556 2260; baseline 0 0"><span class='ocrx_word' id='word_1_360' title='bbox 856 2228 953 2260; x_wconf 82' lang='lat' dir='ltr'><strong>tento</strong></span> <span class='ocrx_word' id='word_1_361' title='bbox 974 2227 1010 2258; x_wconf 90' lang='lat' dir='ltr'><strong>in</strong></span> <span class='ocrx_word' id='word_1_362' title='bbox 1025 2226 1162 2259; x_wconf 89' lang='lat' dir='ltr'><strong>horreis</strong></span> <span class='ocrx_word' id='word_1_363' title='bbox 1183 2226 1361 2259; x_wconf 80' lang='lat' dir='ltr'><strong>frumento</strong></span> <span class='ocrx_word' id='word_1_364' title='bbox 1378 2235 1556 2260; x_wconf 86' lang='lat' dir='ltr'><strong>annonam</strong></span> 
     </span>
     <span class='ocr_line' id='line_1_73' title="bbox 854 2276 1556 2318; baseline 0.001 -10"><span class='ocrx_word' id='word_1_365' title='bbox 854 2285 1032 2318; x_wconf 88' lang='lat' dir='ltr'><strong>premere.</strong></span> <span class='ocrx_word' id='word_1_366' title='bbox 1069 2294 1105 2299; x_wconf 92' lang='lat'>—</span> <span class='ocrx_word' id='word_1_367' title='bbox 1136 2277 1218 2308; x_wconf 75' lang='lat' dir='ltr'><strong>meis</strong></span> <span class='ocrx_word' id='word_1_368' title='bbox 1236 2293 1256 2299; x_wconf 93' lang='lat'><em>-</em></span> <span class='ocrx_word' id='word_1_369' title='bbox 1275 2276 1421 2318; x_wconf 73' lang='lat' dir='ltr'><strong>horreis]</strong></span> <span class='ocrx_word' id='word_1_370' title='bbox 1456 2285 1556 2309; x_wconf 79' lang='lat' dir='ltr'><strong>«non</strong></span> 
     </span>
     <span class='ocr_line' id='line_1_74' title="bbox 856 2325 1557 2367; baseline -0.001 -9"><span class='ocrx_word' id='word_1_371' title='bbox 856 2325 1060 2358; x_wconf 78' lang='lat' dir='ltr'><strong>conductis»</strong></span> <span class='ocrx_word' id='word_1_372' title='bbox 1073 2335 1081 2363; x_wconf 88' lang='lat'>;</span> <span class='ocrx_word' id='word_1_373' title='bbox 1098 2327 1204 2366; x_wconf 85' lang='lat' dir='ltr'><strong>auget</strong></span> <span class='ocrx_word' id='word_1_374' title='bbox 1215 2325 1285 2358; x_wconf 86' lang='lat' dir='ltr'><strong>hoc</strong></span> <span class='ocrx_word' id='word_1_375' title='bbox 1299 2326 1454 2358; x_wconf 88' lang='lat' dir='ltr'><strong>hominis</strong></span> <span class='ocrx_word' id='word_1_376' title='bbox 1469 2334 1557 2367; x_wconf 87' lang='lat' dir='ltr'><strong>opu·</strong></span> 
     </span>
     <span class='ocr_line' id='line_1_75' title="bbox 855 2374 1557 2415; baseline -0.003 -7"><span class='ocrx_word' id='word_1_377' title='bbox 855 2375 1012 2408; x_wconf 86' lang='lat' dir='ltr'><strong>lentiam.</strong></span> <span class='ocrx_word' id='word_1_378' title='bbox 1037 2374 1100 2406; x_wconf 90' lang='lat' dir='ltr'><strong>Od.</strong></span> <span class='ocrx_word' id='word_1_379' title='bbox 1119 2375 1134 2406; x_wconf 75' lang='lat'><strong>⁴</strong></span> <span class='ocrx_word' id='word_1_380' title='bbox 1149 2399 1157 2414; x_wconf 87' lang='lat'><strong>,</strong></span> <span class='ocrx_word' id='word_1_381' title='bbox 1175 2375 1189 2406; x_wconf 76' lang='lat'><strong>⁴</strong></span> <span class='ocrx_word' id='word_1_382' title='bbox 1205 2399 1213 2414; x_wconf 96' lang='lat'><strong>,</strong></span> <span class='ocrx_word' id='word_1_383' title='bbox 1230 2375 1251 2406; x_wconf 82' lang='lat'><strong>9</strong></span> <span class='ocrx_word' id='word_1_384' title='bbox 1266 2384 1274 2406; x_wconf 88' lang='lat'><strong>:</strong></span> <span class='ocrx_word' id='word_1_385' title='bbox 1298 2376 1412 2414; x_wconf 74' lang='lat' dir='ltr'><strong>Illmn,</strong></span> <span class='ocrx_word' id='word_1_386' title='bbox 1436 2375 1557 2415; x_wconf 69' lang='grc' dir='ltr'><strong>εἰρω-</strong></span> 
     </span>
     <span class='ocr_line' id='line_1_76' title="bbox 850 2424 1557 2465; baseline -0.001 -9"><span class='ocrx_word' id='word_1_387' title='bbox 850 2425 929 2465; x_wconf 78' lang='lat' dir='ltr'><strong>prio</strong></span> <span class='ocrx_word' id='word_1_388' title='bbox 943 2424 1089 2456; x_wconf 76' lang='lat' dir='ltr'><strong>condidit</strong></span> <span class='ocrx_word' id='word_1_389' title='bbox 1101 2424 1222 2456; x_wconf 77' lang='lat' dir='ltr'><strong>horreo</strong></span> <span class='ocrx_word' id='word_1_390' title='bbox 1236 2425 1304 2456; x_wconf 92' lang='lat' dir='ltr'><strong>cet.</strong></span> <span class='ocrx_word' id='word_1_391' title='bbox 1322 2443 1358 2447; x_wconf 98' lang='lat'><strong>—</strong></span> <span class='ocrx_word' id='word_1_392' title='bbox 1377 2425 1465 2456; x_wconf 74' lang='lat' dir='ltr'><strong>inter·</strong></span> <span class='ocrx_word' id='word_1_393' title='bbox 1479 2433 1557 2464; x_wconf 70' lang='lat' dir='ltr'><strong>oper</strong></span> 
     </span>
     <span class='ocr_line' id='line_1_77' title="bbox 855 2472 1552 2518; baseline -0.001 -13"><span class='ocrx_word' id='word_1_394' title='bbox 855 2473 968 2514; x_wconf 75' lang='lat' dir='ltr'><strong>inops]</strong></span> <span class='ocrx_word' id='word_1_395' title='bbox 996 2472 1176 2518; x_wconf 83' lang='lat' dir='ltr'><strong>Claudian.</strong></span> <span class='ocrx_word' id='word_1_396' title='bbox 1206 2474 1241 2505; x_wconf 90' lang='lat' dir='ltr'><strong>in</strong></span> <span class='ocrx_word' id='word_1_397' title='bbox 1264 2472 1377 2505; x_wconf 85' lang='lat' dir='ltr'><strong>Rufin.</strong></span> <span class='ocrx_word' id='word_1_398' title='bbox 1403 2474 1440 2511; x_wconf 75' lang='lat' dir='ltr'><strong>l,</strong></span> <span class='ocrx_word' id='word_1_399' title='bbox 1470 2473 1552 2505; x_wconf 74' lang='lat'>⁴99:</span> 
     </span>
     <span class='ocr_line' id='line_1_78' title="bbox 854 2522 1555 2562; baseline -0.001 -8"><span class='ocrx_word' id='word_1_400' title='bbox 854 2523 1038 2562; x_wconf 78' lang='lat' dir='ltr'><strong>Nunquam</strong></span> <span class='ocrx_word' id='word_1_401' title='bbox 1052 2523 1142 2555; x_wconf 69' lang='grc' dir='ltr'><strong>αιὐσε</strong></span> <span class='ocrx_word' id='word_1_402' title='bbox 1154 2523 1239 2562; x_wconf 79' lang='lat' dir='ltr'><strong>eris,</strong></span> <span class='ocrx_word' id='word_1_403' title='bbox 1264 2531 1437 2562; x_wconf 80' lang='lat' dir='ltr'><strong>nunquam</strong></span> <span class='ocrx_word' id='word_1_404' title='bbox 1452 2522 1555 2553; x_wconf 75' lang='lat' dir='ltr'><strong>satia-</strong></span> 
     </span>
     <span class='ocr_line' id='line_1_79' title="bbox 856 2571 1554 2612; baseline -0.001 -9"><span class='ocrx_word' id='word_1_405' title='bbox 856 2571 930 2603; x_wconf 75' lang='lat' dir='ltr'><strong>bere</strong></span> <span class='ocrx_word' id='word_1_406' title='bbox 944 2575 1105 2612; x_wconf 57' lang='lat' dir='ltr'><strong>quacum·</strong></span> <span class='ocrx_word' id='word_1_407' title='bbox 1128 2572 1265 2612; x_wconf 73' lang='lat' dir='ltr'><strong>semper</strong></span> <span class='ocrx_word' id='word_1_408' title='bbox 1278 2572 1389 2611; x_wconf 74' lang='lat' dir='ltr'><strong>inops,</strong></span> <span class='ocrx_word' id='word_1_409' title='bbox 1417 2572 1554 2611; x_wconf 72' lang='lat' dir='ltr'><strong>quicun-</strong></span> 
     </span>
    </p>
   </div>
  </div>
 </body>
</html>
