1722 2904
643 74 779 108 LIBER.
825 75 956 108 CARM.
979 74 1066 106 xvi.

1493 72 1574 113 729

244 181 392 223 Ratem
422 191 635 236 occupare
665 177 771 236 quid
798 191 1018 220 moramur
1046 177 1144 220 alite
1160 176 1181 217 '?

189 259 275 303 Sed
304 260 495 303 iuremus
525 259 567 301 in
595 258 730 302 haec:
762 257 895 302 Simul
925 258 1022 301 imis
1051 271 1155 301 saxa
1184 257 1372 300 renarint

1518 258 1573 300 25

245 339 373 383 Vadis
402 339 560 389 levata,
591 353 646 382 ne
676 339 819 382 redire
848 339 903 382 sit
932 338 1073 389 nefas3

186 421 279 463 Neu
308 433 517 463 conversa
545 419 721 462 domum
750 419 893 476 pigeat
922 419 1027 463 dare
1055 418 1205 467 lintea,
1238 418 1412 476 quando

242 499 385 543 Padus
414 499 567 543 Matina
595 499 745 543 laverit
773 499 995 543 cacumina
1012 534 1021 549 ,

187 581 233 622 In
262 593 381 623 mare
411 593 489 623 seu
519 579 663 623 celsus
691 579 956 637 procurrerit
984 580 1251 637 Apenninus,

242 661 449 718 Novaque
479 666 668 703 monstra
699 660 881 703 iunxerit
909 659 1085 703 libidine

1518 662 1572 702 30

186 741 317 784 Mirus
346 754 484 790 amor,
519 741 634 784 iuvet
662 748 707 782 ut
736 741 867 798 tigres
897 739 1124 784 subsidere
1159 742 1320 791 cervis,

215 884 271 916 25.
295 884 482 916 nidoronms
503 885 540 916 T.
568 903 605 907 -
629 887 788 917 renerent
808 885 845 916 T.
884 902 920 907 -
946 884 1001 916 27.
1025 884 1127 916 lintea
1149 893 1220 916 om.
1246 885 1284 917 Τ.
1313 903 1348 908 -
1372 886 1427 918 29.
1447 895 1530 927 pro-

172 933 303 974 nuper-it
323 933 347 966 F
370 928 420 966 ex'
437 932 548 966 Codd.
575 934 702 974 (Nostri
716 959 724 973 ‚
748 932 918 973 Bentleii,
944 934 1097 966 Pott-ierii
1116 934 1355 976 procur-rme.)

173 1056 291 1090 25-28.
325 1055 416 1089 «Sed
441 1057 649 1099 priusquam
672 1056 825 1090 classem

131 1105 414 1140 conscendamus
423 1131 432 1146 ‚
453 1106 490 1138 in
503 1106 594 1138 haec
607 1105 719 1139 verba
734 1106 827 1138 iure·

131 1164 228 1189 mus:
253 1156 343 1188 ‘rum
365 1154 513 1188 demum
534 1155 652 1188 redire
675 1157 824 1188 Romam

130 1204 235 1238 nobis
254 1203 378 1243 liceat,
403 1212 487 1236 cum
500 1212 586 1236 saxa
602 1204 647 1237 ab
663 1205 735 1237 imo
751 1214 826 1237 ma-

130 1254 179 1287 ris
208 1253 316 1287 fundo
345 1261 470 1286 rursus
501 1255 752 1287 emerserint.»
785 1272 822 1277 -

129 1303 229 1345 ma]
251 1303 435 1345 proprium
458 1302 582 1336 fuisset
594 1312 707 1335 massa
727 1303 823 1344 ferri,

128 1350 274 1399 μύδρος
294 1349 482 1398 σιδήρεος.
507 1352 676 1385 Herodot.
701 1352 724 1384 l.
742 1351 765 1384 l.
786 1371 822 1375 —

129 1401 273 1436 Fundus
285 1402 413 1434 harum
429 1402 734 1443 comparationum
746 1397 824 1433 ἀπὸ

130 1444 199 1484 ro&
235 1447 426 1484 ἀδυνάτου
464 1452 520 1483 est
551 1450 692 1483 Achillis
729 1451 826 1483 iura-

130 1502 292 1533 mentum
323 1499 421 1532 Iliad.
445 1509 488 1539 α,
514 1499 604 1539 234.,
640 1501 725 1532 item
758 1501 826 1532 Ar-

130 1548 281 1582 chilochi
303 1550 358 1582 Fr.
377 1549 431 1581 69.
447 1550 562 1590 Bergk
583 1558 619 1591 p.
638 1548 721 1582 482:
748 1560 826 1591 μη-

130 1596 209 1640 δεὶς
243 1594 299 1631 ἔθ’
331 1594 441 1640 ὑμῶν
475 1596 636 1644 εἰσορῶν
670 1598 825 1640 θαυμα-

129 1649 241 1690 ζέτω,
264 1645 361 1691 Μηδ’
385 1646 431 1679 ἵν’
454 1643 504 1679 ἄν
533 1645 684 1687 δελφῖσι
707 1646 825 1693 θῆρες

131 1693 444 1740 ἀνταμείψωνται
488 1694 612 1739 νομὸν
652 1693 825 1730 Ἐνάλιον

131 1748 198 1780 καί
218 1757 313 1787 σφιν
334 1743 538 1789 θαλάσσης
568 1742 731 1789 ἧχέεντα
755 1744 826 1780 κύ-

129 1805 235 1839 ματα
268 1795 409 1842 Φὶλτερ’
446 1792 605 1842 ἠπείρου
646 1797 800 1839 γένηται
813 1821 823 1837 ,

130 1849 232 1878 τοῖσι
245 1843 277 1877 δ’
294 1840 452 1888 ῆλύγιον
467 1841 570 1891 ὄρος.
589 1845 691 1886 (Alias
707 1846 827 1878 huius-

130 1894 228 1927 modi
243 1895 526 1936 comparationes
542 1896 700 1936 reperies
716 1896 824 1927 etiam

131 1943 226 1986 apud
243 1944 391 1976 Theocr.
417 1944 431 1975 4
448 1968 456 1983 ,
479 1943 554 1975 432.
579 1944 672 1984 Virg.
693 1944 765 1976 Ecl.
785 1945 822 1983 4,

131 1994 184 2026 60.
228 1992 327 2025 Ovid.
356 1992 456 2024 Trist.
491 1992 503 2023 4
523 2018 529 2031 ,
566 1993 606 2032 8,
643 1994 673 2024 4.
688 2018 695 2031 ,
735 2002 825 2034 quas

71 2059 78 2063 -
130 2050 255 2074 omnes
278 2041 387 2073 Ovidii
418 2040 502 2073 ibid.
538 2050 646 2075 versu
666 2042 699 2074 5.
725 2050 826 2074 oom—

130 2090 235 2133 plecti
267 2099 476 2133 possumus:
527 2091 647 2123 onmia
682 2095 826 2123 naturae

126 2143 344 2181 praepostera
365 2140 490 2181 leyilms
510 2140 630 2182 ibunt.)
658 2141 826 2173 Ceterum

132 2188 271 2222 iuvenili
286 2189 421 2222 ardore
443 2189 612 2231 abreptus
635 2190 737 2222 nimis
760 2189 828 2221 for-

132 2240 226 2271 tasse
249 2239 284 2270 in
304 2238 359 2271 his
377 2238 588 2280 imaginibus
604 2238 826 2271 cumulandis

131 2286 324 2319 luxuriatus
357 2288 412 2320 est
432 2289 550 2329 poeta.
585 2304 620 2310 —
658 2289 826 2320 Matina-

132 2336 318 2376 cac-mnino]
342 2337 490 2369 Matinus
512 2345 616 2369 mons
641 2337 714 2369 sive
741 2345 827 2378 pro-

133 2385 345 2417 montorium
369 2386 404 2417 in
426 2384 567 2427 Apulia,
597 2395 708 2427 prope
732 2386 827 2418 radi-

133 2442 194 2466 ces
227 2434 373 2474 Gargani
401 2435 549 2472 montis,
583 2434 689 2466 hodie
722 2436 827 2467 Maci-

132 2486 227 2515 nata.
253 2483 323 2516 Cfr.
349 2483 412 2515 Od.
440 2484 478 2522 4,
504 2484 564 2522 28,
589 2483 621 2516 3.
647 2483 766 2523 ocii,
791 2484 824 2522 2,

134 2532 187 2563 27.
213 2532 342 2564 Lucan.
366 2532 404 2571 9,
431 2531 512 2564 484:
541 2535 572 2564 et
592 2532 692 2564 calidi
721 2532 827 2564 lucent

134 2579 259 2612 bia-‘reta
273 2581 408 2619 Matini,
427 2580 487 2612 ubi
503 2589 615 2614 verss.
632 2581 824 2622 praecedd.

138 2631 355 2662 memoratur
375 2630 511 2670 Apulm,
527 2647 542 2654 -
555 2647 571 2653 -
585 2630 683 2662 simul
696 2634 726 2662 et
742 2631 830 2663 Gar-

874 1065 999 1102 ganus.
1025 1056 1088 1089 Alii
1104 1056 1196 1090 male
1213 1057 1396 1091 Calabriae
1411 1061 1572 1098 montem

875 1114 955 1138 esse
979 1107 1111 1148 opinati
1141 1108 1233 1139 sunt.
1274 1107 1345 1140 Cfr.
1379 1108 1571 1141 Romanelli

876 1155 1073 1198 Topoqrafia
1095 1157 1136 1188 ΙΙ.
1153 1164 1189 1197 p.
1206 1156 1271 1189 209
1294 1165 1397 1198 seqq.

917 1205 960 1236 29
972 1204 1057 1252 234.
1092 1206 1131 1237 In
1153 1206 1258 1246 mare]
1283 1206 1339 1237 «Si
1366 1207 1572 1248 Apenninus

875 1263 977 1287 mons
1027 1254 1184 1287 mediam
1231 1254 1367 1287 Italiam
1410 1255 1572 1289 dividens

874 1303 990 1336 subito
1014 1304 1122 1336 maris
1150 1305 1431 1345 promontorium
1458 1305 1572 1338 factus

875 1353 974 1385 erit.»
1002 1371 1038 1376 —
1061 1354 1259 1393 Pron-aperit
1284 1354 1417 1386 rectius
1440 1353 1571 1387 dixeris

874 1402 919 1434 de
942 1402 1105 1441 flumine,
1134 1403 1346 1443 procurrerit
1366 1403 1411 1435 de
1435 1405 1569 1436 moute.

875 1451 972 1483 Ovid.
992 1452 1083 1484 Fast.
1102 1451 1139 1490 4,
1158 1451 1239 1484 4⁴9:
1267 1452 1370 1484 Terra
1383 1452 1489 1484 tribus
1502 1461 1573 1485 sco-

869 1501 961 1540 pulis
975 1504 1107 1532 vastum
1119 1502 1294 1540 procurrit
1308 1502 1343 1533 in
1359 1511 1487 1542 aequor
1502 1503 1573 1534 Tri-

873 1549 997 1581 nacris.
1022 1550 1130 1582 Tacit.
1148 1551 1262 1591 Agric.
1282 1551 1342 1583 u:
1364 1560 1572 1591 procurren-

874 1599 959 1631 tibus
972 1600 1007 1631 in
1023 1599 1155 1631 dwersa
1169 1601 1277 1631 terris.
1304 1601 1443 1642 Longus
1457 1602 1491 1640 2,
1507 1602 1568 1634 25:

873 1643 995 1694 ἄκρας
1009 1646 1319 1691 ἐπεμβαινοὺσης
1332 1648 1384 1692 τῷ
1403 1647 1570 1693 πελάγει.

876 1699 939 1729 «Se
970 1698 1272 1739 praecipitaverit»
1298 1707 1381 1731 cum
1409 1698 1484 1731 aliis
1506 1708 1572 1732 nos

875 1745 1049 1788 explicare
1077 1755 1148 1779 non
1178 1756 1381 1788 possumus.
1431 1749 1482 1780 Tu
1505 1748 1568 1781 cfr.

875 1796 1004 1828 Lucani
1022 1795 1060 1835 4,
1078 1795 1160 1828 405:
1185 1797 1230 1828 Et
1250 1797 1395 1836 tepidum
1410 1798 1444 1829 in
1458 1798 1572 1830 molles

872 1845 1036 1885 Zephyros
1050 1846 1201 1876 enom-rit
1214 1846 1324 1878 Iader.
1342 1846 1374 1885 8,
1389 1847 1470 1879 538:
1495 1848 1572 1879 Per-

870 1895 942 1936 fida
958 1903 1027 1934 qua
1046 1894 1141 1926 tellus
1154 1894 1260 1926 Casiis
1272 1896 1424 1927 eveum-it
1445 1897 1568 1929 arenis.

877 1961 913 1966 —-
948 1944 1046 1975 Nova
1069 1961 1089 1966 -
1114 1961 1134 1966 -
1156 1943 1305 1984 libidine]
1349 1945 1399 1977 «si
1432 1945 1572 1978 inaudi-

874 1994 930 2024 tae
947 2001 990 2024 ac
1011 1993 1238 2034 portentosae
1263 1992 1426 2026 libidines
1449 1995 1571 2028 iunxe-

872 2042 942 2073 rint
965 2040 1127 2073 animalia
1151 2041 1302 2083 disparia
1315 2067 1322 2081 ,
1348 2042 1384 2074 id
1399 2043 1496 2083 quod
1510 2053 1571 2076 ve-

872 2089 935 2122 luti
950 2091 1149 2122 monstrum
1160 2092 1255 2122 esset
1270 2091 1568 2132 procurandum.»

877 2157 912 2162 —
926 2138 1101 2178 subsidere]
1119 2139 1216 2170 «iniri
1239 2148 1278 2172 se
1295 2141 1438 2181 cupiant
1452 2150 1473 2172 a
1489 2150 1570 2173 cer-

874 2188 961 2220 vis.»
987 2188 1056 2220 Csr.
1074 2189 1212 2220 Lucret.
1226 2188 1258 2228 4,
1278 2189 1373 2221 4494.
1390 2190 1567 2231 Aristoph.

874 2239 954 2269 Pac.
978 2246 1012 2268 v.
1039 2237 1134 2269 ⁴075.
1160 2237 1340 2270 Hierocles
1361 2240 1481 2271 vates:
1515 2234 1569 2271 Οὐ

874 2283 947 2332 γάρ
977 2294 1035 2318 πω
1064 2283 1165 2319 τοῦτ’
1187 2286 1268 2319 ἐστὶ
1291 2286 1406 2327 φίλον
1439 2285 1571 2330 μακά·

874 2345 984 2381 ρεσσι
1005 2334 1173 2375 θεοῖσιν,
1208 2333 1421 2378 Φυλόπιδος
1443 2335 1568 2380 λῆξαι,

875 2386 962 2431 πρίν
984 2395 1050 2417 κεν
1073 2383 1190 2426 λύκος
1212 2383 1273 2418 οἶν
1289 2383 1477 2428 ὑμεναιοῖ.
1513 2389 1570 2420 Sic

874 2435 1045 2467 succedere
1066 2435 1159 2476 apud
1184 2436 1338 2468 Gratium
1361 2446 1395 2467 v.
1423 2436 1496 2469 ⁴64.
1523 2437 1568 2468 de

877 2484 970 2515 coitu
993 2485 1090 2516 canis
1114 2484 1299 2524 Hyrcanae
1323 2493 1406 2516 cum
1429 2486 1565 2526 tigride:

878 2533 965 2564 Tunc
994 2537 1025 2564 et
1052 2533 1232 2565 mansuetis
1260 2537 1330 2565 tuto
1357 2533 1449 2575 serus
1477 2538 1570 2567 errat

876 2581 1006 2614 adulter
1034 2582 1074 2614 In
1095 2582 1231 2614 stabulis
1250 2583 1403 2623 ultroque
1431 2592 1570 2625 qravem

876 2631 1046 2664 succedere
1067 2631 1180 2673 timim
1212 2632 1302 2664 Ausa
1323 2633 1416 2664 canis
1442 2633 1570 2666 maiore
