1722 2904
199 61 280 102 650

738 65 907 98 HORATII
934 65 1104 99 EPODON

713 374 1141 415 efflu-

424 488 579 530 Beatus
612 487 700 536 ille,
734 488 808 544 qui
840 487 991 544 procul
1023 488 1230 544 negotiis,

480 568 531 611 Ut
561 568 702 624 prisca
733 581 838 624 gens
868 567 1139 619 mortalium,

421 651 602 692 Paterna
633 664 731 691 rura
764 649 904 692 bobus
935 657 1107 693 exercet
1137 650 1271 698 suis„

479 730 651 773 Solutus
683 731 798 773 omni
829 730 976 774 fenore
991 766 998 781 ‚

282 851 322 882 11.
349 851 458 882 Inscr.
484 849 575 892 volg.
599 850 704 892 Alfius
726 849 783 882 vel
807 851 924 883 Oratio
946 851 1034 893 Alfii.
1064 870 1100 874 -
1131 851 1239 884 Vitam
1262 852 1494 893 ayricolanam
1515 863 1605 887 sum-

242 909 300 932 ma
322 901 564 941 tranquillitate
586 910 701 933 rerwm
723 904 927 934 emoruatam
945 902 1158 942 persequitur
1179 902 1218 935 B.
1253 921 1288 925 —
1329 903 1497 936 Laudatio
1517 905 1607 937 vitae

238 951 384 983 rusticae
406 959 436 982 e.
465 968 503 973 —
530 950 561 983 3.
587 951 690 983 bubus
712 950 813 991 Sd,L.

239 1057 278 1087 ΙΙ.
315 1055 454 1088 Inducit
475 1054 625 1096 Alfium,
657 1055 896 1089 feneratorem

195 1105 408 1138 ditissimum
433 1105 544 1146 (cuius
571 1106 790 1138 mentionem
813 1105 898 1138 facit

195 1155 301 1187 etiam
326 1154 519 1188 Columella
542 1155 577 1195 4,
596 1155 633 1195 7,
652 1156 691 1187 2:
731 1156 786 1188 Vel
807 1156 896 1196 opti-—

193 1214 251 1237 ma
298 1205 436 1237 nomina
478 1214 543 1237 non
586 1206 786 1245 appellando
821 1206 896 1248 fieri

192 1255 286 1287 mala
306 1255 478 1296 fenerator
497 1254 604 1297 Alfius
635 1256 759 1288 dimisse
788 1256 896 1288 veris-

193 1306 273 1337 sime
293 1302 412 1346 fertur.
416 1304 449 1346 ),
486 1306 617 1347 optima
648 1305 718 1338 fide
751 1305 896 1348 praedi-

195 1356 337 1387 cantem
368 1354 640 1387 innumerabilia
670 1356 763 1388 vitae
788 1355 895 1388 rusti-

194 1414 256 1437 cae
273 1404 401 1446 gaudia
415 1413 458 1436 ac
474 1403 619 1438 delicias
634 1415 641 1443 3
668 1406 819 1447 optima,
844 1406 897 1437 in-

194 1463 315 1495 quam,
334 1454 423 1493 fide;
442 1463 526 1486 nam
541 1455 576 1486 in
592 1453 736 1495 singulis
749 1455 895 1496 quidem

195 1504 380 1537 sententiis
405 1503 499 1536 nulla
523 1505 615 1537 inest
637 1505 832 1550 εἰρωνεία,
857 1507 897 1537 ut

193 1556 290 1586 ratus
315 1555 370 1587 est
392 1563 573 1587 nonnemo
596 1555 726 1596 partim
748 1556 896 1596 propter

192 1613 226 1635 v.
246 1603 298 1636 48.
316 1629 324 1644 ,
363 1604 494 1645 partim
516 1605 665 1646 propter
688 1603 894 1645 frugalitatis

192 1653 317 1686 laudes
351 1663 409 1686 vv.
435 1653 488 1686 49.
527 1663 640 1695 usque
669 1654 715 1686 ad
741 1664 775 1686 v.
812 1654 866 1686 60.
884 1679 891 1693 ‚

193 1712 282 1744 quas
307 1703 496 1735 feneratori
528 1704 645 1736 minus
676 1705 894 1736 convenien-

194 1755 247 1785 tes
281 1752 439 1785 rebatur.
501 1752 550 1794 (ld
590 1762 701 1786 unum
743 1753 893 1786 fortasse

194 1802 343 1834 concedi
363 1804 513 1844 poterat,
538 1801 707 1835 blandam
731 1812 817 1836 sane
841 1803 894 1835 fe-

194 1853 348 1884 neratori
378 1852 453 1884 ditis
483 1853 599 1884 domm
628 1861 662 1885 v,
688 1853 742 1885 65.
769 1853 894 1894 imagi-

195 1911 278 1934 nem
302 1902 396 1933 haud
420 1903 564 1934 omnino
588 1903 760 1948 εἰρωνείᾳ
783 1902 894 1935 desti-

195 1953 307 1984 tutam
331 1960 429 1991 esse,
455 1953 521 1984 etsi
543 1952 612 1984 hoc
635 1961 779 1993 quoque
803 1961 895 1993 opu-

195 2000 361 2034 lentiores
410 2002 543 2043 quique
588 2002 710 2035 rustici
746 2001 895 2035 Romani

195 2051 305 2083 libere
329 2061 371 2084 ac
401 2052 476 2084 sine
501 2052 668 2084 avaritiae
692 2052 892 2093 suspicione

193 2101 423 2142 pronuntiare
436 2102 624 2142 poterant.)
641 2102 774 2134 Verum
791 2101 895 2146 εἰρω-

194 2150 276 2183 νεία
299 2151 465 2191 quattuor
487 2150 635 2183 demum
663 2150 793 2184 ultimis
815 2159 896 2182 ver-

195 2199 313 2233 siculis
345 2200 468 2233 festive
503 2201 698 2233 admodum
729 2201 766 2233 et
787 2196 893 2246 παρὰ

195 2248 430 2295 προσδοκίαν
452 2251 653 2292 prorumpit
672 2259 809 2292 nosque
827 2250 893 2282 do-

195 2301 252 2331 cet
285 2300 319 2331 in
355 2309 398 2332 eo
433 2309 504 2332 uno
539 2299 743 2333 elaborasse
779 2301 893 2332 Hora—

195 2350 298 2389 tium⁷
336 2351 375 2382 ut
402 2350 582 2383 hominem
614 2349 670 2383 vel
700 2351 893 2382 etiamtunc

196 2399 373 2431 viventem
390 2398 446 2431 vel
463 2408 506 2431 ex
521 2401 676 2432 recentis
696 2400 892 2432 memoriae

196 2449 439 2480 recordatione
472 2449 637 2482 omnibus
662 2450 746 2482 satis
769 2451 892 2481 notum

196 2497 382 2530 ridiculum
411 2498 588 2530 redderet.
630 2499 784 2539 Etenim,
811 2507 892 2531 cum

198 2548 339 2580 iamiam
363 2549 397 2580 in
421 2557 464 2580 eo
488 2550 602 2587 esset,
628 2550 667 2580 ut
690 2550 742 2580 tot
764 2550 894 2581 tantas-

199 2606 267 2637 que
302 2597 501 2639 voluptates
547 2593 637 2636 facili
679 2606 787 2639 opera
826 2597 892 2630 sibi

198 2649 357 2688 pararet,
382 2646 475 2679 velut
500 2647 643 2686 invitus,
678 2647 741 2679 sed
766 2655 893 2680 neces-

948 1056 1100 1090 situdine
1124 1057 1281 1099 quadam
1302 1057 1430 1092 indolis
1452 1067 1539 1093 suae
1562 1067 1648 1092 coa-

947 1108 1026 1139 ctus
1038 1132 1046 1146 ,
1072 1106 1163 1141 illico
1178 1107 1223 1140 ad
1238 1108 1424 1150 pristinam
1446 1108 1535 1142 lucri
1550 1110 1648 1152 cupi·

946 1155 1094 1188 ditatem
1109 1156 1204 1189 redit
1223 1156 1415 1191 fenerator.
1458 1159 1648 1193 «Naturam

944 1206 1092 1246 capellas
1100 1206 1213 1247 furca,
1227 1209 1339 1240 tmen
1348 1216 1452 1247 usque
1460 1211 1622 1241 reem-ret.
1628 1219 1645 1238 a

944 1255 1069 1287 Audivi
1111 1254 1317 1297 aliquando,
1368 1257 1429 1298 qui
1466 1256 1646 1299 epilogum

945 1303 1043 1337 illum
1074 1313 1095 1337 a
1124 1306 1231 1347 poeta
1259 1305 1420 1339 additum
1443 1315 1550 1348 aegre
1574 1307 1647 1341 fer-

946 1356 1018 1394 ret,
1044 1355 1134 1387 miro
1157 1356 1280 1397 utique
1305 1356 1459 1396 iudicio;
1495 1365 1578 1390 nam
1601 1365 1646 1390 eo

944 1405 1086 1437 resecto
1120 1413 1192 1438 non
1225 1405 1445 1439 haberemus
1474 1407 1540 1439 nisi
1569 1405 1646 1439 lau-

947 1454 1032 1487 dum
1048 1455 1142 1487 vitae
1158 1454 1314 1487 rusticae
1336 1455 1646 1498 amplificationem

946 1504 1160 1536 rhetoricam
1174 1530 1182 1544 ,
1220 1505 1296 1538 sine
1325 1504 1471 1538 consIlio
1505 1514 1548 1538 ac
1574 1505 1644 1539 fine

945 1554 1189 1594 decantatam,
1215 1555 1380 1587 Vanierio
1402 1564 1446 1588 ac
1469 1556 1646 1589 Gessuero

945 1612 1031 1636 sane
1056 1612 1164 1645 quam
1189 1604 1332 1636 Horatio
1366 1604 1576 1645 digniorem.
1605 1623 1641 1628 -

944 1653 1103 1686 Imitatus
1137 1662 1218 1686 esse
1241 1654 1311 1686 hoc
1334 1662 1480 1686 carmen
1503 1653 1645 1688 videtur

945 1703 1109 1737 Martialis
1124 1703 1157 1743 3,
1174 1703 1228 1736 58.
1246 1704 1434 1746 (Scriptum
1448 1705 1548 1746 putat
1559 1705 1646 1738 Gro—

945 1753 1065 1786 teiend
1077 1762 1109 1786 a.
1120 1763 1155 1786 u.
1172 1754 1263 1794 749„
1278 1754 1414 1786 Franke
1426 1762 1459 1786 a.
1471 1763 1507 1787 u.
1518 1763 1550 1787 c.
1564 1753 1640 1788 724.

944 1803 1160 1836 Lachmanni
1186 1804 1399 1837 sententiam
1424 1804 1585 1846 excerpsi
1608 1804 1643 1837 in

944 1853 1103 1886 Excursu
1127 1852 1168 1893 1.)

988 1901 1083 1935 4-4.
1107 1902 1258 1944 negotiis]
1291 1903 1448 1935 «cunctis
1470 1903 1564 1936 vitae
1586 1912 1644 1936 ur-

943 1951 1060 1984 banae
1076 1951 1286 1992 molestiis»,
1310 1951 1526 1994 quibuscum
1541 1961 1643 1986 eom-

943 2003 1108 2044 paratum
1131 2002 1371 2043 gratissimum
1386 2002 1520 2035 exsistit
1534 2011 1642 2036 omne

944 2060 1035 2094 opus
1079 2051 1262 2084 rusticum.
1305 2070 1342 2075 —
1383 2052 1502 2093 prisea
1544 2051 1640 2094 qens]

943 2110 1050 2134 aurea
1075 2100 1130 2134 illa
1154 2103 1264 2134 aetas.
1295 2120 1332 2125 —
1367 2103 1514 2135 Paterna
1539 2102 1638 2142 rura]

945 2160 1064 2192 «quae
1118 2160 1190 2184 non
1242 2151 1481 2193 emptionibus
1537 2153 1640 2184 aucta

943 2201 1042 2241 sunt,
1089 2200 1153 2233 sed
1190 2210 1208 2232 a
1242 2202 1343 2243 patre
1379 2202 1416 2233 et
1447 2200 1641 2234 maioribus

943 2251 1140 2284 hereditate
1174 2251 1268 2284 beato
1301 2250 1348 2284 illi
1378 2250 1539 2283 tradita.»
1585 2251 1642 2283 Sic
1707 2254 1711 2261 “

947 2301 1042 2342 apud
1081 2300 1311 2334 Columellam
1349 2300 1461 2333 Praei.
1504 2300 1540 2340 t,
1577 2299 1637 2332 43:

944 2351 1172 2383 Cincinnatus
1211 2351 1256 2383 ad
1293 2353 1452 2391 quattuor
1487 2349 1642 2391 inam

943 2400 1069 2432 avitum
1113 2400 1315 2432 herediolum
1357 2399 1413 2440 (ex
1455 2398 1638 2439 dictatura)

943 2449 1058 2482 rediit.
1094 2466 1131 2472 —
1169 2449 1317 2490 exercet]
1354 2447 1524 2489 «subigit,
1550 2449 1637 2488 arat,

944 2498 1095 2540 propriis
1114 2499 1233 2530 tamen
1248 2497 1366 2530 bobus
1378 2523 1386 2538 ‚
1411 2505 1482 2529 non
1498 2495 1638 2528 aliunde

944 2547 1162 2580 conductis.»
1185 2547 1279 2588 Virg.
1299 2548 1358 2579 Ge.
1379 2546 1414 2586 i,
1433 2545 1494 2578 99:
1526 2545 1639 2577 Exer-

942 2601 1054 2638 cetque
1082 2597 1236 2638 frequens
1265 2596 1413 2628 tellurem
1443 2597 1542 2635 atque
1573 2595 1638 2626 im-

939 2650 1038 2688 pera!
1055 2646 1155 2679 arvis.
1181 2645 1233 2679 lb.
1252 2646 1290 2685 2,
1309 2645 1392 2678 356:
1414 2652 1528 2685 presso
1543 2651 1639 2676 eaeer-
1699 2646 1709 2674 Ἀ

1699 2675 1709 2738 {l
