<?xml version="1.0" encoding="UTF-8"?>
<!DOCTYPE html PUBLIC "-//W3C//DTD XHTML 1.0 Transitional//EN"
    "http://www.w3.org/TR/xhtml1/DTD/xhtml1-transitional.dtd">
<html xmlns="http://www.w3.org/1999/xhtml" xml:lang="en" lang="en">
 <head>
  <title>
</title>
<meta http-equiv="Content-Type" content="text/html;charset=utf-8" />
  <meta name='ocr-system' content='tesseract 3.04.00' />
  <meta name='ocr-capabilities' content='ocr_page ocr_carea ocr_par ocr_line ocrx_word'/>
</head>
<body>
  <div class='ocr_page' id='page_1' title='image "./qhoratiusflaccus12horauoft_0518.png"; bbox 0 0 1722 2904; ppageno 0'>
   <div class='ocr_carea' id='block_1_1' title="bbox 179 79 1113 120">
    <p class='ocr_par' dir='ltr' id='par_1_1' title="bbox 179 79 1113 120">
     <span class='ocr_line' id='line_1_1' title="bbox 179 79 1113 120; baseline -0.006 -2"><span class='ocrx_word' id='word_1_1' title='bbox 179 79 262 120; x_wconf 80' lang='lat'>588</span> <span class='ocrx_word' id='word_1_2' title='bbox 691 80 862 112; x_wconf 82' lang='lat' dir='ltr'>HoRATu</span> <span class='ocrx_word' id='word_1_3' title='bbox 887 80 1113 114; x_wconf 81' lang='lat' dir='ltr'>CARMlNUM</span> 
     </span>
    </p>
   </div>
   <div class='ocr_carea' id='block_1_2' title="bbox 463 183 1244 241">
    <p class='ocr_par' dir='ltr' id='par_1_2' title="bbox 463 183 1244 241">
     <span class='ocr_line' id='line_1_2' title="bbox 463 183 1244 241; baseline -0.001 -15"><span class='ocrx_word' id='word_1_4' title='bbox 463 183 784 241; x_wconf 84' lang='lat' dir='ltr'>Stesichorique</span> <span class='ocrx_word' id='word_1_5' title='bbox 817 197 970 240; x_wconf 84' lang='lat' dir='ltr'>graves</span> <span class='ocrx_word' id='word_1_6' title='bbox 1002 184 1244 234; x_wconf 76' lang='lat' dir='ltr'>Camenae3</span> 
     </span>
    </p>
   </div>
   <div class='ocr_carea' id='block_1_3' title="bbox 347 288 1205 508">
    <p class='ocr_par' dir='ltr' id='par_1_3' title="bbox 347 288 1205 508">
     <span class='ocr_line' id='line_1_3' title="bbox 347 288 1205 346; baseline -0.003 -13"><span class='ocrx_word' id='word_1_7' title='bbox 347 291 461 340; x_wconf 91' lang='lat' dir='ltr'>Nec,</span> <span class='ocrx_word' id='word_1_8' title='bbox 495 290 530 332; x_wconf 89' lang='lat' dir='ltr'>si</span> <span class='ocrx_word' id='word_1_9' title='bbox 561 289 666 346; x_wconf 90' lang='lat' dir='ltr'>quid</span> <span class='ocrx_word' id='word_1_10' title='bbox 696 288 797 332; x_wconf 91' lang='lat' dir='ltr'>olim</span> <span class='ocrx_word' id='word_1_11' title='bbox 827 288 928 331; x_wconf 88' lang='lat' dir='ltr'>lusit</span> <span class='ocrx_word' id='word_1_12' title='bbox 956 289 1205 337; x_wconf 85' lang='lat' dir='ltr'>Anacreon,</span> 
     </span>
     <span class='ocr_line' id='line_1_4' title="bbox 347 368 1179 427; baseline -0.001 -14"><span class='ocrx_word' id='word_1_13' title='bbox 347 370 515 414; x_wconf 91' lang='lat' dir='ltr'>Delevit</span> <span class='ocrx_word' id='word_1_14' title='bbox 544 377 689 422; x_wconf 72' lang='lat' dir='ltr'>aetas,</span> <span class='ocrx_word' id='word_1_15' title='bbox 723 370 856 427; x_wconf 86' lang='lat' dir='ltr'>spirat</span> <span class='ocrx_word' id='word_1_16' title='bbox 886 368 1027 412; x_wconf 90' lang='lat' dir='ltr'>adhuc</span> <span class='ocrx_word' id='word_1_17' title='bbox 1058 383 1179 412; x_wconf 91' lang='lat' dir='ltr'>amor</span> 
     </span>
     <span class='ocr_line' id='line_1_5' title="bbox 402 449 1090 508; baseline -0.003 -14"><span class='ocrx_word' id='word_1_18' title='bbox 402 452 642 508; x_wconf 86' lang='lat' dir='ltr'>Vivuntque</span> <span class='ocrx_word' id='word_1_19' title='bbox 673 450 890 494; x_wconf 87' lang='lat' dir='ltr'>commissi</span> <span class='ocrx_word' id='word_1_20' title='bbox 922 449 1090 493; x_wconf 88' lang='lat' dir='ltr'>calores</span> 
     </span>
    </p>
   </div>
   <div class='ocr_carea' id='block_1_4' title="bbox 1578 369 1630 412">
    <p class='ocr_par' dir='ltr' id='par_1_4' title="bbox 1578 369 1630 412">
     <span class='ocr_line' id='line_1_6' title="bbox 1578 369 1630 412; baseline -0.019 0"><span class='ocrx_word' id='word_1_21' title='bbox 1578 369 1630 412; x_wconf 69' lang='lat'>40</span> 
     </span>
    </p>
   </div>
   <div class='ocr_carea' id='block_1_5' title="bbox 460 530 1036 588">
    <p class='ocr_par' dir='ltr' id='par_1_5' title="bbox 460 530 1036 588">
     <span class='ocr_line' id='line_1_7' title="bbox 460 530 1036 588; baseline -0.002 -13"><span class='ocrx_word' id='word_1_22' title='bbox 460 532 632 576; x_wconf 87' lang='lat' dir='ltr'>Aeoliae</span> <span class='ocrx_word' id='word_1_23' title='bbox 662 531 820 574; x_wconf 89' lang='lat' dir='ltr'>fidibus</span> <span class='ocrx_word' id='word_1_24' title='bbox 853 530 1036 588; x_wconf 91' lang='lat' dir='ltr'>puellae.</span> 
     </span>
    </p>
   </div>
   <div class='ocr_carea' id='block_1_6' title="bbox 346 636 1132 694">
    <p class='ocr_par' dir='ltr' id='par_1_6' title="bbox 346 636 1132 694">
     <span class='ocr_line' id='line_1_8' title="bbox 346 636 1132 694; baseline -0.005 -12"><span class='ocrx_word' id='word_1_25' title='bbox 346 640 438 682; x_wconf 87' lang='lat' dir='ltr'>Non</span> <span class='ocrx_word' id='word_1_26' title='bbox 469 637 561 680; x_wconf 90' lang='lat' dir='ltr'>sola</span> <span class='ocrx_word' id='word_1_27' title='bbox 591 643 786 694; x_wconf 90' lang='lat' dir='ltr'>comptos</span> <span class='ocrx_word' id='word_1_28' title='bbox 817 637 920 679; x_wconf 84' lang='lat' dir='ltr'>arsit</span> <span class='ocrx_word' id='word_1_29' title='bbox 950 636 1132 680; x_wconf 87' lang='lat' dir='ltr'>adulteri</span> 
     </span>
    </p>
   </div>
   <div class='ocr_carea' id='block_1_7' title="bbox 351 717 1162 763">
    <p class='ocr_par' dir='ltr' id='par_1_7' title="bbox 351 717 1162 763">
     <span class='ocr_line' id='line_1_9' title="bbox 351 717 1162 763; baseline -0.002 -1"><span class='ocrx_word' id='word_1_30' title='bbox 351 720 501 763; x_wconf 89' lang='lat' dir='ltr'>Crines</span> <span class='ocrx_word' id='word_1_31' title='bbox 533 726 575 762; x_wconf 90' lang='lat' dir='ltr'>et</span> <span class='ocrx_word' id='word_1_32' title='bbox 605 732 758 761; x_wconf 88' lang='lat' dir='ltr'>aurum</span> <span class='ocrx_word' id='word_1_33' title='bbox 787 717 980 761; x_wconf 87' lang='lat' dir='ltr'>vestibus</span> <span class='ocrx_word' id='word_1_34' title='bbox 1012 717 1162 760; x_wconf 84' lang='lat' dir='ltr'>illitum</span> 
     </span>
    </p>
   </div>
   <div class='ocr_carea' id='block_1_8' title="bbox 403 798 1627 856">
    <p class='ocr_par' dir='ltr' id='par_1_8' title="bbox 403 798 1627 856">
     <span class='ocr_line' id='line_1_10' title="bbox 403 798 1627 856; baseline 0.001 -14"><span class='ocrx_word' id='word_1_35' title='bbox 403 799 550 842; x_wconf 89' lang='lat' dir='ltr'>Mirata</span> <span class='ocrx_word' id='word_1_36' title='bbox 581 798 838 856; x_wconf 84' lang='lat' dir='ltr'>regalesque</span> <span class='ocrx_word' id='word_1_37' title='bbox 870 798 1008 841; x_wconf 90' lang='lat' dir='ltr'>cultus</span> <span class='ocrx_word' id='word_1_38' title='bbox 1575 801 1627 843; x_wconf 47' lang='lat'>415</span> 
     </span>
    </p>
   </div>
   <div class='ocr_carea' id='block_1_9' title="bbox 263 937 1087 978">
    <p class='ocr_par' dir='ltr' id='par_1_9' title="bbox 263 937 1087 978">
     <span class='ocr_line' id='line_1_11' title="bbox 263 937 1087 978; baseline 0 -8"><span class='ocrx_word' id='word_1_39' title='bbox 263 939 295 970; x_wconf 91' lang='lat'>8.</span> <span class='ocrx_word' id='word_1_40' title='bbox 321 938 536 971; x_wconf 85' lang='lat' dir='ltr'>Stesichorive</span> <span class='ocrx_word' id='word_1_41' title='bbox 558 938 595 969; x_wconf 90' lang='lat' dir='ltr'>B.</span> <span class='ocrx_word' id='word_1_42' title='bbox 626 955 662 960; x_wconf 98' lang='lat'><strong>—</strong></span> <span class='ocrx_word' id='word_1_43' title='bbox 690 938 742 969; x_wconf 85' lang='grc'>45.</span> <span class='ocrx_word' id='word_1_44' title='bbox 767 937 954 978; x_wconf 67' lang='lat' dir='ltr'>regalisque</span> <span class='ocrx_word' id='word_1_45' title='bbox 976 938 1087 970; x_wconf 91' lang='lat' dir='ltr'>Bth.</span> 
     </span>
    </p>
   </div>
   <div class='ocr_carea' id='block_1_10' title="bbox 164 1059 879 2688">
    <p class='ocr_par' dir='ltr' id='par_1_10' title="bbox 174 1059 878 1203">
     <span class='ocr_line' id='line_1_12' title="bbox 177 1059 878 1107; baseline -0.001 -12"><span class='ocrx_word' id='word_1_46' title='bbox 177 1063 311 1103; x_wconf 80' lang='grc' dir='ltr'><strong><em>πολιος</em></strong></span> <span class='ocrx_word' id='word_1_47' title='bbox 333 1059 403 1102; x_wconf 80' lang='grc' dir='ltr'>τᾶς</span> <span class='ocrx_word' id='word_1_48' title='bbox 424 1059 575 1103; x_wconf 82' lang='grc' dir='ltr'><em>ζαχόλω</em></span> <span class='ocrx_word' id='word_1_49' title='bbox 602 1061 669 1094; x_wconf 82' lang='grc' dir='ltr'>καὶ</span> <span class='ocrx_word' id='word_1_50' title='bbox 696 1059 878 1107; x_wconf 79' lang='grc' dir='ltr'><strong><em>βαρυδαί-</em></strong></span> 
     </span>
     <span class='ocr_line' id='line_1_13' title="bbox 174 1108 874 1157; baseline -0.003 -12"><span class='ocrx_word' id='word_1_51' title='bbox 174 1122 296 1155; x_wconf 89' lang='grc' dir='ltr'><strong><em>μονος</em></strong></span> <span class='ocrx_word' id='word_1_52' title='bbox 316 1108 553 1144; x_wconf 82' lang='grc' dir='ltr'><strong><em>Ἐστασαντο</em></strong></span> <span class='ocrx_word' id='word_1_53' title='bbox 581 1108 770 1157; x_wconf 83' lang='grc' dir='ltr'><strong><em>τύραννον</em></strong></span> <span class='ocrx_word' id='word_1_54' title='bbox 792 1111 874 1154; x_wconf 82' lang='grc' dir='ltr'>μέγ</span> 
     </span>
     <span class='ocr_line' id='line_1_14' title="bbox 175 1158 581 1203; baseline -0.005 -7"><span class='ocrx_word' id='word_1_55' title='bbox 175 1163 390 1203; x_wconf 81' lang='grc' dir='ltr'><strong><em>ἑπαινέντες</em></strong></span> <span class='ocrx_word' id='word_1_56' title='bbox 413 1158 581 1202; x_wconf 83' lang='grc' dir='ltr'><strong><em>ἀόλλεες.</em></strong></span> 
     </span>
    </p>

    <p class='ocr_par' dir='ltr' id='par_1_11' title="bbox 170 1211 879 1599">
     <span class='ocr_line' id='line_1_15' title="bbox 218 1211 873 1253; baseline -0.002 -8"><span class='ocrx_word' id='word_1_57' title='bbox 218 1213 251 1245; x_wconf 91' lang='grc'>8.</span> <span class='ocrx_word' id='word_1_58' title='bbox 283 1212 540 1253; x_wconf 78' lang='lat' dir='ltr'>Stesichorique]</span> <span class='ocrx_word' id='word_1_59' title='bbox 566 1212 650 1244; x_wconf 85' lang='lat' dir='ltr'>Stat.</span> <span class='ocrx_word' id='word_1_60' title='bbox 676 1211 756 1244; x_wconf 89' lang='lat' dir='ltr'>Silv.</span> <span class='ocrx_word' id='word_1_61' title='bbox 783 1212 821 1250; x_wconf 90' lang='lat'>5,</span> <span class='ocrx_word' id='word_1_62' title='bbox 841 1211 873 1251; x_wconf 90' lang='lat'>3,</span> 
     </span>
     <span class='ocr_line' id='line_1_16' title="bbox 177 1260 873 1303; baseline -0.001 -9"><span class='ocrx_word' id='word_1_63' title='bbox 177 1262 262 1294; x_wconf 83' lang='grc'><strong>454;</strong></span> <span class='ocrx_word' id='word_1_64' title='bbox 288 1261 556 1301; x_wconf 75' lang='lat' dir='ltr'>Stesichorusque</span> <span class='ocrx_word' id='word_1_65' title='bbox 580 1262 690 1303; x_wconf 72' lang='lat' dir='ltr'>ferox.</span> <span class='ocrx_word' id='word_1_66' title='bbox 731 1260 873 1300; x_wconf 85' lang='lat' dir='ltr'>Quintil.</span> 
     </span>
     <span class='ocr_line' id='line_1_17' title="bbox 177 1310 877 1351; baseline -0.001 -8"><span class='ocrx_word' id='word_1_67' title='bbox 177 1312 219 1343; x_wconf 92' lang='grc'>40</span> <span class='ocrx_word' id='word_1_68' title='bbox 232 1337 239 1351; x_wconf 90' lang='grc'><strong>,</strong></span> <span class='ocrx_word' id='word_1_69' title='bbox 260 1312 272 1343; x_wconf 99' lang='grc'>4</span> <span class='ocrx_word' id='word_1_70' title='bbox 291 1337 298 1351; x_wconf 89' lang='grc'><strong>,</strong></span> <span class='ocrx_word' id='word_1_71' title='bbox 318 1311 381 1343; x_wconf 73' lang='lat'>62:</span> <span class='ocrx_word' id='word_1_72' title='bbox 417 1311 573 1343; x_wconf 67' lang='lat' dir='ltr'>maxima</span> <span class='ocrx_word' id='word_1_73' title='bbox 595 1310 680 1343; x_wconf 87' lang='lat' dir='ltr'>bella</span> <span class='ocrx_word' id='word_1_74' title='bbox 703 1314 733 1343; x_wconf 87' lang='lat' dir='ltr'>et</span> <span class='ocrx_word' id='word_1_75' title='bbox 755 1311 877 1342; x_wconf 87' lang='lat' dir='ltr'>claris-</span> 
     </span>
     <span class='ocr_line' id='line_1_18' title="bbox 174 1361 879 1400; baseline -0.001 -7"><span class='ocrx_word' id='word_1_76' title='bbox 174 1362 273 1393; x_wconf 85' lang='lat' dir='ltr'>simos</span> <span class='ocrx_word' id='word_1_77' title='bbox 288 1361 416 1393; x_wconf 87' lang='lat' dir='ltr'>cecinit</span> <span class='ocrx_word' id='word_1_78' title='bbox 439 1361 536 1392; x_wconf 86' lang='lat' dir='ltr'>duces</span> <span class='ocrx_word' id='word_1_79' title='bbox 558 1363 589 1392; x_wconf 88' lang='lat' dir='ltr'>et</span> <span class='ocrx_word' id='word_1_80' title='bbox 611 1361 695 1400; x_wconf 81' lang='lat' dir='ltr'>epici</span> <span class='ocrx_word' id='word_1_81' title='bbox 718 1361 879 1392; x_wconf 85' lang='lat' dir='ltr'>carminis</span> 
     </span>
     <span class='ocr_line' id='line_1_19' title="bbox 175 1410 876 1449; baseline -0.003 -6"><span class='ocrx_word' id='word_1_82' title='bbox 175 1419 279 1443; x_wconf 78' lang='lat' dir='ltr'>onera</span> <span class='ocrx_word' id='word_1_83' title='bbox 307 1410 386 1449; x_wconf 76' lang='lat' dir='ltr'>lyra</span> <span class='ocrx_word' id='word_1_84' title='bbox 420 1410 596 1442; x_wconf 81' lang='lat' dir='ltr'>sustinuit.</span> <span class='ocrx_word' id='word_1_85' title='bbox 642 1410 759 1442; x_wconf 78' lang='lat' dir='ltr'>Reddit</span> <span class='ocrx_word' id='word_1_86' title='bbox 788 1410 876 1442; x_wconf 79' lang='lat' dir='ltr'>enim</span> 
     </span>
     <span class='ocr_line' id='line_1_20' title="bbox 170 1459 876 1501; baseline -0.001 -9"><span class='ocrx_word' id='word_1_87' title='bbox 170 1459 324 1501; x_wconf 78' lang='lat' dir='ltr'>personis</span> <span class='ocrx_word' id='word_1_88' title='bbox 353 1459 390 1491; x_wconf 78' lang='lat' dir='ltr'>in</span> <span class='ocrx_word' id='word_1_89' title='bbox 416 1460 544 1500; x_wconf 80' lang='lat' dir='ltr'>aqendo</span> <span class='ocrx_word' id='word_1_90' title='bbox 570 1459 670 1491; x_wconf 84' lang='lat' dir='ltr'>simul</span> <span class='ocrx_word' id='word_1_91' title='bbox 695 1459 876 1499; x_wconf 82' lang='lat' dir='ltr'>loquendo-</span> 
     </span>
     <span class='ocr_line' id='line_1_21' title="bbox 176 1508 876 1550; baseline -0.001 -9"><span class='ocrx_word' id='word_1_92' title='bbox 176 1518 239 1550; x_wconf 87' lang='lat' dir='ltr'>que</span> <span class='ocrx_word' id='word_1_93' title='bbox 261 1508 405 1541; x_wconf 83' lang='lat' dir='ltr'>debitam</span> <span class='ocrx_word' id='word_1_94' title='bbox 428 1509 652 1550; x_wconf 79' lang='lat' dir='ltr'>diqnitatem:</span> <span class='ocrx_word' id='word_1_95' title='bbox 672 1517 743 1550; x_wconf 89' lang='lat' dir='ltr'>quo</span> <span class='ocrx_word' id='word_1_96' title='bbox 766 1508 876 1541; x_wconf 84' lang='lat' dir='ltr'>refer-</span> 
     </span>
     <span class='ocr_line' id='line_1_22' title="bbox 174 1560 450 1599; baseline -0.004 -9"><span class='ocrx_word' id='word_1_97' title='bbox 174 1560 232 1591; x_wconf 88' lang='lat' dir='ltr'>tur</span> <span class='ocrx_word' id='word_1_98' title='bbox 257 1567 292 1590; x_wconf 88' lang='lat' dir='ltr'>v.</span> <span class='ocrx_word' id='word_1_99' title='bbox 318 1566 450 1599; x_wconf 80' lang='lat' dir='ltr'>qraves.</span> 
     </span>
    </p>

    <p class='ocr_par' dir='ltr' id='par_1_12' title="bbox 164 1606 876 2688">
     <span class='ocr_line' id='line_1_23' title="bbox 217 1606 876 1648; baseline 0 -9"><span class='ocrx_word' id='word_1_100' title='bbox 217 1608 238 1639; x_wconf 88' lang='lat'>9</span> <span class='ocrx_word' id='word_1_101' title='bbox 253 1626 273 1632; x_wconf 93' lang='lat'>-</span> <span class='ocrx_word' id='word_1_102' title='bbox 289 1608 342 1639; x_wconf 73' lang='lat'>⁴2.</span> <span class='ocrx_word' id='word_1_103' title='bbox 367 1607 560 1647; x_wconf 77' lang='lat' dir='ltr'>Anacreon]</span> <span class='ocrx_word' id='word_1_104' title='bbox 596 1607 646 1640; x_wconf 89' lang='lat' dir='ltr'>«si</span> <span class='ocrx_word' id='word_1_105' title='bbox 662 1607 748 1648; x_wconf 89' lang='lat' dir='ltr'>quid</span> <span class='ocrx_word' id='word_1_106' title='bbox 763 1606 876 1639; x_wconf 84' lang='lat' dir='ltr'>levio-</span> 
     </span>
     <span class='ocr_line' id='line_1_24' title="bbox 174 1657 876 1698; baseline -0.001 -9"><span class='ocrx_word' id='word_1_107' title='bbox 174 1658 241 1697; x_wconf 87' lang='lat' dir='ltr'>ris,</span> <span class='ocrx_word' id='word_1_108' title='bbox 285 1657 460 1698; x_wconf 89' lang='lat' dir='ltr'>imprimis</span> <span class='ocrx_word' id='word_1_109' title='bbox 489 1657 651 1689; x_wconf 89' lang='lat' dir='ltr'>amatorii</span> <span class='ocrx_word' id='word_1_110' title='bbox 678 1657 876 1698; x_wconf 84' lang='lat' dir='ltr'>argumenti</span> 
     </span>
     <span class='ocr_line' id='line_1_25' title="bbox 175 1705 876 1748; baseline -0.001 -9"><span class='ocrx_word' id='word_1_111' title='bbox 175 1707 371 1739; x_wconf 78' lang='lat' dir='ltr'>tractavit.»</span> <span class='ocrx_word' id='word_1_112' title='bbox 388 1708 535 1748; x_wconf 88' lang='lat' dir='ltr'>Propter</span> <span class='ocrx_word' id='word_1_113' title='bbox 557 1705 743 1739; x_wconf 92' lang='lat' dir='ltr'>nonnullos</span> <span class='ocrx_word' id='word_1_114' title='bbox 767 1705 876 1739; x_wconf 89' lang='lat' dir='ltr'>lecto-</span> 
     </span>
     <span class='ocr_line' id='line_1_26' title="bbox 173 1755 876 1797; baseline -0.001 -8"><span class='ocrx_word' id='word_1_115' title='bbox 173 1765 232 1789; x_wconf 88' lang='lat' dir='ltr'>res</span> <span class='ocrx_word' id='word_1_116' title='bbox 255 1755 475 1788; x_wconf 88' lang='lat' dir='ltr'>monendum</span> <span class='ocrx_word' id='word_1_117' title='bbox 498 1756 610 1795; x_wconf 77' lang='lat' dir='ltr'>daec,</span> <span class='ocrx_word' id='word_1_118' title='bbox 646 1756 757 1797; x_wconf 89' lang='lat' dir='ltr'>ipsius</span> <span class='ocrx_word' id='word_1_119' title='bbox 779 1757 876 1788; x_wconf 91' lang='lat' dir='ltr'>Ana—</span> 
     </span>
     <span class='ocr_line' id='line_1_27' title="bbox 174 1805 875 1838; baseline 0.001 -1"><span class='ocrx_word' id='word_1_120' title='bbox 174 1806 328 1838; x_wconf 88' lang='lat' dir='ltr'>creontis</span> <span class='ocrx_word' id='word_1_121' title='bbox 362 1814 423 1838; x_wconf 84' lang='lat' dir='ltr'>eas</span> <span class='ocrx_word' id='word_1_122' title='bbox 458 1805 641 1838; x_wconf 81' lang='lat' dir='ltr'>dumtaxat</span> <span class='ocrx_word' id='word_1_123' title='bbox 676 1814 756 1838; x_wconf 88' lang='lat' dir='ltr'>esse</span> <span class='ocrx_word' id='word_1_124' title='bbox 790 1805 875 1838; x_wconf 88' lang='lat' dir='ltr'>reli-</span> 
     </span>
     <span class='ocr_line' id='line_1_28' title="bbox 174 1855 870 1897; baseline 0.001 -10"><span class='ocrx_word' id='word_1_125' title='bbox 174 1856 295 1897; x_wconf 87' lang='lat' dir='ltr'>quias,</span> <span class='ocrx_word' id='word_1_126' title='bbox 332 1864 421 1896; x_wconf 92' lang='lat' dir='ltr'>quas</span> <span class='ocrx_word' id='word_1_127' title='bbox 455 1864 571 1897; x_wconf 87' lang='lat' dir='ltr'>nuper</span> <span class='ocrx_word' id='word_1_128' title='bbox 605 1855 715 1888; x_wconf 86' lang='lat' dir='ltr'>edidit</span> <span class='ocrx_word' id='word_1_129' title='bbox 737 1856 870 1889; x_wconf 90' lang='lat' dir='ltr'>Theod.</span> 
     </span>
     <span class='ocr_line' id='line_1_29' title="bbox 172 1904 870 1946; baseline 0.003 -10"><span class='ocrx_word' id='word_1_130' title='bbox 172 1905 297 1945; x_wconf 83' lang='lat' dir='ltr'>Bergk.</span> <span class='ocrx_word' id='word_1_131' title='bbox 323 1905 461 1946; x_wconf 85' lang='lat' dir='ltr'>Lipsiae</span> <span class='ocrx_word' id='word_1_132' title='bbox 478 1904 576 1937; x_wconf 88' lang='grc'><strong>4834.</strong></span> <span class='ocrx_word' id='word_1_133' title='bbox 602 1906 637 1937; x_wconf 87' lang='lat' dir='ltr'>et</span> <span class='ocrx_word' id='word_1_134' title='bbox 652 1905 870 1938; x_wconf 86' lang='lat' dir='ltr'>Schneidew.</span> 
     </span>
     <span class='ocr_line' id='line_1_30' title="bbox 174 1953 872 1992; baseline 0.001 -6"><span class='ocrx_word' id='word_1_135' title='bbox 174 1955 209 1986; x_wconf 93' lang='lat' dir='ltr'>in</span> <span class='ocrx_word' id='word_1_136' title='bbox 237 1953 385 1986; x_wconf 88' lang='lat' dir='ltr'>Delectu</span> <span class='ocrx_word' id='word_1_137' title='bbox 419 1955 513 1992; x_wconf 84' lang='lat' dir='ltr'>cet.;</span> <span class='ocrx_word' id='word_1_138' title='bbox 562 1954 751 1987; x_wconf 89' lang='lat' dir='ltr'>subditicia</span> <span class='ocrx_word' id='word_1_139' title='bbox 784 1963 872 1987; x_wconf 89' lang='lat' dir='ltr'>vero</span> 
     </span>
     <span class='ocr_line' id='line_1_31' title="bbox 174 2002 874 2046; baseline 0.003 -12"><span class='ocrx_word' id='word_1_140' title='bbox 174 2003 302 2035; x_wconf 90' lang='lat' dir='ltr'>Odaria</span> <span class='ocrx_word' id='word_1_141' title='bbox 325 2002 381 2034; x_wconf 90' lang='lat' dir='ltr'>illa</span> <span class='ocrx_word' id='word_1_142' title='bbox 403 2012 423 2035; x_wconf 95' lang='lat' dir='ltr'>a</span> <span class='ocrx_word' id='word_1_143' title='bbox 439 2003 616 2044; x_wconf 88' lang='lat' dir='ltr'>Stephano</span> <span class='ocrx_word' id='word_1_144' title='bbox 639 2005 794 2046; x_wconf 85' lang='lat' dir='ltr'>primum</span> <span class='ocrx_word' id='word_1_145' title='bbox 818 2013 874 2036; x_wconf 92' lang='lat' dir='ltr'>re-</span> 
     </span>
     <span class='ocr_line' id='line_1_32' title="bbox 173 2052 869 2095; baseline 0.003 -11"><span class='ocrx_word' id='word_1_146' title='bbox 173 2054 285 2095; x_wconf 84' lang='lat' dir='ltr'>perta.</span> <span class='ocrx_word' id='word_1_147' title='bbox 307 2071 343 2076; x_wconf 96' lang='lat'>—</span> <span class='ocrx_word' id='word_1_148' title='bbox 368 2053 419 2085; x_wconf 93' lang='lat' dir='ltr'>De</span> <span class='ocrx_word' id='word_1_149' title='bbox 443 2053 533 2085; x_wconf 90' lang='lat' dir='ltr'>miro</span> <span class='ocrx_word' id='word_1_150' title='bbox 548 2054 696 2086; x_wconf 89' lang='lat' dir='ltr'>Acronis</span> <span class='ocrx_word' id='word_1_151' title='bbox 717 2052 869 2086; x_wconf 89' lang='lat' dir='ltr'>scholio:</span> 
     </span>
     <span class='ocr_line' id='line_1_33' title="bbox 174 2103 870 2144; baseline -0.001 -9"><span class='ocrx_word' id='word_1_152' title='bbox 174 2104 381 2135; x_wconf 84' lang='lat' dir='ltr'>«Anacreon</span> <span class='ocrx_word' id='word_1_153' title='bbox 402 2103 522 2134; x_wconf 86' lang='lat' dir='ltr'>autem</span> <span class='ocrx_word' id='word_1_154' title='bbox 538 2103 702 2143; x_wconf 81' lang='lat' dir='ltr'>satyram</span> <span class='ocrx_word' id='word_1_155' title='bbox 718 2103 870 2144; x_wconf 88' lang='lat' dir='ltr'>scripsit,</span> 
     </span>
     <span class='ocr_line' id='line_1_34' title="bbox 173 2151 872 2193; baseline 0.001 -10"><span class='ocrx_word' id='word_1_156' title='bbox 173 2152 310 2184; x_wconf 86' lang='lat' dir='ltr'>amicus</span> <span class='ocrx_word' id='word_1_157' title='bbox 333 2152 517 2191; x_wconf 85' lang='lat' dir='ltr'>Lysandri.</span> <span class='ocrx_word' id='word_1_158' title='bbox 543 2151 607 2184; x_wconf 88' lang='lat' dir='ltr'>Alii</span> <span class='ocrx_word' id='word_1_159' title='bbox 625 2152 757 2192; x_wconf 88' lang='lat' dir='ltr'>dicunt,</span> <span class='ocrx_word' id='word_1_160' title='bbox 777 2152 872 2193; x_wconf 87' lang='lat' dir='ltr'>quod</span> 
     </span>
     <span class='ocr_line' id='line_1_35' title="bbox 175 2200 873 2243; baseline -0.001 -9"><span class='ocrx_word' id='word_1_161' title='bbox 175 2201 316 2242; x_wconf 87' lang='lat' dir='ltr'>scripsit</span> <span class='ocrx_word' id='word_1_162' title='bbox 362 2201 489 2232; x_wconf 90' lang='lat' dir='ltr'>Circen</span> <span class='ocrx_word' id='word_1_163' title='bbox 524 2202 559 2233; x_wconf 84' lang='lat' dir='ltr'>et</span> <span class='ocrx_word' id='word_1_164' title='bbox 597 2200 799 2243; x_wconf 89' lang='lat' dir='ltr'>Penelopen</span> <span class='ocrx_word' id='word_1_165' title='bbox 838 2201 873 2233; x_wconf 92' lang='lat' dir='ltr'>in</span> 
     </span>
     <span class='ocr_line' id='line_1_36' title="bbox 172 2249 872 2292; baseline 0.001 -10"><span class='ocrx_word' id='word_1_166' title='bbox 172 2259 243 2282; x_wconf 92' lang='lat' dir='ltr'>uno</span> <span class='ocrx_word' id='word_1_167' title='bbox 265 2249 502 2282; x_wconf 81' lang='lat' dir='ltr'>laborantes.»</span> <span class='ocrx_word' id='word_1_168' title='bbox 529 2250 604 2292; x_wconf 92' lang='lat' dir='ltr'>(Od.</span> <span class='ocrx_word' id='word_1_169' title='bbox 621 2251 633 2282; x_wconf 97' lang='grc'><strong>4</strong></span> <span class='ocrx_word' id='word_1_170' title='bbox 650 2275 658 2291; x_wconf 91' lang='grc'><strong>,</strong></span> <span class='ocrx_word' id='word_1_171' title='bbox 672 2251 730 2291; x_wconf 86' lang='grc'>47,</span> <span class='ocrx_word' id='word_1_172' title='bbox 747 2250 788 2283; x_wconf 90' lang='grc'>49</span> <span class='ocrx_word' id='word_1_173' title='bbox 804 2250 872 2291; x_wconf 92' lang='lat' dir='ltr'>sq.)</span> 
     </span>
     <span class='ocr_line' id='line_1_37' title="bbox 173 2300 871 2342; baseline 0.003 -11"><span class='ocrx_word' id='word_1_174' title='bbox 173 2300 235 2332; x_wconf 83' lang='lat' dir='ltr'>cfr.</span> <span class='ocrx_word' id='word_1_175' title='bbox 272 2300 386 2340; x_wconf 85' lang='lat' dir='ltr'>Bergk</span> <span class='ocrx_word' id='word_1_176' title='bbox 420 2302 547 2333; x_wconf 90' lang='lat' dir='ltr'>Anacr.</span> <span class='ocrx_word' id='word_1_177' title='bbox 578 2310 658 2342; x_wconf 87' lang='lat' dir='ltr'>pag.</span> <span class='ocrx_word' id='word_1_178' title='bbox 685 2302 738 2333; x_wconf 72' lang='grc'><strong>42.</strong></span> <span class='ocrx_word' id='word_1_179' title='bbox 774 2301 871 2333; x_wconf 93' lang='lat' dir='ltr'>Bode</span> 
     </span>
     <span class='ocr_line' id='line_1_38' title="bbox 175 2350 868 2392; baseline 0.004 -12"><span class='ocrx_word' id='word_1_180' title='bbox 175 2350 286 2381; x_wconf 81' lang='lat' dir='ltr'>Gesch.</span> <span class='ocrx_word' id='word_1_181' title='bbox 312 2350 371 2381; x_wconf 83' lang='lat' dir='ltr'>der</span> <span class='ocrx_word' id='word_1_182' title='bbox 392 2359 445 2391; x_wconf 82' lang='lat' dir='ltr'>qr.</span> <span class='ocrx_word' id='word_1_183' title='bbox 469 2351 581 2383; x_wconf 77' lang='lat' dir='ltr'>Poe&#39;sie</span> <span class='ocrx_word' id='word_1_184' title='bbox 603 2352 641 2390; x_wconf 74' lang='lat'>2,</span> <span class='ocrx_word' id='word_1_185' title='bbox 661 2351 719 2390; x_wconf 87' lang='grc'><strong>49,</strong></span> <span class='ocrx_word' id='word_1_186' title='bbox 737 2351 769 2383; x_wconf 77' lang='grc'>’2.</span> <span class='ocrx_word' id='word_1_187' title='bbox 789 2359 868 2392; x_wconf 87' lang='lat' dir='ltr'>pag.</span> 
     </span>
     <span class='ocr_line' id='line_1_39' title="bbox 174 2399 871 2441; baseline 0.003 -10"><span class='ocrx_word' id='word_1_188' title='bbox 174 2399 248 2431; x_wconf 90' lang='grc'>360.</span> <span class='ocrx_word' id='word_1_189' title='bbox 288 2417 323 2422; x_wconf 89' lang='grc'>-</span> <span class='ocrx_word' id='word_1_190' title='bbox 364 2400 490 2441; x_wconf 79' lang='lat' dir='ltr'>spirat]</span> <span class='ocrx_word' id='word_1_191' title='bbox 522 2401 578 2433; x_wconf 90' lang='lat' dir='ltr'>Sic</span> <span class='ocrx_word' id='word_1_192' title='bbox 601 2400 801 2433; x_wconf 90' lang='lat' dir='ltr'>Simonides</span> <span class='ocrx_word' id='word_1_193' title='bbox 826 2401 871 2433; x_wconf 87' lang='lat' dir='ltr'>de</span> 
     </span>
     <span class='ocr_line' id='line_1_40' title="bbox 173 2448 868 2491; baseline 0.004 -12"><span class='ocrx_word' id='word_1_194' title='bbox 173 2449 393 2480; x_wconf 78' lang='lat' dir='ltr'>Anacreonte</span> <span class='ocrx_word' id='word_1_195' title='bbox 429 2449 532 2481; x_wconf 87' lang='lat' dir='ltr'>Anth.</span> <span class='ocrx_word' id='word_1_196' title='bbox 566 2448 637 2482; x_wconf 89' lang='lat' dir='ltr'>Pal.</span> <span class='ocrx_word' id='word_1_197' title='bbox 663 2450 688 2481; x_wconf 90' lang='lat'>1.</span> <span class='ocrx_word' id='word_1_198' title='bbox 722 2459 756 2491; x_wconf 92' lang='lat' dir='ltr'>p.</span> <span class='ocrx_word' id='word_1_199' title='bbox 783 2449 868 2482; x_wconf 87' lang='grc'><strong>343·</strong></span> 
     </span>
     <span class='ocr_line' id='line_1_41' title="bbox 164 2493 872 2542; baseline 0.006 -15"><span class='ocrx_word' id='word_1_200' title='bbox 164 2493 228 2537; x_wconf 80' lang='grc' dir='ltr'>’Ὸς</span> <span class='ocrx_word' id='word_1_201' title='bbox 251 2496 429 2542; x_wconf 80' lang='grc' dir='ltr'><em>Χαρίτων</em></span> <span class='ocrx_word' id='word_1_202' title='bbox 446 2499 623 2531; x_wconf 82' lang='grc' dir='ltr'><strong><em>πνείοντα</em></strong></span> <span class='ocrx_word' id='word_1_203' title='bbox 638 2497 749 2541; x_wconf 81' lang='grc' dir='ltr'><strong><em>μέλη,</em></strong></span> <span class='ocrx_word' id='word_1_204' title='bbox 769 2500 872 2531; x_wconf 83' lang='grc' dir='ltr'><strong><em>πνεί-</em></strong></span> 
     </span>
     <span class='ocr_line' id='line_1_42' title="bbox 175 2543 871 2593; baseline 0.006 -16"><span class='ocrx_word' id='word_1_205' title='bbox 175 2556 268 2578; x_wconf 87' lang='grc' dir='ltr'><strong><em>οντα</em></strong></span> <span class='ocrx_word' id='word_1_206' title='bbox 301 2545 331 2578; x_wconf 86' lang='grc' dir='ltr'>ὁ’</span> <span class='ocrx_word' id='word_1_207' title='bbox 352 2543 524 2593; x_wconf 78' lang='grc' dir='ltr'><em>Ἐρώτων</em></span> <span class='ocrx_word' id='word_1_208' title='bbox 559 2545 634 2580; x_wconf 85' lang='grc' dir='ltr'><strong><em>Τὸν</em></strong></span> <span class='ocrx_word' id='word_1_209' title='bbox 668 2545 809 2591; x_wconf 77' lang='grc' dir='ltr'><strong><em>γλυκὺν</em></strong></span> <span class='ocrx_word' id='word_1_210' title='bbox 831 2547 871 2589; x_wconf 80' lang='grc' dir='ltr'>ἐς</span> 
     </span>
     <span class='ocr_line' id='line_1_43' title="bbox 176 2594 867 2643; baseline 0.004 -16"><span class='ocrx_word' id='word_1_211' title='bbox 176 2594 317 2627; x_wconf 70' lang='grc' dir='ltr'><strong><em>παίδων</em></strong></span> <span class='ocrx_word' id='word_1_212' title='bbox 353 2595 484 2643; x_wconf 78' lang='grc' dir='ltr'><strong><em>ἵμερον</em></strong></span> <span class='ocrx_word' id='word_1_213' title='bbox 519 2594 734 2643; x_wconf 81' lang='grc' dir='ltr'><strong><em>ἡρμόσατο.</em></strong></span> <span class='ocrx_word' id='word_1_214' title='bbox 795 2599 867 2630; x_wconf 89' lang='lat' dir='ltr'>Cic.</span> 
     </span>
     <span class='ocr_line' id='line_1_44' title="bbox 173 2646 870 2688; baseline 0.006 -12"><span class='ocrx_word' id='word_1_215' title='bbox 173 2646 267 2678; x_wconf 84' lang='lat' dir='ltr'>Brut.</span> <span class='ocrx_word' id='word_1_216' title='bbox 293 2646 357 2679; x_wconf 71' lang='lat'>24:</span> <span class='ocrx_word' id='word_1_217' title='bbox 398 2648 532 2680; x_wconf 76' lang='lat' dir='ltr'>Videtur</span> <span class='ocrx_word' id='word_1_218' title='bbox 554 2648 658 2681; x_wconf 79' lang='lat' dir='ltr'>Laelii</span> <span class='ocrx_word' id='word_1_219' title='bbox 678 2656 769 2680; x_wconf 80' lang='lat' dir='ltr'>mens</span> <span class='ocrx_word' id='word_1_220' title='bbox 801 2649 870 2688; x_wconf 82' lang='lat' dir='ltr'>spi-</span> 
     </span>
    </p>
   </div>
   <div class='ocr_carea' id='block_1_11' title="bbox 915 1062 1629 2690">
    <p class='ocr_par' dir='ltr' id='par_1_13' title="bbox 919 1062 1629 2690">
     <span class='ocr_line' id='line_1_45' title="bbox 925 1062 1629 1103; baseline 0.003 -9"><span class='ocrx_word' id='word_1_221' title='bbox 925 1071 1007 1094; x_wconf 89' lang='lat' dir='ltr'>rare</span> <span class='ocrx_word' id='word_1_222' title='bbox 1022 1063 1123 1094; x_wconf 72' lang='lat' dir='ltr'>etiam</span> <span class='ocrx_word' id='word_1_223' title='bbox 1144 1062 1181 1095; x_wconf 80' lang='lat' dir='ltr'>in</span> <span class='ocrx_word' id='word_1_224' title='bbox 1202 1062 1350 1103; x_wconf 57' lang='lat' dir='ltr'>seriptis,</span> <span class='ocrx_word' id='word_1_225' title='bbox 1377 1062 1503 1095; x_wconf 82' lang='lat' dir='ltr'>Galbae</span> <span class='ocrx_word' id='word_1_226' title='bbox 1517 1066 1629 1096; x_wconf 85' lang='lat' dir='ltr'>autem</span> 
     </span>
     <span class='ocr_line' id='line_1_46' title="bbox 925 1111 1628 1152; baseline 0.001 -8"><span class='ocrx_word' id='word_1_227' title='bbox 925 1112 976 1144; x_wconf 87' lang='lat' dir='ltr'>vis</span> <span class='ocrx_word' id='word_1_228' title='bbox 991 1112 1157 1144; x_wconf 84' lang='lat' dir='ltr'>occidisse.</span> <span class='ocrx_word' id='word_1_229' title='bbox 1200 1111 1330 1145; x_wconf 88' lang='lat' dir='ltr'>Gellius</span> <span class='ocrx_word' id='word_1_230' title='bbox 1346 1112 1384 1152; x_wconf 87' lang='lat'>7,</span> <span class='ocrx_word' id='word_1_231' title='bbox 1402 1113 1439 1145; x_wconf 82' lang='lat'>5:</span> <span class='ocrx_word' id='word_1_232' title='bbox 1464 1112 1562 1145; x_wconf 85' lang='lat' dir='ltr'>Polus</span> <span class='ocrx_word' id='word_1_233' title='bbox 1575 1131 1595 1136; x_wconf 97' lang='lat'>-</span> <span class='ocrx_word' id='word_1_234' title='bbox 1609 1132 1628 1138; x_wconf 95' lang='lat'><em>-</em></span> 
     </span>
     <span class='ocr_line' id='line_1_47' title="bbox 926 1162 1628 1202; baseline 0.004 -9"><span class='ocrx_word' id='word_1_235' title='bbox 926 1162 1070 1202; x_wconf 71' lang='lat' dir='ltr'>opplwit</span> <span class='ocrx_word' id='word_1_236' title='bbox 1105 1162 1220 1194; x_wconf 78' lang='lat' dir='ltr'>omnia</span> <span class='ocrx_word' id='word_1_237' title='bbox 1234 1167 1254 1185; x_wconf 75' lang='lat'>‘-</span> <span class='ocrx_word' id='word_1_238' title='bbox 1268 1179 1288 1185; x_wconf 94' lang='lat'>-</span> <span class='ocrx_word' id='word_1_239' title='bbox 1303 1162 1456 1194; x_wconf 81' lang='lat' dir='ltr'>lamentis</span> <span class='ocrx_word' id='word_1_240' title='bbox 1486 1163 1575 1194; x_wconf 81' lang='lat' dir='ltr'>veris</span> <span class='ocrx_word' id='word_1_241' title='bbox 1596 1167 1628 1196; x_wconf 92' lang='lat' dir='ltr'>et</span> 
     </span>
     <span class='ocr_line' id='line_1_48' title="bbox 925 1211 1626 1254; baseline 0.004 -12"><span class='ocrx_word' id='word_1_242' title='bbox 925 1211 1140 1251; x_wconf 77' lang='lat' dir='ltr'>spirantibus.</span> <span class='ocrx_word' id='word_1_243' title='bbox 1179 1229 1217 1235; x_wconf 91' lang='lat'>—-</span> <span class='ocrx_word' id='word_1_244' title='bbox 1255 1211 1450 1253; x_wconf 83' lang='lat' dir='ltr'>Vivuntque]</span> <span class='ocrx_word' id='word_1_245' title='bbox 1484 1212 1626 1254; x_wconf 85' lang='lat' dir='ltr'>Sappho</span> 
     </span>
     <span class='ocr_line' id='line_1_49' title="bbox 926 1257 1626 1302; baseline 0.004 -10"><span class='ocrx_word' id='word_1_246' title='bbox 926 1261 971 1292; x_wconf 89' lang='lat' dir='ltr'>de</span> <span class='ocrx_word' id='word_1_247' title='bbox 995 1269 1034 1293; x_wconf 91' lang='lat' dir='ltr'>se</span> <span class='ocrx_word' id='word_1_248' title='bbox 1058 1261 1135 1302; x_wconf 86' lang='lat' dir='ltr'>ipsa</span> <span class='ocrx_word' id='word_1_249' title='bbox 1150 1260 1313 1302; x_wconf 87' lang='lat' dir='ltr'>Bergkp.</span> <span class='ocrx_word' id='word_1_250' title='bbox 1332 1261 1415 1293; x_wconf 75' lang='lat'>6⁴6:</span> <span class='ocrx_word' id='word_1_251' title='bbox 1447 1257 1535 1294; x_wconf 80' lang='grc' dir='ltr'><strong><em>Οὐδ’</em></strong></span> <span class='ocrx_word' id='word_1_252' title='bbox 1561 1259 1626 1295; x_wconf 93' lang='grc' dir='ltr'><strong><em>ιαν</em></strong></span> 
     </span>
     <span class='ocr_line' id='line_1_50' title="bbox 925 1307 1625 1356; baseline 0.004 -15"><span class='ocrx_word' id='word_1_253' title='bbox 925 1308 1119 1352; x_wconf 82' lang='grc' dir='ltr'><strong><em>δοκίμωμι</em></strong></span> <span class='ocrx_word' id='word_1_254' title='bbox 1141 1308 1395 1356; x_wconf 82' lang='grc' dir='ltr'><strong><em>προσίδοισαν</em></strong></span> <span class='ocrx_word' id='word_1_255' title='bbox 1409 1307 1515 1352; x_wconf 85' lang='grc' dir='ltr'><strong><em>φάος</em></strong></span> <span class='ocrx_word' id='word_1_256' title='bbox 1529 1307 1625 1344; x_wconf 78' lang='grc' dir='ltr'><em>ἄλίω</em></span> 
     </span>
     <span class='ocr_line' id='line_1_51' title="bbox 915 1356 1625 1405; baseline 0.003 -13.052"><span class='ocrx_word' id='word_1_257' title='bbox 915 1356 1131 1392; x_wconf 65' lang='grc' dir='ltr'>3Ἐσσεσθιπιι</span> <span class='ocrx_word' id='word_1_258' title='bbox 1164 1360 1313 1400; x_wconf 79' lang='grc' dir='ltr'><strong><em>σοφίαν</em></strong></span> <span class='ocrx_word' id='word_1_259' title='bbox 1347 1357 1540 1405; x_wconf 73' lang='grc' dir='ltr'><strong><em>πάρθενον</em></strong></span> <span class='ocrx_word' id='word_1_260' title='bbox 1570 1361 1625 1402; x_wconf 83' lang='grc' dir='ltr'>εἷς</span> 
     </span>
     <span class='ocr_line' id='line_1_52' title="bbox 926 1406 1627 1455; baseline 0.003 -13"><span class='ocrx_word' id='word_1_261' title='bbox 926 1406 1065 1442; x_wconf 80' lang='grc' dir='ltr'><em>οὐδένα</em></span> <span class='ocrx_word' id='word_1_262' title='bbox 1084 1418 1142 1441; x_wconf 84' lang='grc' dir='ltr'>πω</span> <span class='ocrx_word' id='word_1_263' title='bbox 1154 1406 1298 1455; x_wconf 87' lang='grc' dir='ltr'><strong><em>χρόνον</em></strong></span> <span class='ocrx_word' id='word_1_264' title='bbox 1316 1407 1516 1442; x_wconf 61' lang='lat' dir='ltr'>rometam.</span> <span class='ocrx_word' id='word_1_265' title='bbox 1531 1411 1627 1444; x_wconf 85' lang='lat' dir='ltr'>Posi-</span> 
     </span>
     <span class='ocr_line' id='line_1_53' title="bbox 927 1458 1622 1501; baseline 0 -10"><span class='ocrx_word' id='word_1_266' title='bbox 927 1459 1055 1501; x_wconf 91' lang='lat' dir='ltr'>dippus</span> <span class='ocrx_word' id='word_1_267' title='bbox 1089 1459 1193 1491; x_wconf 79' lang='lat' dir='ltr'>Anth.</span> <span class='ocrx_word' id='word_1_268' title='bbox 1229 1458 1301 1491; x_wconf 88' lang='lat' dir='ltr'>Pal.</span> <span class='ocrx_word' id='word_1_269' title='bbox 1337 1459 1378 1491; x_wconf 91' lang='lat'>11.</span> <span class='ocrx_word' id='word_1_270' title='bbox 1416 1467 1496 1501; x_wconf 87' lang='lat' dir='ltr'>pag.</span> <span class='ocrx_word' id='word_1_271' title='bbox 1536 1460 1622 1493; x_wconf 85' lang='lat'><strong>780:</strong></span> 
     </span>
     <span class='ocr_line' id='line_1_54' title="bbox 925 1505 1626 1552; baseline 0.001 -13"><span class='ocrx_word' id='word_1_272' title='bbox 925 1505 1074 1548; x_wconf 76' lang='grc' dir='ltr'><em>Σαπφώ</em></span> <span class='ocrx_word' id='word_1_273' title='bbox 1089 1532 1099 1549; x_wconf 86' lang='grc'><strong>,</strong></span> <span class='ocrx_word' id='word_1_274' title='bbox 1138 1508 1206 1540; x_wconf 77' lang='grc' dir='ltr'>σαὶ</span> <span class='ocrx_word' id='word_1_275' title='bbox 1238 1506 1280 1540; x_wconf 82' lang='grc' dir='ltr'>δὲ</span> <span class='ocrx_word' id='word_1_276' title='bbox 1311 1508 1474 1550; x_wconf 80' lang='grc' dir='ltr'><strong><em>μένουσι</em></strong></span> <span class='ocrx_word' id='word_1_277' title='bbox 1508 1507 1626 1552; x_wconf 81' lang='grc' dir='ltr'><strong><em>φίλης</em></strong></span> 
     </span>
     <span class='ocr_line' id='line_1_55' title="bbox 925 1553 1626 1600; baseline 0.003 -10"><span class='ocrx_word' id='word_1_278' title='bbox 925 1553 982 1590; x_wconf 71' lang='grc' dir='ltr'>ῗὲτι</span> <span class='ocrx_word' id='word_1_279' title='bbox 1003 1558 1068 1590; x_wconf 78' lang='grc' dir='ltr'>καὶ</span> <span class='ocrx_word' id='word_1_280' title='bbox 1097 1558 1304 1600; x_wconf 81' lang='grc' dir='ltr'><strong><em>μενέουσιν</em></strong></span> <span class='ocrx_word' id='word_1_281' title='bbox 1322 1553 1453 1600; x_wconf 79' lang='grc' dir='ltr'><strong><em>Ὠιδῆς</em></strong></span> <span class='ocrx_word' id='word_1_282' title='bbox 1475 1558 1521 1591; x_wconf 82' lang='grc' dir='ltr'>αἱ</span> <span class='ocrx_word' id='word_1_283' title='bbox 1538 1557 1626 1592; x_wconf 82' lang='grc' dir='ltr'><strong><em>λευ-</em></strong></span> 
     </span>
     <span class='ocr_line' id='line_1_56' title="bbox 925 1605 1621 1651; baseline 0.003 -11"><span class='ocrx_word' id='word_1_284' title='bbox 925 1608 990 1640; x_wconf 77' lang='grc' dir='ltr'>καὶ</span> <span class='ocrx_word' id='word_1_285' title='bbox 1025 1605 1289 1651; x_wconf 76' lang='grc' dir='ltr'><strong><em>φθεγγόμεναι</em></strong></span> <span class='ocrx_word' id='word_1_286' title='bbox 1319 1605 1476 1649; x_wconf 78' lang='grc' dir='ltr'><em>σελίδες.</em></span> <span class='ocrx_word' id='word_1_287' title='bbox 1521 1609 1621 1642; x_wconf 90' lang='lat' dir='ltr'>Pind.</span> 
     </span>
     <span class='ocr_line' id='line_1_57' title="bbox 925 1653 1624 1704; baseline 0.003 -15"><span class='ocrx_word' id='word_1_288' title='bbox 925 1659 1027 1690; x_wconf 90' lang='lat' dir='ltr'>Nem.</span> <span class='ocrx_word' id='word_1_289' title='bbox 1064 1657 1102 1698; x_wconf 88' lang='lat'>4,</span> <span class='ocrx_word' id='word_1_290' title='bbox 1140 1657 1184 1689; x_wconf 93' lang='lat'>6.</span> <span class='ocrx_word' id='word_1_291' title='bbox 1219 1653 1341 1699; x_wconf 76' lang='grc' dir='ltr'>Ῥῆμα</span> <span class='ocrx_word' id='word_1_292' title='bbox 1371 1655 1401 1689; x_wconf 84' lang='grc' dir='ltr'>δ’</span> <span class='ocrx_word' id='word_1_293' title='bbox 1424 1655 1624 1704; x_wconf 80' lang='grc' dir='ltr'><strong><em>ἐργμάτων</em></strong></span> 
     </span>
     <span class='ocr_line' id='line_1_58' title="bbox 925 1703 1624 1754; baseline 0.004 -16"><span class='ocrx_word' id='word_1_294' title='bbox 925 1703 1178 1754; x_wconf 78' lang='grc' dir='ltr'><strong><em>χρονιώτερον</em></strong></span> <span class='ocrx_word' id='word_1_295' title='bbox 1200 1704 1379 1746; x_wconf 81' lang='grc' dir='ltr'><strong><em>βιοτεύει.</em></strong></span> <span class='ocrx_word' id='word_1_296' title='bbox 1419 1708 1494 1740; x_wconf 88' lang='lat' dir='ltr'>Hoc</span> <span class='ocrx_word' id='word_1_297' title='bbox 1519 1709 1624 1750; x_wconf 86' lang='lat' dir='ltr'>igitur</span> 
     </span>
     <span class='ocr_line' id='line_1_59' title="bbox 925 1757 1623 1791; baseline 0.003 -2"><span class='ocrx_word' id='word_1_298' title='bbox 925 1757 1027 1789; x_wconf 87' lang='lat' dir='ltr'>dicit:</span> <span class='ocrx_word' id='word_1_299' title='bbox 1055 1757 1281 1790; x_wconf 86' lang='lat' dir='ltr'>«Gratissimo</span> <span class='ocrx_word' id='word_1_300' title='bbox 1297 1765 1406 1789; x_wconf 91' lang='lat' dir='ltr'>sensu</span> <span class='ocrx_word' id='word_1_301' title='bbox 1421 1757 1623 1791; x_wconf 88' lang='lat' dir='ltr'>etiamnunc</span> 
     </span>
     <span class='ocr_line' id='line_1_60' title="bbox 924 1806 1622 1849; baseline 0.003 -11"><span class='ocrx_word' id='word_1_302' title='bbox 924 1815 989 1838; x_wconf 90' lang='lat' dir='ltr'>nos</span> <span class='ocrx_word' id='word_1_303' title='bbox 1004 1806 1161 1838; x_wconf 87' lang='lat' dir='ltr'>afficiunt</span> <span class='ocrx_word' id='word_1_304' title='bbox 1183 1814 1345 1846; x_wconf 89' lang='lat' dir='ltr'>amores,</span> <span class='ocrx_word' id='word_1_305' title='bbox 1371 1814 1464 1847; x_wconf 89' lang='lat' dir='ltr'>quos</span> <span class='ocrx_word' id='word_1_306' title='bbox 1479 1808 1622 1849; x_wconf 88' lang='lat' dir='ltr'>Sappho</span> 
     </span>
     <span class='ocr_line' id='line_1_61' title="bbox 923 1855 1622 1897; baseline 0.001 -8"><span class='ocrx_word' id='word_1_307' title='bbox 923 1857 996 1889; x_wconf 88' lang='lat' dir='ltr'>suis</span> <span class='ocrx_word' id='word_1_308' title='bbox 1020 1855 1237 1888; x_wconf 89' lang='lat' dir='ltr'>carminibus</span> <span class='ocrx_word' id='word_1_309' title='bbox 1260 1857 1443 1897; x_wconf 86' lang='lat' dir='ltr'>tamquam</span> <span class='ocrx_word' id='word_1_310' title='bbox 1474 1865 1622 1890; x_wconf 84' lang='lat' dir='ltr'>arcanas</span> 
     </span>
     <span class='ocr_line' id='line_1_62' title="bbox 922 1905 1619 1947; baseline 0 -9"><span class='ocrx_word' id='word_1_311' title='bbox 922 1906 1077 1947; x_wconf 88' lang='lat' dir='ltr'>pectoris</span> <span class='ocrx_word' id='word_1_312' title='bbox 1101 1914 1206 1937; x_wconf 88' lang='lat' dir='ltr'>curas</span> <span class='ocrx_word' id='word_1_313' title='bbox 1231 1905 1450 1940; x_wconf 85' lang='lat' dir='ltr'>concredidit</span> <span class='ocrx_word' id='word_1_314' title='bbox 1479 1906 1560 1947; x_wconf 88' lang='lat' dir='ltr'>(Sat.</span> <span class='ocrx_word' id='word_1_315' title='bbox 1585 1907 1619 1946; x_wconf 76' lang='lat'>2,</span> 
     </span>
     <span class='ocr_line' id='line_1_63' title="bbox 924 1954 1623 1996; baseline 0.001 -9"><span class='ocrx_word' id='word_1_316' title='bbox 924 1956 960 1995; x_wconf 90' lang='grc'><strong>4,</strong></span> <span class='ocrx_word' id='word_1_317' title='bbox 985 1955 1027 1987; x_wconf 89' lang='grc'>30</span> <span class='ocrx_word' id='word_1_318' title='bbox 1043 1954 1111 1996; x_wconf 89' lang='lat' dir='ltr'>sq.)</span> <span class='ocrx_word' id='word_1_319' title='bbox 1145 1954 1344 1996; x_wconf 86' lang='lat' dir='ltr'>iisdemque</span> <span class='ocrx_word' id='word_1_320' title='bbox 1368 1954 1623 1988; x_wconf 87' lang='lat' dir='ltr'>admirabiliter</span> 
     </span>
     <span class='ocr_line' id='line_1_64' title="bbox 923 2005 1622 2047; baseline 0.003 -10"><span class='ocrx_word' id='word_1_321' title='bbox 923 2005 1131 2046; x_wconf 87' lang='lat' dir='ltr'>expressit.»</span> <span class='ocrx_word' id='word_1_322' title='bbox 1156 2022 1194 2027; x_wconf 98' lang='lat'><strong>—</strong></span> <span class='ocrx_word' id='word_1_323' title='bbox 1222 2005 1347 2045; x_wconf 89' lang='lat' dir='ltr'>Iunge:</span> <span class='ocrx_word' id='word_1_324' title='bbox 1372 2006 1536 2038; x_wconf 79' lang='lat' dir='ltr'>commissi</span> <span class='ocrx_word' id='word_1_325' title='bbox 1546 2007 1622 2047; x_wconf 73' lang='lat' dir='ltr'>fidi-</span> 
     </span>
     <span class='ocr_line' id='line_1_65' title="bbox 922 2053 1618 2097; baseline 0.004 -12"><span class='ocrx_word' id='word_1_326' title='bbox 922 2054 981 2086; x_wconf 87' lang='lat' dir='ltr'>bus</span> <span class='ocrx_word' id='word_1_327' title='bbox 994 2054 1126 2086; x_wconf 83' lang='lat' dir='ltr'>Aeoliae</span> <span class='ocrx_word' id='word_1_328' title='bbox 1143 2053 1314 2095; x_wconf 86' lang='lat' dir='ltr'>(Lesbiae)</span> <span class='ocrx_word' id='word_1_329' title='bbox 1327 2055 1460 2095; x_wconf 79' lang='lat' dir='ltr'>puellae</span> <span class='ocrx_word' id='word_1_330' title='bbox 1475 2055 1618 2097; x_wconf 70' lang='lat' dir='ltr'>(gemit).</span> 
     </span>
     <span class='ocr_line' id='line_1_66' title="bbox 921 2102 1620 2147; baseline 0.003 -12"><span class='ocrx_word' id='word_1_331' title='bbox 921 2103 986 2136; x_wconf 88' lang='lat' dir='ltr'>Alii</span> <span class='ocrx_word' id='word_1_332' title='bbox 1001 2104 1117 2136; x_wconf 92' lang='lat' dir='ltr'>minus</span> <span class='ocrx_word' id='word_1_333' title='bbox 1132 2102 1226 2135; x_wconf 86' lang='lat' dir='ltr'>bene</span> <span class='ocrx_word' id='word_1_334' title='bbox 1247 2103 1380 2136; x_wconf 84' lang='lat' dir='ltr'>Aeoliae</span> <span class='ocrx_word' id='word_1_335' title='bbox 1396 2104 1530 2144; x_wconf 80' lang='lat' dir='ltr'>puellae</span> <span class='ocrx_word' id='word_1_336' title='bbox 1554 2114 1620 2147; x_wconf 86' lang='lat' dir='ltr'>pro</span> 
     </span>
     <span class='ocr_line' id='line_1_67' title="bbox 922 2151 1582 2195; baseline -0.005 -9"><span class='ocrx_word' id='word_1_337' title='bbox 922 2153 1039 2186; x_wconf 84' lang='lat' dir='ltr'>dativo</span> <span class='ocrx_word' id='word_1_338' title='bbox 1054 2152 1189 2185; x_wconf 86' lang='lat' dir='ltr'>habent</span> <span class='ocrx_word' id='word_1_339' title='bbox 1213 2152 1278 2184; x_wconf 78' lang='lat' dir='ltr'>«ab</span> <span class='ocrx_word' id='word_1_340' title='bbox 1294 2151 1415 2185; x_wconf 84' lang='lat' dir='ltr'>Aeolia</span> <span class='ocrx_word' id='word_1_341' title='bbox 1430 2152 1582 2195; x_wconf 72' lang='lat' dir='ltr'>puella.»</span> 
     </span>
     <span class='ocr_line' id='line_1_68' title="bbox 965 2201 1620 2245; baseline 0.002 -11"><span class='ocrx_word' id='word_1_342' title='bbox 965 2201 1042 2234; x_wconf 89' lang='grc'><strong>43-</strong></span> <span class='ocrx_word' id='word_1_343' title='bbox 1058 2202 1111 2234; x_wconf 91' lang='grc'><strong>45.</strong></span> <span class='ocrx_word' id='word_1_344' title='bbox 1137 2201 1238 2243; x_wconf 83' lang='lat' dir='ltr'>arsit]</span> <span class='ocrx_word' id='word_1_345' title='bbox 1265 2210 1407 2234; x_wconf 77' lang='lat' dir='ltr'>«amore</span> <span class='ocrx_word' id='word_1_346' title='bbox 1435 2204 1537 2245; x_wconf 86' lang='lat' dir='ltr'>capta</span> <span class='ocrx_word' id='word_1_347' title='bbox 1565 2204 1620 2235; x_wconf 90' lang='lat' dir='ltr'>est</span> 
     </span>
     <span class='ocr_line' id='line_1_69' title="bbox 922 2251 1621 2293; baseline 0.001 -10"><span class='ocrx_word' id='word_1_348' title='bbox 922 2251 1102 2293; x_wconf 86' lang='lat' dir='ltr'>eleganter</span> <span class='ocrx_word' id='word_1_349' title='bbox 1136 2252 1268 2293; x_wconf 89' lang='lat' dir='ltr'>compti</span> <span class='ocrx_word' id='word_1_350' title='bbox 1302 2252 1489 2293; x_wconf 87' lang='lat' dir='ltr'>ornatique</span> <span class='ocrx_word' id='word_1_351' title='bbox 1517 2251 1621 2284; x_wconf 90' lang='lat' dir='ltr'>adul-</span> 
     </span>
     <span class='ocr_line' id='line_1_70' title="bbox 921 2301 1615 2343; baseline -0.001 -9"><span class='ocrx_word' id='word_1_352' title='bbox 921 2302 1020 2334; x_wconf 90' lang='lat' dir='ltr'>teri.»</span> <span class='ocrx_word' id='word_1_353' title='bbox 1047 2301 1239 2340; x_wconf 85' lang='lat' dir='ltr'>construe,</span> <span class='ocrx_word' id='word_1_354' title='bbox 1265 2302 1305 2333; x_wconf 85' lang='lat' dir='ltr'>ut</span> <span class='ocrx_word' id='word_1_355' title='bbox 1328 2302 1384 2333; x_wconf 88' lang='lat' dir='ltr'>est</span> <span class='ocrx_word' id='word_1_356' title='bbox 1405 2301 1500 2343; x_wconf 89' lang='lat' dir='ltr'>apud</span> <span class='ocrx_word' id='word_1_357' title='bbox 1522 2301 1615 2342; x_wconf 86' lang='lat' dir='ltr'>Virg.</span> 
     </span>
     <span class='ocr_line' id='line_1_71' title="bbox 922 2350 1620 2391; baseline 0 -7"><span class='ocrx_word' id='word_1_358' title='bbox 922 2350 993 2384; x_wconf 86' lang='lat' dir='ltr'>Ecl.</span> <span class='ocrx_word' id='word_1_359' title='bbox 1019 2352 1059 2390; x_wconf 74' lang='lat'>2,</span> <span class='ocrx_word' id='word_1_360' title='bbox 1087 2351 1099 2383; x_wconf 91' lang='grc'><strong>4</strong></span> <span class='ocrx_word' id='word_1_361' title='bbox 1121 2361 1127 2382; x_wconf 93' lang='lat'>:</span> <span class='ocrx_word' id='word_1_362' title='bbox 1163 2354 1285 2391; x_wconf 81' lang='lat' dir='ltr'>pastor</span> <span class='ocrx_word' id='word_1_363' title='bbox 1306 2351 1460 2391; x_wconf 72' lang='lat' dir='ltr'>Corydon</span> <span class='ocrx_word' id='word_1_364' title='bbox 1481 2351 1620 2384; x_wconf 85' lang='lat' dir='ltr'>ardebat</span> 
     </span>
     <span class='ocr_line' id='line_1_72' title="bbox 920 2401 1616 2441; baseline -0.001 -9"><span class='ocrx_word' id='word_1_365' title='bbox 920 2401 1063 2433; x_wconf 73' lang='lat' dir='ltr'>Alexin:</span> <span class='ocrx_word' id='word_1_366' title='bbox 1098 2401 1183 2432; x_wconf 88' lang='lat' dir='ltr'>arsit</span> <span class='ocrx_word' id='word_1_367' title='bbox 1215 2401 1344 2441; x_wconf 80' lang='lat' dir='ltr'>crines,</span> <span class='ocrx_word' id='word_1_368' title='bbox 1380 2409 1433 2432; x_wconf 89' lang='lat' dir='ltr'>eos</span> <span class='ocrx_word' id='word_1_369' title='bbox 1465 2401 1616 2438; x_wconf 85' lang='lat' dir='ltr'>mirata,·</span> 
     </span>
     <span class='ocr_line' id='line_1_73' title="bbox 922 2449 1612 2490; baseline -0.001 -7"><span class='ocrx_word' id='word_1_370' title='bbox 922 2459 993 2483; x_wconf 91' lang='lat' dir='ltr'>non</span> <span class='ocrx_word' id='word_1_371' title='bbox 1009 2459 1092 2482; x_wconf 92' lang='lat' dir='ltr'>cum</span> <span class='ocrx_word' id='word_1_372' title='bbox 1115 2449 1207 2482; x_wconf 87' lang='lat' dir='ltr'>aliis:</span> <span class='ocrx_word' id='word_1_373' title='bbox 1234 2450 1337 2490; x_wconf 84' lang='lat' dir='ltr'>arsit,</span> <span class='ocrx_word' id='word_1_374' title='bbox 1354 2450 1481 2482; x_wconf 87' lang='lat' dir='ltr'>mirata</span> <span class='ocrx_word' id='word_1_375' title='bbox 1494 2450 1612 2482; x_wconf 83' lang='lat' dir='ltr'>crines.</span> 
     </span>
     <span class='ocr_line' id='line_1_74' title="bbox 920 2494 1615 2545; baseline -0.003 -13"><span class='ocrx_word' id='word_1_376' title='bbox 920 2500 1096 2541; x_wconf 87' lang='lat' dir='ltr'>Aristoph.</span> <span class='ocrx_word' id='word_1_377' title='bbox 1121 2498 1255 2533; x_wconf 88' lang='lat' dir='ltr'>Eccles.</span> <span class='ocrx_word' id='word_1_378' title='bbox 1282 2499 1368 2532; x_wconf 86' lang='grc'><strong>954;</strong></span> <span class='ocrx_word' id='word_1_379' title='bbox 1407 2494 1518 2531; x_wconf 85' lang='grc' dir='ltr'><strong><em>Πάνυ</em></strong></span> <span class='ocrx_word' id='word_1_380' title='bbox 1541 2497 1615 2545; x_wconf 79' lang='grc' dir='ltr'>γάρ</span> 
     </span>
     <span class='ocr_line' id='line_1_75' title="bbox 919 2544 1617 2605; baseline -0.003 -24"><span class='ocrx_word' id='word_1_381' title='bbox 919 2558 977 2589; x_wconf 78' lang='grc' dir='ltr'>τις</span> <span class='ocrx_word' id='word_1_382' title='bbox 999 2544 1095 2605; x_wconf 71' lang='grc' dir='ltr'><strong><em>ῗρως</em></strong></span> <span class='ocrx_word' id='word_1_383' title='bbox 1116 2558 1166 2591; x_wconf 83' lang='grc' dir='ltr'>με</span> <span class='ocrx_word' id='word_1_384' title='bbox 1181 2546 1288 2581; x_wconf 86' lang='grc' dir='ltr'><strong><em>δονεῖ</em></strong></span> <span class='ocrx_word' id='word_1_385' title='bbox 1301 2545 1426 2581; x_wconf 81' lang='grc' dir='ltr'><strong><em>Τῶνδε</em></strong></span> <span class='ocrx_word' id='word_1_386' title='bbox 1440 2545 1515 2580; x_wconf 80' lang='grc' dir='ltr'><strong><em>τῶν</em></strong></span> <span class='ocrx_word' id='word_1_387' title='bbox 1537 2546 1617 2580; x_wconf 82' lang='grc' dir='ltr'><strong><em>σῶν</em></strong></span> 
     </span>
     <span class='ocr_line' id='line_1_76' title="bbox 919 2595 1619 2644; baseline 0 -15"><span class='ocrx_word' id='word_1_388' title='bbox 919 2595 1159 2644; x_wconf 82' lang='grc' dir='ltr'><strong><em>βοστρύχων.</em></strong></span> <span class='ocrx_word' id='word_1_389' title='bbox 1188 2614 1224 2621; x_wconf 89' lang='grc'><strong>-</strong></span> <span class='ocrx_word' id='word_1_390' title='bbox 1250 2607 1374 2630; x_wconf 87' lang='lat' dir='ltr'>aurum</span> <span class='ocrx_word' id='word_1_391' title='bbox 1394 2597 1534 2631; x_wconf 83' lang='lat' dir='ltr'>vestibus</span> <span class='ocrx_word' id='word_1_392' title='bbox 1555 2598 1619 2630; x_wconf 86' lang='lat' dir='ltr'>illi—</span> 
     </span>
     <span class='ocr_line' id='line_1_77' title="bbox 919 2646 1616 2690; baseline -0.001 -10"><span class='ocrx_word' id='word_1_393' title='bbox 919 2648 999 2690; x_wconf 85' lang='lat' dir='ltr'>tum]</span> <span class='ocrx_word' id='word_1_394' title='bbox 1023 2647 1131 2681; x_wconf 89' lang='lat' dir='ltr'>veluti</span> <span class='ocrx_word' id='word_1_395' title='bbox 1155 2649 1372 2690; x_wconf 85' lang='lat' dir='ltr'>inspersum,</span> <span class='ocrx_word' id='word_1_396' title='bbox 1399 2647 1443 2680; x_wconf 91' lang='lat' dir='ltr'>de</span> <span class='ocrx_word' id='word_1_397' title='bbox 1458 2646 1616 2680; x_wconf 83' lang='lat' dir='ltr'>vestibus</span> 
     </span>
    </p>
   </div>
   <div class='ocr_carea' id='block_1_12' title="bbox 1703 2090 1722 2715">
    <p class='ocr_par' dir='ltr' id='par_1_14' title="bbox 1703 2090 1722 2715">
     <span class='ocr_line' id='line_1_78' title="bbox 1703 2090 1722 2715; textangle 90"><span class='ocrx_word' id='word_1_398' title='bbox 1720 2706 1722 2715; x_wconf 85' lang='grc'>-</span> <span class='ocrx_word' id='word_1_399' title='bbox 1707 2650 1722 2694; x_wconf 40' lang='lat' dir='ltr'>ms,</span> <span class='ocrx_word' id='word_1_400' title='bbox 1703 2601 1722 2635; x_wconf 56' lang='lat' dir='ltr'>:⁴⁴ss</span> <span class='ocrx_word' id='word_1_401' title='bbox 1710 2090 1722 2582; x_wconf 56' lang='lat' dir='ltr'>*wa-Q.—,</span> 
     </span>
    </p>
   </div>
  </div>
 </body>
</html>
