1722 2904
246 87 329 129 578

784 89 956 121 HORATII
969 89 1131 122 CARMIN
1137 89 1195 122 UM

418 191 591 235 Gaudes
622 191 908 244 carminibus;
941 193 1131 235 carmina
1160 205 1395 249 possumus

423 274 595 316 Donare
627 280 669 316 et
698 273 883 330 pretium
913 273 1060 316 dicere
1090 273 1270 316 muneri.

418 356 514 397 Non
544 354 679 398 incisa
709 354 820 396 notis
850 366 1066 396 marmora
1094 352 1302 410 publicis,

418 437 501 478 Per
531 448 643 492 quae
675 435 851 492 spiritus
882 441 926 478 et
955 434 1040 476 vita
1070 433 1182 476 redit
1210 433 1336 478 bonis

416 518 518 559 Post
547 521 729 558 mortem
758 514 943 580 ducibus
959 549 966 565 ‚

1001 528 1087 557 non
1117 514 1283 558 celeres
1313 515 1439 572 fugae
1651 516 1713 565 45,

402 596 706 653 ’Βθίθοιᾶθφιθ
737 601 976 638 retrorsum
1011 595 1261 639 Hannibalis
1290 596 1454 647 minae,

337 723 389 754 42.
414 722 545 754 muneri
559 720 673 760 Bch,
691 722 764 753 tres
779 719 902 752 Bland.
915 746 922 760 ,
940 718 1059 763 By‚Ct‚
1078 719 1189 753 Bentl.
1203 730 1211 752 :
1229 721 1378 754 muneris
1392 721 1452 762 Sd,
1469 722 1542 754 tres
1558 721 1660 754 dum-

292 772 385 804 taxat
400 772 487 803 Pott.
501 797 508 811 ,

527 772 613 803 item
629 771 726 803 LFM.
746 788 784 793 —
803 770 867 802 Vv.
884 769 926 802 ⁴4
939 787 959 792 -
971 770 1022 802 47.
1042 769 1250 803 subditicios
1272 771 1397 803 censet
1414 770 1528 803 Hofm.
1543 770 1661 803 Peerl-

292 822 410 862 kamp.
439 839 474 844 —
513 821 565 852 45.
585 820 699 852 celeris
725 820 810 862 faya
833 820 872 852 B.
903 818 1032 860 (Verba
1057 828 1124 850 non
1149 819 1269 851 celeres
1293 820 1396 861 fuyae
1412 837 1432 843 -
1450 837 1470 843 -
1494 820 1661 852 Lucralus

290 871 389 903 rediit
421 871 539 912 spuria
570 869 736 902 videntur
762 869 930 909 Haackio‚
973 870 1143 909 Martiuo,
1169 869 1423 911 Lachmanno.)
1451 887 1488 893 —

292 920 415 952 nabilis
441 920 514 961 (sic)
543 920 580 951 T.

292 1026 346 1057 44.
373 1025 426 1057 42.
468 1024 601 1057 Gaudes
615 1024 830 1066 carminibus]
866 1025 936 1056 «Tu

249 1075 345 1116 quod
357 1082 572 1115 generosum
585 1073 745 1106 animum
760 1072 864 1114 longe
877 1082 954 1106 ma-

249 1125 302 1165 gis
318 1123 439 1162 decet,
465 1131 576 1155 sensu
590 1131 676 1155 vere
693 1123 833 1164 poetico
849 1131 952 1164 prae-

250 1174 343 1206 ditus
360 1182 434 1206 es.»
454 1191 491 1195 —
503 1173 653 1213 pretium
668 1172 786 1214 dicere]
813 1173 879 1205 «de
895 1173 951 1205 iu-

248 1225 303 1256 sto
333 1223 447 1264 pretio
472 1223 689 1261 carminum,
732 1230 825 1263 quae
853 1223 951 1254 omni

249 1272 316 1305 alio
323 1273 460 1305 honore
474 1272 605 1304 certius
617 1270 857 1304 immortalem
866 1272 950 1304 viris

246 1321 341 1354 bene
377 1321 513 1354 meritis
546 1320 697 1362 gloriam
738 1321 947 1360 conciliant,

246 1373 345 1404 recte
362 1372 553 1403 statuere.»
573 1388 610 1393 —
634 1370 781 1412 muneri]
806 1371 950 1403 omnino

248 1421 456 1462 exquisitior
477 1419 600 1459 lectio,
625 1420 662 1451 in
689 1429 760 1461 qua
782 1429 816 1451 v.
843 1420 951 1452 dicere

247 1469 426 1503 statuendi
477 1468 587 1501 habet
632 1469 947 1510 significationem;

246 1528 365 1560 neque
390 1517 533 1559 intelligi
556 1519 691 1560 potest,
733 1527 797 1550 cur
819 1517 950 1550 librarii

246 1568 441 1601 faciliorem
485 1567 676 1600 lectionem
722 1569 870 1600 muneris
914 1569 949 1600 in

246 1617 480 1650 difficiliorem
518 1617 699 1649 mutarint.
749 1618 949 1650 Genitivum

248 1666 424 1709 explicant
438 1676 444 1697 :
501 1679 517 1695 «
528 1666 718 1699 ostendere
767 1667 922 1708 pretium
938 1692 945 1707 ,

247 1716 345 1759 quod
373 1716 483 1748 habet
506 1724 653 1748 carmen
681 1717 716 1748 in
740 1725 780 1748 se
803 1718 948 1758 specta-

246 1768 324 1799 tum
338 1775 368 1805 ς»
404 1765 440 1797 id
464 1765 561 1807 quod
585 1765 714 1798 eodem
735 1765 810 1798 fere
834 1766 945 1806 redit,

246 1815 312 1848 sed
345 1815 503 1857 pedestri
534 1815 681 1847 orationi
709 1816 855 1857 propius
880 1817 945 1848 est.

247 1865 317 1899 Cfr.
344 1865 452 1897 etiam
475 1866 544 1897 sat.
571 1865 608 1905 2,
634 1865 673 1905 3,
699 1865 765 1897 23:
803 1865 949 1898 Callidus

244 1916 320 1948 huic
353 1915 448 1957 signo
479 1914 643 1955 ponebam
673 1915 769 1947 milia
801 1918 944 1947 centum.

245 1966 319 1997 Nec
362 1973 448 1996 vero
483 1963 652 2006 superbia
686 1965 779 1997 inest
823 1964 946 1997 Flacco

245 2014 387 2055 indigna
410 2014 446 2046 in
470 2023 512 2046 ea
536 2013 687 2046 lectione
703 2038 711 2054 ,
748 2021 856 2055 quam
881 2022 946 2047 nos

245 2062 489 2104 praetulimus.

291 2112 343 2144 43.
363 2112 416 2145 44.
441 2113 528 2144 notis
541 2130 560 2136 -
570 2112 723 2154 publicis]
743 2114 840 2145 «Non
857 2112 946 2145 tituli

244 2161 440 2202 insignibus
482 2161 634 2194 ducibus
674 2162 709 2194 in
748 2163 946 2195 statuarum

246 2210 532 2253 (triumphalium)
567 2211 646 2243 basi
679 2210 822 2252 publice
845 2211 946 2244 incisi

245 2268 288 2292 eo
312 2261 435 2301 utique
463 2260 556 2300 fine,
594 2262 632 2292 ut
665 2259 787 2292 talium
820 2259 945 2294 laudes

225 2308 352 2342 ''etiam
376 2319 396 2342 a
418 2311 571 2352 posteris
601 2307 845 2351 celebrentur,
883 2320 946 2343 ae-

243 2360 423 2400 quiparari
455 2361 606 2401 possunt
636 2359 854 2393 carminibus
885 2361 945 2393 bo-

242 2417 380 2449 norwm,
406 2408 548 2441 fortium
564 2418 606 2441 ac
622 2411 862 2449 strenuorum,
881 2410 946 2442 im-

241 2460 448 2499 peratorum
467 2458 591 2491 laudes
615 2458 941 2500 praedicantibus.»

243 2507 314 2538 Liv.
344 2507 383 2547 6,
413 2508 476 2540 29:
526 2508 641 2540 tabula
674 2508 792 2540 litteris
823 2509 940 2541 incisa.

242 2555 377 2589 Eadem
391 2556 588 2589 litterarum
598 2582 605 2596 ‚
631 2566 702 2589 non
717 2557 945 2599 compendio-

241 2613 321 2637 rum
337 2605 517 2638 scribendi
533 2606 736 2648 (simarum),
766 2606 943 2647 significa-

244 2654 336 2686 tione
368 2655 452 2687 dixit
474 2655 507 2687 h.
534 2655 556 2688 l.
582 2659 689 2692 notas.
733 2655 942 2698 Exemplum

1517 870 1572 902 46.
1598 879 1659 903 am

942 1050 949 1064 ,
998 1023 1151 1065 praebet
1165 1022 1253 1055 Plut.
1278 1023 1353 1056 Cat.
1381 1025 1463 1056 mai.
1490 1024 1544 1056 49.
1579 1025 1702 1058 Catoni

1001 1073 1163 1106 censorio
1188 1071 1309 1114 populi
1331 1073 1431 1106 iussu
1450 1073 1566 1115 posita
1586 1076 1702 1107 statua

1000 1131 1084 1155 cum
1101 1121 1197 1154 titulo
1209 1122 1580 1156 honorificentissimo.
1597 1125 1704 1157 Prae-

1000 1173 1098 1204 terea
1121 1171 1184 1204 cfr.
1210 1172 1320 1204 Inscr.
1346 1181 1396 1205 m.
1423 1173 1497 1205 Lat.
1515 1173 1553 1205 T.
1571 1174 1598 1206 I.
1616 1182 1698 1216 pag.

1001 1221 1075 1254 ⁴45.
1109 1222 1336 1254 Monumenta
1360 1222 1540 1255 historica.
1589 1224 1702 1256 Gene-

999 1270 1081 1303 ralis
1105 1272 1226 1303 autem
1250 1272 1304 1303 est
1327 1272 1503 1304 sententia
1526 1281 1594 1305 nec
1617 1281 1701 1306 cum

999 1329 1136 1362 nupero
1166 1320 1322 1362 quodam
1358 1321 1551 1363 interprete
1574 1322 1701 1355 resen-i

998 1371 1116 1411 potest
1146 1369 1192 1402 ad
1222 1370 1396 1403 bonorem
1426 1380 1445 1402 a
1470 1371 1633 1413 Scipione
1665 1372 1702 1404 in

999 1418 1165 1460 Hispania
1194 1420 1348 1460 partum.
1386 1419 1457 1452 Cfr.
1483 1421 1591 1454 etiam
1606 1421 1695 1463 Epp.

998 1467 1038 1507 2,
1066 1468 1102 1508 4,
1136 1467 1200 1501 248
1238 1477 1318 1510 sqq.
1367 1469 1536 1502 Ceterum
1564 1470 1699 1512 proba-

997 1517 1115 1550 biliter
1147 1518 1205 1550 hic
1240 1518 1285 1551 de
1319 1519 1478 1552 virorum
1520 1519 1698 1553 clarorum

997 1568 1123 1600 statuis
1153 1567 1252 1601 locus
1280 1568 1434 1601 retertur
1464 1569 1510 1602 ad
1534 1578 1615 1610 eas,
1651 1569 1698 1603 de

998 1616 1127 1658 quibus
1157 1618 1344 1650 Suetonius
1374 1618 1495 1651 Octav.
1527 1618 1588 1651 34:
1625 1620 1700 1652 Au-

997 1668 1120 1707 gustus
1131 1668 1331 1707 proximam
1353 1676 1376 1699 a
1391 1667 1443 1700 dis
1455 1668 1698 1701 inmortalibus

996 1717 1154 1749 honorem
1172 1718 1354 1750 mernoriae
1376 1719 1498 1750 ducum
1514 1720 1696 1760 praestitit,

997 1768 1054 1806 qui
1091 1768 1269 1808 imperium
1311 1768 1431 1808 populi
1475 1769 1618 1802 Romani
1654 1778 1700 1802 σω

995 1817 1133 1849 minimo
1154 1817 1346 1849 maximum
1366 1818 1592 1851 reddidissent.
1625 1819 1698 1852 Ita-

997 1874 1060 1906 que
1100 1869 1131 1898 et
1164 1875 1270 1907 opera
1301 1867 1460 1907 cuiusque
1490 1868 1699 1901 manentibus

995 1915 1099 1947 titulis
1138 1916 1283 1948 restituit
1315 1919 1347 1948 et
1385 1919 1515 1948 statuas
1550 1918 1698 1951 omnium

995 1965 1192 2005 trimnphali
1214 1964 1321 2006 effigie
1343 1965 1379 1997 in
1400 1968 1545 2005 utraque
1564 1966 1632 2007 fori
1645 1967 1698 2000 sui

990 2015 1126 2054 porticu
1147 2014 1322 2047 dedicavit.
1363 2013 1448 2047 Gell.
1466 2016 1506 2047 N.
1523 2016 1564 2048 A.
1582 2016 1621 2056 9,
1639 2017 1695 2049 u.

995 2063 1173 2105 Lamprid.
1197 2063 1296 2096 Alex.
1313 2064 1380 2097 28:
1415 2064 1584 2106 Λυρκείας
1603 2074 1697 2098 sum-

994 2122 1128 2145 morum
1148 2116 1278 2145 statuas
1302 2114 1456 2146 virorum
1483 2114 1520 2146 in
1540 2114 1615 2155 foro
1637 2123 1696 2147 suo

995 2172 1012 2195 e
1026 2172 1198 2195 mamore
1207 2163 1381 2196 collocavit
1391 2164 1515 2196 addicis
1528 2165 1638 2206 gostis.
1653 2181 1693 2188 —

993 2213 1130 2253 spiritus
1147 2211 1287 2255 (Mitem)
1310 2216 1342 2246 el
1361 2213 1451 2255 vita]
1483 2214 1526 2247 ut
1546 2213 1606 2246 hic
1628 2222 1696 2246 no-

994 2262 1108 2301 mina,
1143 2262 1196 2294 sic
1218 2262 1331 2294 verba
1347 2262 1597 2304 respondentia
1619 2263 1697 2295 iun-

994 2312 1124 2351 guntur
1157 2310 1220 2343 Od.
1246 2311 1285 2351 4,
1311 2312 1343 2351 9,
1363 2312 1426 2344 4οε
1457 2312 1566 2351 spirat
1587 2311 1720 2356 adhuc*

994 2369 1091 2392 amor
1106 2360 1290 2400 Vivuntque
1303 2361 1468 2396 commissi
1484 2361 1612 2394 calores
1622 2362 1691 2394 cet.
1718 2380 1722 2382 -

993 2410 1087 2451 Virg.
1117 2411 1205 2442 Aen.
1235 2410 1274 2449 6,
1303 2409 1385 2443 848:
1424 2411 1601 2443 Eoecudent
1633 2410 1722 2449 alii<

991 2460 1159 2499 spirantia
1190 2459 1323 2492 mollius
1344 2469 1447 2500 aera,
1472 2460 1577 2492 Credo
1598 2460 1695 2501 equi-
1715 2455 1722 2489 Ξ

992 2509 1078 2548 dem,
1101 2509 1194 2541 vivos
1219 2509 1337 2541 ducent
1362 2510 1401 2542 de
1429 2517 1600 2542 marmore
1618 2509 1694 2542 vol-
1713 2503 1722 2560 ᾗ

992 2561 1045 2590 tus
1076 2559 1144 2590 cet.
1714 2566 1722 2582 ὲ

1036 2608 1076 2639 45
1099 2616 1202 2649 seqq.
1216 2606 1330 2641 Multis
1353 2571 1617 2640 difficultatibus
1638 2606 1722 2662 lii—3

991 2656 1094 2689 horat
1109 2657 1166 2688 hic
1182 2655 1304 2695 locus,
1335 2658 1374 2689 ut
1389 2657 1503 2689 exstat
1523 2657 1560 2689 in
1574 2656 1692 2689 omni-
1714 2658 1722 2689 1³.
