1722 2904
587 58 667 92 Lm.
691 57 747 90 nl.
796 57 835 90 C.
861 57 946 90 XXI.
991 67 996 74 ·

1437 53 1519 95 463

248 167 309 209 Tu
337 177 459 222 spem
488 162 660 206 reducis
689 159 904 204 mentibus
933 159 1091 208 anxiis,

246 246 454 302 Viresque
483 250 526 287 et
553 241 677 286 addis
707 254 868 284 cornua
898 240 1077 298 pauperi

303 327 404 369 Post
431 330 472 368 te
502 336 646 381 neque
675 322 805 364 iratos
834 321 1030 364 trementi

358 407 522 463 Regum
550 403 696 460 apices
733 415 876 459 neque
911 400 1090 444 militum
1119 413 1249 444 arma.

1464 400 1519 441 ΞΟ

168 564 220 596 47.
260 563 385 595 anxius
416 562 452 593 T.
492 579 527 583 -
568 560 619 592 49.
658 559 779 599 neque]
812 567 869 590 nec
905 558 947 596 Τ,
988 555 1175 589 Bentleius.
1216 576 1250 580 —
1284 556 1335 588 20.
1361 557 1474 597 neque]

126 617 156 646 et
178 614 215 646 Τ.

81 750 150 782 tur.
178 767 213 772 —
246 747 384 790 retegis]
420 745 583 787 Aeschyl.
613 746 667 778 Fr.
695 743 771 776 274.
829 752 897 776 του
930 739 1079 783 Πάντες
1118 740 1187 774 ἴσα
1219 742 1356 785 νέομεν
1394 740 1520 785 ψευδῆ

82 798 203 831 Dind.:
230 795 456 842 Κάτοπτρον
481 793 604 836 εἴδους
631 790 774 834 χαλκός

83 847 160 881 ε’στ
172 872 183 887 ,
206 844 311 888 οινος
332 844 374 878 δὲ
396 843 478 878 νοῦ.

127 898 169 931 48
183 897 272 929 -20,
310 895 454 937 cornua]
478 903 569 936 quae
592 892 718 926 Fluviis
740 893 776 924 et

82 946 209 980 Libero
238 946 327 988 patri
366 945 431 987 ipsi
467 943 686 981 tribuuntur,
722 942 775 974 vi-

82 997 175 1030 rium
189 996 295 1037 atque
314 994 547 1027 confidentiae
562 989 772 1034 σύμβολον.

82 1047 207 1079 Voss:
243 1045 299 1076 dos
319 1044 446 1076 Muthes
465 1044 607 1076 Ho'mer.
653 1043 775 1083 Appo—

82 1095 147 1128 site
163 1093 261 1126 ovid.
278 1094 318 1126 A.
335 1094 376 1126 A.
395 1093 408 1125 4
422 1118 430 1131 ,
447 1092 529 1125 239;
556 1092 657 1133 (inter
681 1090 773 1130 vina)

83 1144 172 1176 Tum
202 1143 338 1176 veniwtt
374 1142 484 1182 n’sus,
534 1144 612 1173 tunc
642 1149 776 1181 pauper

81 1201 210 1226 cornua
241 1192 361 1230 ειιηιᾶις
400 1193 437 1224 et
465 1192 542 1224 Am.
578 1191 618 1230 3,
643 1190 703 1229 44,
729 1190 772 1222 6;

85 1243 248 1275 Venerunt
278 1242 381 1282 capiti
412 1250 541 1273 comua
579 1249 655 1272 sera
689 1249 772 1271 meo.

82 1292 251 1324 Ceterum
268 1291 383 1332 imago
396 1292 450 1323 est
465 1290 571 1322 etiam
583 1289 772 1322 orientalis.

83 1339 224 1373 Samuel
258 1340 296 1378 4,
331 1341 376 1380 2,
408 1340 449 1372 4;
492 1335 638 1381 ὑψώθη
661 1339 775 1385 κέρας

81 1399 160 1432 μου
190 1388 231 1422 ἐν
258 1388 355 1432 θεῷ,
390 1388 487 1430 quod
510 1389 621 1421 Lucas
651 1389 693 1426 4,
719 1388 772 1420 69.

82 1439 236 1471 imitatus
259 1440 324 1471 est.
362 1439 469 1479 lunge
486 1439 605 1470 autem
625 1439 777 1478 Vir-esque

83 1491 115 1519 et
135 1496 263 1520 cornua
277 1488 393 1525 addi-u
418 1488 664 1528 metaphoram
680 1487 775 1519 enim

83 1533 135 1579 τῷ
150 1537 268 1582 κυρίῳ
283 1537 403 1568 iunxit.
451 1537 607 1576 Languet
624 1535 775 1577 volgaris

826 790 922 850 πρὸς
954 789 1087 825 ἀκτάν·
1117 789 1181 834 Ὃς
1213 792 1286 835 μὲν
1308 787 1519 836 ἀχρήμων,

825 838 972 883 ἀφνεὸς
1005 840 1114 881 τότε,
1164 843 1225 875 τοὶ
1257 841 1290 874 δ
1323 853 1374 876 αυ
1404 842 1521 876 πλου-

825 892 973 933 τέοντες
986 910 1007 917 -
1019 911 1039 917 -
1053 888 1232 934 ἀέξονται
1245 893 1390 939 φρένας
1403 889 1523 935 ἀμπε-

825 940 943 983 λίνοις
964 939 1092 983 τόξοις
1119 940 1312 984 δαμέντες.
1363 943 1523 983 Bacchy-

824 991 913 1024 lides
948 993 1083 1032 Fragm.
1115 992 1170 1024 27.
1195 993 1307 1034 Bergk
1330 1001 1410 1035 pag.
1432 993 1518 1025 827:

824 1040 972 1074 Γλυκεῖ
1003 1036 1154 1084 ἀνάγκα
1186 1041 1383 1084 Σευομένα
1416 1041 1522 1075 κυλί-

823 1102 902 1123 κων
935 1088 1106 1133 θάλπησι
1143 1089 1293 1133 θυμόν,
1330 1089 1523 1137 Κύπριδος

823 1139 854 1172 δ’
879 1139 984 1181 ἐλπὶς
1004 1138 1222 1174 διαιθύσσει
1237 1142 1382 1186 φρένας
1392 1138 1524 1184 Ἀμμι-

824 1191 993 1234 γνυμένα
1007 1189 1248 1224 Διονυσίοισι
1269 1189 1424 1238 δώροις,
1445 1187 1524 1224 Ἀν-

823 1238 936 1286 δράσι
968 1238 999 1272 δ’
1032 1237 1217 1282 ὑψοτάτω
1247 1242 1386 1283 πέμπει
1414 1242 1523 1286 μερί-

823 1300 936 1332 μνας·
959 1285 1089 1328 Αὗτίχ’
1114 1287 1137 1322 ὁ
1159 1289 1232 1332 μὲν
1254 1288 1402 1323 πόλεων·
1424 1287 1522 1336 κρή-

824 1338 943 1382 δεμνα
973 1337 1077 1378 λύει,
1111 1338 1216 1372 Πᾶσι
1246 1338 1277 1372 δ’
1301 1336 1521 1386 ἀνθρώποις

824 1388 1087 1435 μοναρχήσειν
1132 1388 1256 1422 δοκεῖ·
1309 1388 1453 1436 Χρυσῷ
1490 1387 1521 1421 δ’

825 1438 1003 1479 ἐλέφαντί
1027 1449 1067 1471 τε
1091 1440 1369 1486 μαρααίροισιν
1395 1443 1518 1478 οὶκοι,

825 1487 1054 1547 Πυροφόροι
1100 1487 1142 1522 δὲ
1190 1490 1272 1521 κατ
1317 1487 1520 1533 αἰγλήεντα

827 1535 998 1583 [καρπὸν]
1031 1537 1133 1581 Νῆες
1165 1534 1328 1582 ἄγουσιν
1361 1535 1424 1571 ἀπ’
1456 1538 1522 1572 Αἰ-

83 1585 347 1627 interpretatio:
374 1594 498 1627 «spem
512 1587 676 1626 viresque
691 1585 775 1618 red-
797 1582 801 1632 1
826 1586 970 1631 γὺπτου
1007 1589 1189 1632 μέγιστον
1225 1587 1419 1622 Πλοῦτον·
1469 1600 1523 1630 ως

85 1635 300 1668 disanxiis.»
327 1652 365 1658 —
388 1636 463 1667 Post
483 1634 531 1675 te]
562 1635 716 1676 epotam.
737 1651 773 1657 —

83 1685 211 1726 apices]
246 1684 309 1716 Od.
346 1685 383 1723 4,
419 1683 478 1723 34,
515 1683 567 1716 44.
604 1684 650 1716 de
682 1685 777 1725 regis

83 1735 291 1767 Parthorum
313 1734 457 1775 insigni,
482 1735 569 1766 tiara
592 1742 675 1766 eum
690 1743 777 1766 acu-

85 1784 192 1816 mine.
240 1783 380 1816 Curtius
402 1783 439 1822 3,
464 1783 502 1822 3,
529 1784 589 1815 49;
628 1783 777 1816 Cidarim

84 1834 202 1865 Persae
221 1832 384 1864 vocabant
416 1833 544 1874 reqium
576 1833 695 1873 capitis
722 1833 776 1864 in—

84 1883 194 1923 signe:
226 1882 286 1914 hoc
311 1882 467 1914 caemlea
491 1883 602 1923 fascia
626 1882 701 1914 albo
723 1883 777 1914 di-

84 1932 203 1964 stincta
224 1931 429 1963 circumibat.
476 1932 515 1963 In
548 1940 654 1972 prosa
687 1933 774 1963 orat.

86 1980 349 2018 «diadematan3
374 1981 449 2012 sine
473 1980 601 2021 figura:
639 1981 778 2012 «maie-

85 2031 213 2062 statem
253 2031 289 2061 et
319 2030 547 2071 potentiam.»
588 2049 624 2054 —
670 2032 779 2062 [ratos

85 2080 205 2111 autem
226 2079 336 2119 apices
355 2088 422 2120 pro
446 2080 635 2112 «iratorum
653 2089 777 2121 regum

86 2127 291 2169 apicibus»,
327 2130 364 2160 ut
396 2129 553 2170 Propert.
579 2130 617 2167 2,
643 2130 685 2161 20
700 2155 707 2168 ,
732 2130 774 2162 8:

85 2177 188 2209 Niobe
208 2195 227 2200 —
250 2195 270 2200 -
292 2178 436 2210 Sollicito
470 2178 629 2210 lacrimas
666 2179 779 2220 defluit

89 2225 204 2268 (vulgo
227 2225 401 2267 Scaliger-o
424 2229 567 2259 auctore
591 2228 725 2269 depluit)
756 2237 778 2259 a

87 2275 212 2316 Sipylo.
246 2276 315 2308 Cfr.
341 2276 386 2308 de
410 2277 495 2315 hac,
521 2285 629 2317 quam
644 2277 775 2315 dicunt,

89 2323 244 2365 enallage
274 2326 413 2357 Axtium
442 2325 487 2357 ad
508 2326 648 2357 Vestrit.
674 2327 775 2367 Spur.

88 2382 122 2414 p.
148 2373 202 2406 44.
230 2392 265 2397 —
300 2374 436 2407 Similes
458 2374 524 2406 loci
548 2375 592 2406 de
615 2375 685 2407 vini
707 2376 780 2406 vir-

87 2421 241 2454 tutibus:
265 2423 327 2455 Od.
344 2424 375 2462 4,
391 2424 442 2456 48.
461 2423 558 2455 Pind.
573 2424 686 2464 Frgm.
702 2424 775 2456 436.

87 2470 150 2502 Ed.
179 2472 329 2503 Boeckh.
359 2473 442 2504 min.
471 2473 594 2512 Bergk.
622 2474 661 2504 N.
691 2473 775 2505 498:

84 2515 191 2552 ‘Avix'
214 2517 426 2566 ἀνθρώπων
458 2519 698 2563 καματώδεες
721 2520 778 2554 οἴ-

89 2578 222 2607 χονται
253 2572 434 2615 μέριμναι
467 2571 644 2613 Στηθέων
681 2567 752 2612 ἔξω
767 2596 776 2611 ,

94 2616 246 2661 πελάγει
269 2617 297 2650 δ’
321 2619 361 2651 ἐν
379 2617 638 2665 πολυχρύσοιο
661 2618 778 2653 πλού-

826 1638 1004 1678 πίνοντος
1026 1633 1201 1683 ὁρμαίνει
1204 1639 1317 1697 κεάρ.
1341 1639 1517 1681 Aristoph-

826 1687 889 1728 Eq.
918 1687 979 1719 9⁴:
1021 1686 1136 1721 Οἴνου
1168 1685 1241 1733 γὰρ
1253 1698 1391 1745 ..ευροις
1412 1683 1463 1720 ἄν
1485 1698 1521 1721 τι

826 1734 1156 1793 πρακτικώτερον,·
1182 1734 1319 1783 Ὁρᾷς;
1343 1733 1438 1770 ὅταν
1460 1740 1523 1771 πί-

826 1796 943 1818 νωσιν
965 1781 1187 1831 ανθρωποι,
1217 1786 1303 1820 τότε
1324 1786 1523 1820 Πλουτοῦ-

827 1845 886 1873 σι,
909 1833 1204 1881 διαπράττουσι,
1228 1835 1386 1869 νικῶσιν
1401 1835 1520 1877 δίκας,

826 1880 1157 1926 Εὗδαιμονοῦσιν,
1203 1882 1398 1925 ωφελοῦσι
1431 1883 1523 1927 τοὺς

826 1932 976 1974 φίλους.
1016 1936 1122 1966 Poeta
1140 1935 1246 1976 Cypr.
1265 1944 1322 1977 ap
1340 1936 1465 1968 Athen.
1486 1936 1519 1973 2,

826 1992 861 2024 p.
881 1983 923 2015 35
939 1983 983 2015 h:
1010 1980 1124 2015 Οἶνόν
1139 1993 1215 2022 τοι,
1233 1982 1417 2023 Μενέλαε,
1435 1982 1523 2016 θεοὶ

827 2033 994 2074 ποίησαν
1016 2042 1176 2078 αριστον
1200 2033 1357 2076 θνητοῖς
1371 2030 1523 2080 ἀνθρώ-

827 2091 957 2113 ποισιν
993 2063 1259 2115 ἀποσκεδάσαι
1291 2081 1519 2125 μελεδῶνας.

827 2130 984 2172 Diphilus
1006 2130 1084 2162 loeo
1108 2140 1215 2173 supra
1239 2132 1295 2173 (ad
1316 2142 1350 2164 v.
1370 2132 1439 2189 44-
1454 2133 1521 2172 46.)

827 2179 951 2211 allato:
987 2177 1183 2212 Λιόνυσε-
1196 2198 1263 2220 --‚
1288 2177 1333 2222 ὃς
1362 2178 1432 2213 τὸν
1455 2191 1522 2213 τα-

827 2225 956 2260 πεινὸν
966 2229 1067 2271 μέγα
1078 2232 1235 2273 φρονεῖν
1250 2234 1373 2271 ποιεῖς
1385 2228 1521 2272 μόνος,

827 2275 894 2309 τὸν
917 2274 986 2317 τὰς
1009 2273 1132 2323 ὀφρῦς
1166 2276 1324 2336 αιροντα
1357 2281 1522 2321 συμπεί-

827 2327 908 2367 θεις
930 2325 1066 2369 γελᾶν,
1101 2325 1168 2359 τόν
1202 2328 1231 2360 τ’
1263 2325 1411 2372 ἀσθενῆ
1436 2328 1523 2361 τολ-

827 2374 906 2418 μᾶν
952 2386 1010 2415 τι,
1060 2373 1129 2408 τὸν
1176 2375 1302 2410 δειλὸν
1347 2379 1519 2424 θρασεῖν.

829 2426 1051 2458 Chaeremon
1074 2426 1109 2457 in
1135 2427 1260 2467 Wagn.
1292 2428 1345 2459 Fr.
1371 2430 1414 2459 tr.
1439 2437 1519 2469 pag.

830 2474 910 2506 ⁴30:
944 2474 1033 2514 Τοῖς
1064 2475 1276 2520 χρωμένοις
1310 2473 1415 2516 οἶνος
1449 2486 1523 2508 πα-

828 2521 1100 2569 ρασκευάζεται
1140 2523 1307 2563 Γέλωτα,
1362 2526 1520 2564 σοφίαν,

829 2567 1019 2614 εὖμαθίαν
1030 2597 1045 2614 ‚2
1058 2568 1272 2612 εὖβουλίαν.
1291 2592 1327 2597 -
1345 2573 1439 2606 Alias
1450 2575 1522 2606 vini

827 2620 967 2661 laudes,
998 2631 1089 2663 quae
1112 2623 1207 2663 apud
1231 2624 1392 2664 antiquos
1415 2632 1522 2665 repe-
