1722 2904
0 2263 12 2339 κζ’*
0 2198 14 2209 ,·
0 2150 9 2176 ¹⁸·
0 2096 10 2113 ··«
0 1976 21 2077 'avc—:ws-
0 1947 7 1951 ’ν

32 2207 51 2225 .-

618 78 698 111 un.
723 78 779 110 iv.
826 77 866 110 c.
890 56 1000 110 vus

1474 71 1549 114 571

172 185 306 228 Mutat
334 190 450 228 terra
477 183 597 226 vices
625 188 669 225 et
696 180 992 224 decrescentia
1019 179 1135 236 ripas

340 263 533 308 Flumina
560 268 856 320 praetereunt3

172 376 315 420 Gratia
343 389 443 419 cum
469 373 676 434 Nymphis
706 373 978 432 geminisque
1009 370 1231 415 sororibus
1260 371 1390 414 audet
1531 371 1557 411 5

338 456 509 499 Ducere
537 453 653 498 nuda
682 453 851 522 choros.

172 535 428 583 Immortalia
455 549 511 579 ne
542 548 712 593 speres,
743 540 889 578 monet
921 546 1059 577 annus
1087 539 1131 576 et
1159 531 1319 575 almum

339 617 461 669 Quae
491 615 601 673 rapit
628 615 735 658 hora
772 614 900 658 diem.

202 773 236 805 7.
260 773 303 815 et]
326 773 373 805 ad
393 772 431 804 T.
460 789 496 794 —-
522 770 635 803 album
655 770 696 808 d,
722 778 814 802 corr.
840 768 881 808 b,
900 769 1165 802 Franekeranus
1180 768 1245 811 (v),
1260 777 1326 811 pro
1340 777 1416 802 var.
1433 768 1514 802 lect.

161 820 200 862 β.
230 839 267 845 -
295 821 515 862 8.Quem'1'.
544 819 905 861 -ἀέαη]ροιυιπψ.

119 961 253 1007 μάχην
273 960 492 1005 μάχεσθαι,
520 962 556 994 in
578 969 683 1002 prosa
699 962 788 992 orat.
807 969 814 990 :

120 1014 288 1056 upatitnr,
313 1011 409 1045 subit
431 1012 529 1044 vices
555 1018 711 1048 annuas3
735 1018 819 1042 mu-

123 1063 243 1095 tantur
262 1063 381 1095 terrae
409 1061 509 1100 ‚vices
524 1085 532 1100 ,
567 1068 650 1092 cum
673 1068 716 1091 ex
739 1059 818 1090 hie-

124 1110 208 1146 mali
250 1119 401 1144 vernam
436 1108 597 1152 speciem
633 1109 817 1142 assumit.»

121 1160 257 1195 Placuit
282 1159 412 1193 locutio
438 1158 630 1192 Claudiano
653 1157 758 1190 Proh.
784 1158 820 1190 et

122 1209 247 1251 Olybr.
262 1211 329 1243 ⁴2:
353 1210 426 1251 (His
440 1209 522 1249 non)
538 1209 629 1241 novit
645 1207 816 1249 (Fortuna)

120 1260 359 1292 mmm.
376 1260 549 1300 Panegyr.
563 1259 599 1290 in
610 1258 726 1290 Pison.
741 1256 815 1288 ⁴33:

122 1308 201 1349 Ipsa
224 1308 313 1341 vices
342 1311 471 1340 natura
501 1307 588 1339 subit
617 1307 820 1345 variamque

122 1367 240 1390 eunus
253 1358 414 1396 Orabat,
436 1357 577 1389 inversis
597 1359 629 1388 ot
648 1355 821 1397 frondibus

125 1407 274 1448 amplicat
293 1415 431 1439 amun.
470 1404 556 1438 Plin.
582 1406 623 1437 H.
646 1406 687 1437 N.
710 1405 749 1444 2,
774 1404 817 1435 6:

122 1458 209 1489 vim
244 1459 430 1496 tenuiorum
465 1463 658 1494 annumque
692 1462 821 1494 semper

122 1508 359 1538 renascentem.
375 1523 412 1528 --
435 1503 663 1545 decrescentia]
680 1502 820 1544 Alpium

122 1556 160 1588 et
179 1554 354 1596 Apennini
372 1553 514 1586 nivibus
534 1554 604 1585 cito
624 1552 820 1594 liquefactis

123 1604 240 1646 primo
253 1611 340 1635 vere
355 1603 596 1635 intumescunt
610 1601 729 1634 ltaliae
751 1602 822 1633 flu-

124 1653 244 1690 mina;
267 1660 351 1684 mox
371 1650 491 1683 adulto
506 1660 592 1683 vere
608 1651 821 1683 decrescunt

123 1703 161 1735 et
189 1710 230 1734 se
258 1702 439 1734 continent
467 1702 559 1733 intra
588 1702 684 1742 ripas
714 1708 819 1737 suas;

123 1752 243 1792 itaque
257 1759 320 1783 eas
333 1754 547 1791 praeter-emit
557 1776 565 1790 ,
583 1750 620 1782 id
635 1752 708 1788 est,
727 1749 822 1780 iuxta

126 1801 223 1842 ripas
245 1799 412 1832 labuntur
433 1809 551 1841 neque
576 1808 637 1832 eas
667 1806 823 1838 evagan-

125 1851 183 1882 tur
197 1849 451 1891 (vorbeirouen).
476 1850 548 1882 Liv.
566 1849 622 1889 38,
641 1849 701 1882 ⁴8:
722 1856 825 1888 prae-

125 1902 178 1931 ter
196 1900 310 1939 ripam
335 1898 486 1931 euntibus
518 1898 686 1931 Romanis.
733 1895 822 1930 Male

125 1947 209 1981 olim
223 1949 443 1981 decrescentia
465 1947 587 1980 «valde
604 1947 821 1979 crescentia»

127 1999 164 2041 et
174 2002 387 2038 praetorem
411 1997 627 2035 «exundant,
654 1996 825 2028 inundant

126 2047 206 2080 loca
238 2047 454 2080 adiacentia»
485 2045 821 2087 interpretabantur.

169 2097 201 2128 5.
219 2097 253 2129 6.
271 2097 394 2129 Gratia
407 2105 485 2128 cum
497 2113 514 2118 -
527 2094 826 2136 geminis-sorori-

126 2145 196 2187 bus]
212 2145 250 2177 id
264 2146 321 2178 est
336 2145 494 2177 «Gratiae
510 2144 762 2185 tergeminae»,
780 2151 824 2174 ex

127 2195 291 2236 opinione
306 2193 439 2235 volgari
462 2193 508 2225 ab
535 2192 688 2225 Hesiodo
710 2192 827 2234 prose-

127 2244 201 2282 cta,
218 2243 464 2284 Euphrosyne,
478 2241 608 2282 Aglaia,
622 2241 740 2274 Thalia
755 2251 763 2278 ;
781 2250 825 2273 ex

128 2292 274 2332 antiqua
288 2291 556 2323 Atheniensium
572 2290 664 2322 duae
675 2315 683 2329 ,
714 2285 823 2330 Αὐξώ

129 2340 196 2373 καὶ
218 2336 419 2383 “Ηγεμόνη.
463 2341 612 2371 Pausan.
639 2338 677 2376 9,
700 2339 761 2377 35,
788 2339 822 2370 2.

135 2405 172 2412 -
197 2398 273 2421 cum
296 2388 474 2429 Nymphis]
509 2390 548 2420 ut
574 2387 638 2419 Od.
668 2388 702 2424 i,
728 2386 766 2426 4,
792 2387 823 2418 6.

129 2439 233 2471 Hom.
259 2439 388 2479 Hymn.
413 2439 448 2470 in
471 2437 561 2469 Ven.
578 2437 662 2468 262:
704 2434 826 2478 (Νύμ-

129 2487 218 2528 φαι)
248 2486 323 2519 Καὶ
350 2496 391 2518 τε
417 2486 497 2528 μετ’
521 2481 734 2526 ἀθανάτοις
755 2495 826 2517 κα-

131 2532 200 2568 λὸν
233 2533 352 2581 χορὸν
385 2531 615 2581 ἐῤῥώσαντο.
644 2552 679 2557 -
716 2534 825 2575 nuda]

131 2585 197 2618 Od.
214 2585 253 2625 3,
272 2585 331 2624 ⁴9,
352 2585 392 2617 ⁴6
409 2593 462 2625 sq.
488 2586 638 2617 Pausan.
656 2584 697 2622 9,
716 2583 774 2622 35,
792 2584 824 2616 6.

132 2636 251 2667 narrat
283 2634 498 2675 antiquiores
532 2635 568 2666 et
602 2634 757 2675 pictores
793 2634 826 2665 et

864 958 1081 1001 sculptores,
1098 957 1271 1001 Bupalum
1282 984 1291 999 ‚
1306 957 1479 1000 Apellem,
1496 961 1564 1000 Py-

865 1009 1050 1050 thagoram
1075 1008 1234 1047 Parium,
1265 1009 1465 1047 Socratem,
1495 1008 1562 1039 So-

864 1058 1044 1100 phronisci
1071 1056 1200 1096 filium,
1235 1057 1371 1090 Gratias
1398 1056 1562 1090 vestibus

866 1107 1006 1140 indutas
1021 1107 1261 1148 expressisse:
1285 1106 1326 1138 οἱ
1334 1104 1376 1138 δὲ
1388 1102 1561 1152 ὕστερον,

867 1153 941 1189 οὐκ
979 1153 1067 1188 οἶδα
1093 1155 1155 1195 ἐφ’
1180 1150 1258 1198 ὅτῳ
1271 1179 1282 1195 ,
1319 1153 1564 1198 μεταβεβλή-

866 1216 959 1238 κασι
979 1202 1026 1238 τὸ
1047 1203 1184 1247 σχῆμα
1205 1201 1353 1245 αὑταῖς.
1386 1202 1564 1251 Χάριτας

866 1253 961 1299 γοῦν
997 1255 1038 1287 οἱ
1072 1255 1155 1286 κατ’
1193 1253 1262 1296 ἐμὲ
1298 1249 1497 1287 ἔπλασσόν
1522 1263 1564 1287 τε

866 1306 932 1338 καὶ
954 1301 1126 1351 ’ἔγραφον
1147 1301 1309 1347 γυμνάς.

910 1356 930 1387 ’1
946 1373 966 1379 -
982 1356 1035 1387 ⁴2.
1063 1354 1274 1386 Immortalia
1294 1362 1337 1386 ne
1357 1354 1478 1396 speres]
1503 1355 1566 1388 «Ut

867 1404 987 1437 nobis—
1002 1405 1063 1436 vix
1095 1404 1228 1437 conscii
1262 1403 1442 1436 interdum
1456 1403 1566 1448 ‘faci—

867 1463 965 1493 mus‚
1006 1453 1092 1486 dum
1124 1454 1222 1494 viget
1259 1454 1357 1485 aetas
1395 1461 1565 1494 morsque

867 1505 1025 1536 immane
1066 1505 1240 1543 quantum
1272 1500 1397 1543 procul
1435 1501 1565 1534 abesse

868 1552 1029 1586 felicibus
1059 1552 1235 1584 videtur.»
1281 1551 1479 1583 Simonides
1509 1551 1564 1583 Fr.

869 1602 923 1634 60.
949 1601 1192 1633 Schneidewin:
1219 1597 1378 1642 Θνητῶν
1399 1598 1431 1631 δ’
1458 1596 1566 1656 ὄφρα

868 1660 926 1691 τις
947 1645 1108 1690 &vocs-0
1093 1645 1167 1695 ἔχῃ
1188 1646 1434 1694 πολυήοατον
1451 1643 1565 1691 ἥβης,

870 1698 1032 1740 Κοῦφον
1062 1709 1163 1738 εχων
1192 1695 1322 1741 θυμὸν
1348 1696 1455 1731 πόλλ’
1479 1694 1569 1730 ἀτέ-

869 1749 986 1782 λεστα
1006 1751 1102 1780 νοεῖ
1136 1744 1233 1780 Οὔτε
1254 1744 1328 1793 γὰρ
1349 1745 1467 1780 ἐλπίδ’
1483 1742 1564 1786 ἔχει

870 1799 1088 1844 γηρασέιιεν
1117 1807 1207 1830 oms
1234 1797 1452 1829 θανεῖσθαι.
1499 1797 1569 1828 Im-

869 1848 1030 1880 mortalia
1055 1856 1097 1879 ne
1123 1847 1249 1887 spires,
1283 1847 1324 1877 ut
1344 1845 1456 1877 voluit
1477 1854 1570 1878 non-

871 1906 996 1936 nemo,
1042 1896 1270 1928 Horatianum
1311 1903 1383 1927 non
1418 1896 1492 1933 est3
1532 1895 1569 1927 in

870 1949 1012 1980 Lucano
1035 1944 1280 1985 similibusque
1309 1944 1425 1985 poetis
1447 1944 1569 1985 utique

872 1997 968 2028 esset
1001 1993 1198 2027 serendum.
1237 2010 1276 2016 —
1311 1992 1449 2033 almum]
1474 1992 1570 2025 diem

870 2046 991 2083 vocat,
1017 2043 1115 2085 quod
1136 2041 1205 2081 sol,
1237 2042 1298 2082 qui
1321 2041 1391 2073 diei
1412 2043 1568 2083 praeest,

872 2094 990 2126 omnia
1019 2091 1090 2124 alit.
1137 2092 1198 2123 Est
1230 2089 1408 2123 ἐπίθετον
1439 2099 1572 2132 perpe-

872 2144 991 2181 tuum,
1007 2143 1047 2173 ut
1062 2137 1165 2186 ἱερὸν
1179 2133 1297 2186 ἧιιαρ.
1320 2140 1415 2180 Virg.
1433 2141 1521 2172 Aen.
1535 2141 1569 2179 5,

873 2191 938 2225 64:
963 2192 991 2223 si
1012 2199 1104 2222 nona
1126 2190 1212 2221 diem
1232 2189 1430 2221 mortalibus
1443 2189 1572 2221 abutum

871 2241 1007 2273 Aurora
1029 2239 1196 2271 attulerit.
1242 2237 1307 2270 Alii
1339 2238 1457 2270 minus
1489 2239 1572 2279 apte

873 2290 1002 2327 albwri,
1027 2288 1062 2320 id
1086 2289 1159 2326 est,
1185 2286 1357 2326 «laetum,
1383 2287 1571 2321 faustum.-

878 2355 914 2362 —·
939 2337 1040 2379 hora]
1076 2337 1140 2369 Hic
1168 2345 1240 2369 non
1270 2336 1338 2369 dea
1359 2335 1573 2369 vicissitudi-

875 2388 929 2419 nis
943 2413 951 2426 ‚
976 2395 1044 2418 nec
1066 2388 1273 2427 temporum
1293 2386 1476 2424 universe,
1507 2384 1573 2417 sed

874 2436 1016 2478 proprie
1051 2435 1160 2466 horae
1195 2433 1369 2475 singulae,
1405 2434 1444 2465 ut
1475 2434 1574 2475 patet

875 2494 919 2517 ex
941 2493 997 2516 w.
1024 2492 1134 2516 annus
1156 2485 1191 2516 et
1213 2484 1310 2515 diem.
1338 2481 1452 2524 (Apud
1467 2482 1574 2515 Athe-

875 2534 1019 2566 nienses
1057 2533 1148 2565 duae
1188 2532 1330 2564 fuerunt
1370 2532 1574 2573 temporum

875 2582 1059 2625 praesides
1074 2607 1082 2621 ,
1129 2578 1263 2615 Θαλλώ
1302 2581 1369 2613 καὶ
1405 2577 1547 2624 Καρπώ
1562 2604 1571 2618 ,

876 2633 1024 2665 Pausan.
1050 2631 1088 2670 9,
1106 2631 1165 2666 35,
1191 2631 1244 2667 2&
1270 2629 1364 2671 apud
1382 2629 1574 2663 Hesiodum
