1722 2904
192 73 274 114 548

418 176 642 232 Utcunque
673 174 875 223 defecere
905 188 1049 217 mores
1064 208 1072 223 ‚

712 72 883 105 HORATII
907 71 1133 105 CARMINUM

1588 173 1642 215 35

476 255 731 299 Indecorant
759 255 871 298 bene
902 261 1001 297 nata
1030 253 1196 311 culpae.

364 361 478 414 Quid
508 361 689 408 debeas,
722 374 747 403 o
778 362 931 409 Roma,
965 358 1232 409 Neronibus,

366 442 500 486 Testis
530 443 770 485 Metaurum
800 440 960 483 flumen
991 447 1033 482 et
1063 439 1305 488 Hasdrubal

419 523 623 565 Devictus
655 528 697 565 et
725 520 905 578 pulcher
934 520 1088 577 fugatis

477 602 551 645 Ille
584 602 678 645 dies
708 602 827 644 Latio
857 600 1068 651 tenebris,

1590 602 1644 643 40

283 760 337 792 36.
363 760 559 791 Indeeorant
579 755 667 799 βξχ,
691 766 746 799 pr.
773 767 806 796 ν,
831 766 905 790 var.
931 756 1012 790 lect.
1038 767 1081 797 ω,
1106 758 1261 790 Pottierii
1283 758 1322 798 2,
1347 758 1386 798 5,
1411 758 1450 798 6,
1475 758 1513 798 9,
1539 757 1599 798 43,

240 809 312 848 44.,
344 810 431 849 Fea,
462 808 500 840 J:
532 808 769 839 Indedecorant
797 816 834 847 c,
863 807 1075 840 Dedecorant
1101 807 1307 848 BbST,LCt,
1337 806 1464 847 Bentl.‚
1489 807 1534 841 M.
1563 825 1599 831 —

239 860 292 892 38.
317 858 483 892 Asdrubal
505 867 543 898 c,
568 857 738 890 Hannibal
761 866 940 899 superscr.
964 857 1156 890 Hasdrubal
1177 857 1212 890 d.

198 1002 382 1042 Utcunque]
409 1010 452 1033 ex
477 1001 610 1033 Horatii
637 999 893 1033 consuetudine

198 1051 273 1093 (Od.
310 1052 347 1091 2,
387 1051 452 1090 ⁴7,
492 1051 544 1083 Μ.
586 1051 628 1090 3,
655 1050 694 1090 4,
721 1050 789 1091 29.)
827 1058 894 1091 pro

196 1100 543 1142 «quandocunque».
576 1100 729 1132 «Verum
746 1099 895 1132 simulac

194 1151 291 1182 recta
327 1158 469 1182 morum
512 1148 696 1190 disciplina
735 1148 895 1190 patribus

195 1200 309 1239 deest,
326 1207 435 1240 prava
451 1198 662 1231 educatione
679 1198 787 1230 etiam
800 1197 895 1229 bona

194 1248 390 1281 liberorum
411 1247 547 1280 indoles
570 1248 750 1288 corrumpi
771 1247 894 1279 solet.»

198 1317 234 1322 —
253 1297 407 1339 defecere]
433 1298 489 1329 Sic
504 1296 664 1330 absolute
681 1296 777 1338 apud
791 1295 892 1328 Rutil.

197 1349 338 1389 Lupum
363 1347 400 1386 ⁴,
425 1347 465 1379 2:
495 1355 643 1386 quaram
666 1346 803 1386 quaevis
824 1355 896 1377 una

194 1406 249 1430 res
278 1406 341 1437 per
373 1405 406 1428 se
438 1396 520 1428 satis
547 1399 594 1428 est
614 1396 732 1437 yravis
752 1396 798 1426 ad
819 1396 898 1436 dest-

193 1447 368 1486 ciendwn,
393 1445 429 1477 id
446 1447 521 1485 est,
546 1447 586 1477 ut
609 1444 760 1486 explicat
774 1444 893 1484 Iacob,

197 1497 265 1527 «ut
285 1496 382 1528 vires
407 1494 608 1526 deficiant.»

240 1545 294 1576 36.
319 1544 528 1585 Indecorant]
546 1542 685 1584 Volgari
699 1544 898 1576 dedecorant

195 1603 215 1626 a
247 1595 354 1635 poeta
387 1592 587 1635 praelatum
627 1602 708 1626 esse
741 1593 896 1625 verbum

195 1643 310 1675 rarius
335 1643 528 1684 (usurpavit
544 1643 672 1675 Accius
695 1642 791 1684 apud
805 1644 893 1675 Non.

195 1701 276 1735 pag.
303 1693 378 1725 ⁴25.
407 1691 528 1732 Merc.)
566 1692 650 1724 satis
675 1692 897 1724 demonstrat

197 1742 305 1774 etiam
329 1741 416 1774 cod.
443 1751 473 1774 c.
492 1767 499 1782 ,
524 1742 560 1774 in
583 1750 654 1783 quo
679 1750 722 1773 ex
744 1743 896 1782 utraque

194 1790 346 1823 lectione
370 1792 557 1823 coniuncta
580 1792 699 1823 ortum
723 1792 777 1823 est
793 1799 898 1822 mon-

197 1842 310 1874 strum
333 1841 579 1873 indedecorant.
615 1841 657 1872 V.
675 1841 762 1872 item
777 1840 898 1872 Accia-

197 1899 283 1922 num
305 1890 470 1922 indecoris
492 1890 680 1931 quinquies
714 1889 898 1930 usurpavit

195 1939 370 1981 Virgilius.
393 1958 429 1962 —
455 1940 533 1972 bene
546 1939 643 1981 nata]
670 1935 738 1971 «τὰ
754 1934 895 1980 εὐφυῆ,

197 1997 389 2030 generosas
413 1990 591 2021 naturas.»

242 2038 296 2070 38.
324 2038 438 2078 Testis]
465 2037 589 2070 Catull.
609 2037 671 2078 64,
689 2037 770 2070 357:
800 2038 898 2070 Testis

196 2088 260 2119 erit
280 2088 415 2129 maqnis
434 2087 612 2120 virtutibus
625 2088 720 2119 unda
734 2087 899 2120 Scamam

197 2137 261 2168 dri.
284 2155 320 2160 —-
344 2138 538 2169 Metaurwm
558 2137 700 2179 flumen]
725 2138 764 2169 ut
780 2137 843 2178 Qd.
861 2138 894 2176 2,

197 2185 235 2225 9,
260 2186 325 2218 2⁴:
361 2187 670 2228 Medum-flumen.
701 2187 740 2218 A.
766 2187 803 2218 P.
830 2187 894 2219 48:

195 2236 319 2276 flumen
332 2236 490 2268 Rhenum.
522 2236 702 2268 Metaurus
719 2244 763 2268 ex
778 2236 898 2268 Piceni

197 2283 327 2318 finibus
351 2287 472 2317 oritur.
502 2304 538 2308 —
561 2285 767 2327 Hasdrubal]
793 2286 832 2317 A.
859 2294 894 2317 u.

197 2342 229 2365 c.
255 2333 331 2367 547.
358 2335 396 2367 C.
416 2333 581 2367 Claudius
596 2336 690 2367 Nero
714 2343 788 2367 cos.
815 2343 897 2367 cum

198 2382 481 2422 Hasdrubalem,
507 2382 711 2416 Hannibalis
736 2383 893 2423 fratrem,

198 2439 281 2464 cum
315 2440 406 2464 nova
440 2431 524 2464 belli
557 2431 650 2464 mole
675 2431 794 2464 Italiae
819 2432 897 2464 fau-

198 2480 299 2513 cibus
310 2481 496 2513 immInere
509 2480 748 2521 intellexisset,
766 2481 896 2515 relictis

199 2529 291 2562 clam
314 2539 397 2562 cum
421 2529 559 2562 delecto
584 2529 711 2570 milite,
744 2539 837 2571 quae
860 2531 896 2563 in

199 2579 351 2611 Lucania
381 2579 554 2612 adversus
578 2578 812 2612 Hannibalem
841 2580 897 2612 te—

200 2627 325 2667 nebat,
362 2629 508 2668 castris,
547 2629 583 2661 in
606 2627 787 2664 Umbriam
811 2638 896 2671 pro-

944 999 1069 1039 fectus,
1088 998 1316 1032 Hasdrubalis
1332 1000 1529 1032 exercitum
1543 1009 1647 1042 prae-

944 1048 1102 1081 validum
1125 1048 1259 1082 collatis
1283 1058 1365 1082 cum
1388 1050 1434 1082 M.
1459 1050 1557 1082 Livio
1580 1051 1646 1083 Sa-

943 1098 1091 1131 linatore
1126 1099 1234 1140 signis
1267 1099 1315 1131 ad
1348 1100 1547 1132 Metaurum
1575 1100 1646 1132 ssu—

944 1157 1029 1180 mcn
1052 1147 1242 1189 adgressus
1257 1173 1265 1188 ,
1290 1149 1445 1181 maxima
1469 1147 1569 1181 clade
1584 1158 1647 1191 pe-

943 1198 1037 1230 nitus
1061 1198 1234 1229 contrivit.
1266 1198 1339 1230 Liv.
1364 1198 1426 1237 27,
1451 1197 1494 1230 43
1518 1207 1620 1240 seqq.

989 1246 1042 1278 39.
1069 1246 1122 1279 40.
1143 1247 1300 1288 pulcher]
1324 1248 1365 1279 ut
1385 1247 1448 1280 Od.
1466 1248 1506 1288 4,
1524 1249 1564 1288 2,
1582 1248 1642 1281 46:

945 1305 964 1327 ο
986 1295 1044 1327 Sol
1071 1296 1223 1329 Pulcher.
1262 1296 1449 1329 «Similiter
1477 1297 1643 1339 Aeschyl.

945 1346 1041 1377 Pers.
1057 1344 1136 1377 300:
1156 1340 1288 1387 Ἐμοΐς
1306 1345 1379 1387 μὲν
1396 1343 1505 1387 εἶπας
1520 1344 1647 1389 δώμα-

944 1404 1007 1426 σιν
1030 1391 1134 1434 φάος
1158 1395 1259 1438 μέγα
1280 1394 1356 1428 Καὶ
1379 1393 1517 1429 λευκὸν
1539 1390 1647 1443 ἦμαρ

944 1440 1083 1484 νυκτὸς
1119 1443 1163 1476 ἐκ
1199 1443 1453 1488 μελαγχίμου.
1467 1457 1484 1474 π
1534 1446 1643 1479 ΗΔωι.

944 1493 1045 1526 Adde
1068 1493 1232 1535 Sophocl.
1257 1494 1370 1536 Antig.
1395 1495 1470 1528 400.
1488 1496 1643 1528 Boeckh.

948 1559 982 1566 —
1004 1543 1344 1584 fuyatis--tenebrisJ
1371 1546 1647 1586 «perpetuarum

946 1591 1186 1624 calamitatum
1219 1593 1307 1625 tristi
1338 1594 1477 1626 metu.»
1523 1595 1646 1636 Imago

947 1641 1053 1673 etiam
1075 1641 1264 1674 rhetorica.
1297 1642 1371 1674 Cic.
1389 1651 1456 1685 pro
1474 1644 1554 1676 Sex.
1575 1645 1646 1677 Ro-

945 1691 1019 1723 scio
1034 1691 1112 1723 Am.
1130 1690 1195 1723 32:
1221 1694 1394 1732 tamquam
1417 1693 1445 1724 si
1467 1694 1575 1734 offic-sa
1594 1694 1646 1726 rei

943 1740 1096 1780 publicae
1129 1741 1330 1781 sempitema
1351 1751 1423 1774 nox
1454 1746 1555 1783 esset,
1593 1743 1646 1776 ita

946 1790 1088 1822 ruebant
1119 1790 1155 1821 in
1187 1790 1337 1822 tenebris.
1377 1810 1413 1814 —
1465 1793 1524 1824 Ille
1559 1793 1644 1835 dies]

949 1836 1178 1872 ἰσοστάσιον
1200 1837 1261 1886 (τῇ
1280 1838 1528 1882 ἐπὶ.Κάνναις
1551 1838 1646 1875 ἀτυ-

946 1889 1027 1933 χίᾳ)
1045 1898 1128 1921 eum
1143 1891 1248 1921 vocat
1258 1891 1438 1932 Appianus
1449 1891 1576 1924 Annib.
1587 1891 1642 1924 53.

990 1939 1044 1972 44.
1078 1939 1142 1979 Qui
1159 1939 1309 1979 primus]
1338 1940 1427 1972 Vide
1448 1941 1646 1974 Excursum

946 1989 987 2020 ΙΙ.
1017 2006 1053 2011 -
1070 1987 1155 2029 risit]
1180 1987 1313 2020 «laetus
1335 1990 1441 2031 atque
1462 1989 1645 2023 hilaritatis

945 2037 1072 2079 plenus
1094 2038 1159 2070 fuit
1180 2039 1319 2070 remoto
1342 2038 1488 2072 tandem
1509 2041 1645 2072 terrore

946 2086 1097 2120 hostili.»
1130 2086 1307 2120 Heliodor.
1333 2089 1383 2130 ⁴.,
1407 2089 1505 2122 init:
1538 2085 1647 2132 Ἡμέ-

947 2147 1016 2183 ρας
1047 2131 1135 2182 ἄρτι
1171 2134 1418 2180 διαγελώσης.
1462 2156 1496 2163 -
1539 2139 1643 2181 alma]

947 2186 1170 2227 aptissimum
1204 2188 1259 2219 est
1290 2186 1468 2220 ἐπίθετον
1499 2189 1646 2230 propter

946 2236 1099 2276 primam
1135 2244 1213 2267 voc.
1256 2237 1382 2269 adorea
1418 2237 1646 2278 significatio-

947 2293 1042 2316 nem.
1063 2302 1100 2308 -—
1117 2285 1263 2325 adorea]
1287 2285 1448 2326 donatio,
1473 2295 1494 2318 a
1507 2295 1543 2319 v.
1560 2287 1646 2319 ador

947 2333 1109 2375 (Dinlcel,
1144 2333 1265 2376 Spelt).
1313 2335 1387 2368 Iam
1423 2344 1507 2368 cum
1535 2335 1581 2368 de
1603 2345 1643 2368 re

945 2382 1088 2424 publiea
1117 2382 1210 2415 bene
1233 2384 1351 2416 meriti
1373 2385 1526 2426 antiquis
1549 2386 1644 2417 tem-

945 2431 1092 2473 poribus
1137 2431 1229 2464 farre
1273 2432 1489 2466 donarentur
1502 2459 1511 2474 ,
1561 2433 1645 2466 hinc

946 2481 1078 2514 factum
1094 2482 1166 2521 est,
1192 2482 1232 2513 ut
1251 2490 1285 2514 v.
1311 2482 1437 2515 adorea
1458 2491 1524 2524 pro
1541 2491 1644 2524 prae-

946 2532 1018 2563 mio
1041 2529 1147 2572 atque
1171 2530 1261 2563 adeo
1284 2539 1349 2572 pro
1371 2530 1495 2571 laude,
1520 2531 1641 2574 gloria,

946 2580 1081 2612 honore
1104 2580 1267 2622 usurpari
1282 2582 1449 2622 coeptum
1465 2581 1520 2613 sit.
1547 2579 1643 2613 Glos-

947 2638 1035 2662 sar.:
1061 2630 1204 2669 adorea,
1229 2626 1324 2671 δόξα
1346 2625 1372 2672 ἦ
1393 2626 1472 2662 ἀπὸ
1485 2627 1556 2664 τοῦ
1572 2638 1643 2662 πο-
