1722 2904
207 84 289 127 344

725 87 896 120 HORATH
922 89 1147 123 CARMINUM

431 191 566 236 Dulce
598 198 640 235 et
669 192 879 236 decorum
910 199 976 236 est
1004 207 1084 250 pro
1113 193 1252 251 patria
1280 195 1416 238 mori:

430 274 545 316 Mors
575 279 619 317 et
647 273 845 331 fugacem
874 274 1153 332 persequitur
1182 275 1348 326 virum,

484 355 572 398 Nec
600 346 739 412 parcit
767 354 951 400 imbellis
982 355 1182 400 iuventae

1598 357 1652 401 ⁴5

541 435 779 493 Poplitibus
808 436 1047 495 timidoque
1076 444 1210 495 tergo.

429 542 569 586 Virtus
600 541 802 600 repulsae
832 543 980 586 nescia
1009 543 1213 587 sordidae

430 623 693 667 Intaminatis
723 623 855 681 fulget
883 624 1122 668 honoribus
1141 659 1150 675 ‚

289 738 341 771 44.
363 739 580 779 prosequitur
608 739 648 778 S,
678 739 890 778 consequitur
916 737 1028 770 Bentl.
1055 739 1147 771 coni.
1175 738 1222 780 (et
1251 739 1338 772 cod.
1365 740 1612 782 cuninghamii

246 797 282 830 p.
307 788 430 829 267.‘?)
464 789 506 822 Ut
535 797 615 827 nos,
643 789 753 821 ceteri
779 789 892 821 nostri
920 798 963 822 ac
991 789 1146 822 Pottierii
1175 797 1313 822 omnes.
1348 809 1384 814 —
1411 791 1464 824 45.
1489 791 1616 824 inbellis

243 837 406 871 BbSTcd.
430 856 466 862 —
493 838 545 870 46.
563 838 718 870 timidove
733 841 825 880 tergo
840 838 905 878 Bb,
931 847 1025 871 corr.
1043 839 1081 879 T,
1100 838 1230 881 (timido
1244 843 1379 882 ueteryo
1395 849 1449 882 pr.
1468 840 1520 882 Τ,)
1535 838 1590 884 μξ
1601 866 1608 880 ,

243 888 434 921 Bentleius.
461 888 590 929 (Ceteri
606 888 718 920 nostri
733 889 912 929 timidoque
925 892 1029 930 ειν-ρο.
1056 889 1119 922 Hic
1141 898 1175 922 v.
1201 891 1259 922 est
1271 889 1417 923 ultimus
1439 891 1475 923 in
1490 891 1543 932 B.)
1570 909 1607 914 —

245 937 297 970 48.
315 938 572 970 lntaminatisb.
592 946 770 980 superscr.
788 947 862 970 con.
881 937 1049 980 (sordidae
1063 940 1099 972 in
1111 944 1123 982 ῃ
1141 939 1384 972 Contaminatis
1404 940 1430 973 C
1448 949 1468 973 e
1481 940 1607 982 Codd.)

202 1034 276 1063 tare
304 1031 440 1063 leonem.
489 1012 714 1064 Contrarium
743 1030 839 1064 Iliad.

203 1080 289 1113 373:
316 1075 344 1123 ἤ
364 1078 471 1123 μάλα
498 1077 546 1123 δη
577 1079 906 1139 μαλακώτερος

202 1125 503 1172 ἀμφαφάασθαι
520 1125 689 1177 Ἕκτωρ,
714 1126 742 1173 ἧ
758 1127 822 1163 ὅτε
837 1129 907 1174 νῆ-

203 1191 251 1221 ας
273 1179 481 1227 ἐνέπρησεν
505 1181 596 1228 πυρὶ,
618 1180 754 1225 κηλέῳ.

247 1230 301 1263 43.
341 1231 504 1272 Dulce]‹
495 1231 590 1263 «Hoc
619 1232 749 1272 cogitet
771 1231 907 1263 iuvenis

205 1281 397 1314 Romanus:
415 1281 521 1313 Dulce
533 1282 623 1313 cet.»
614 1282 858 1322 ›,Tyrtaeus7
874 1282 904 1313 4.

203 1330 318 1371 Bergk
351 1339 387 1372 p.
424 1330 507 1363 308:
559 1328 799 1373 Τεθνάμεναι
834 1327 908 1377 γὰρ

206 1376 327 1411 καλὸν
371 1379 428 1412 ἑνὶ
461 1378 719 1439 προμάχοισι
739 1378 909 1413 πεσόντα

193 1424 314 1476 Ανδρ’
353 1425 527 1473 ἀγαθόν,
572 1431 658 1477 περὶ
693 1423 719 1477 ᾗ
758 1429 909 1477 πατρίδι

203 1477 463 1526 μαρνάμενον.
500 1481 621 1522 Eurip.
658 1481 784 1513 Troad.
821 1481 905 1513 386:

206 1528 331 1576 Τρῶες
353 1528 395 1562 δὲ
418 1528 569 1587 πρῶτον
591 1531 685 1573 μέν,
709 1529 755 1563 τὸ
778 1528 909 1563 κάλλι-

206 1590 300 1612 στον
323 1578 455 1622 κλέος,
483 1576 591 1627 Υπὲρ
614 1578 761 1627 πάτρας
791 1575 908 1624 ἔθνη-

204 1640 313 1662 σκον.
340 1630 412 1663 Cic.
431 1630 578 1672 Philipp.
595 1630 652 1670 44,
673 1631 730 1663 42ι
757 1631 907 1672 Ofortu-

203 1684 288 1712 nata
310 1689 419 1720 mors,
444 1689 530 1720 quae
551 1684 697 1712 naturae
719 1680 829 1713 debita
842 1690 908 1722 pro

200 1733 321 1771 patrm
342 1733 389 1762 est
405 1730 616 1770 potissimum
636 1730 792 1762 reddita!

251 1779 304 1812 44.
325 1781 419 1812 Mors
431 1779 518 1821 cet.]
547 1779 747 1812 Simonides
768 1781 904 1821 Fragm.

204 1831 259 1862 54.
280 1829 498 1862 Schneidew.
515 1829 590 1862 Del.
607 1825 646 1861 Ὁ
667 1828 698 1861 δ’
719 1823 771 1863 αὖ
789 1827 909 1862 θάνα-

204 1890 272 1920 τος
283 1880 368 1919 κίχε
383 1880 449 1911 καὶ
463 1876 533 1911 τὸν
548 1877 796 1923 φυγόμαχον.
815 1881 908 1913 Cur-

205 1931 274 1963 tius
291 1929 326 1970 4,
352 1928 416 1962 ⁴4:
448 1930 576 1971 Effuyit
596 1933 739 1963 mortem
761 1930 910 1971 quisquis

204 1980 456 2020 contempserim
488 1980 733 2012 timidissimum
747 1988 909 2021 quemque

205 2030 427 2070 consequitur.
456 2047 493 2052 -
513 2030 741 2071 persequitur]
773 2030 848 2062 Hoc
870 2039 904 2062 v.

205 2079 385 2122 duplicem
407 2078 511 2111 nobis
535 2079 679 2112 exhibet
701 2079 904 2120 imaginem,

206 2131 242 2162 et
265 2128 429 2162 celeriter
459 2129 670 2170 insequendi
699 2130 736 2161 et
761 2129 909 2171 propter

205 2179 241 2211 id
277 2179 410 2220 ipsum,
450 2178 547 2220 quod
570 2179 664 2211 Mors
697 2177 908 2211 inevitabilis

205 2229 426 2269 insequitur,
458 2228 712 2270 consequendi.
760 2230 909 2262 «Perse-

205 2278 340 2319 quitur,
391 2278 452 2318 qui
494 2287 565 2310 non
600 2277 729 2310 desinit
769 2279 906 2319 sequi.»

205 2327 335 2359 Donu.
361 2327 407 2358 ad
431 2327 509 2359 Ter.
536 2327 644 2360 Andr.
670 2328 706 2367 5,
732 2326 769 2367 4,
795 2327 849 2360 32.
869 2346 905 2351 -

204 2377 254 2408 lta
289 2372 375 2421 Κὴρ
411 2375 466 2408 vel
511 2376 639 2422 Μοῖρα
682 2378 909 2419 persequitur

206 2423 417 2457 bellatorem
441 2425 633 2466 fugientem
658 2427 693 2459 in
712 2436 796 2460 vase
812 2427 907 2470 picto

207 2474 303 2516 apud
327 2472 580 2507 d'Hancarville
604 2477 628 2507 1.
643 2477 692 2508 ,Τ.
719 2476 772 2509 35.

250 2524 304 2556 46.
328 2523 522 2566 Poplitibus]
556 2526 686 2566 Fugam
710 2526 904 2567 significat;

205 2572 357 2615 poplites
381 2573 475 2606 enim
491 2573 697 2615 fugientium
714 2577 908 2608 cernuntur

206 2622 511 2662 quemadmodum
529 2624 637 2664 terga.
663 2626 777 2667 Atque
793 2625 907 2667 popli-

207 2673 260 2704 tes
295 2673 468 2715 imprimis
502 2672 709 2714 fugientium
754 2675 906 2708 victores

954 1032 1165 1065 caedebant.
1205 1033 1279 1065 Liv.
1297 1033 1356 1072 22,
1387 1032 1449 1066 48;
1483 1033 1656 1067 Numidae

954 1083 1196 1114 Romanorum
1211 1085 1308 1124 ter-qa
1326 1083 1480 1124 ferientes
1494 1092 1536 1115 ac
1548 1084 1659 1124 popli—

953 1135 1000 1164 tes
1020 1133 1201 1164 caedentes.
1248 1132 1391 1165 Lucian.
1427 1133 1550 1165 Toxar.
1588 1133 1653 1166 60:

955 1180 1089 1225 ἰγνύην
1110 1181 1370 1225 κατατμηθεὶς
1393 1180 1581 1226 καμπύλῳ
1603 1181 1656 1226 τῷ

954 1228 1066 1276 τόξῳ.
1095 1249 1132 1254 -
1165 1231 1360 1273 timidoque]
1383 1231 1542 1265 Praefert
1563 1233 1657 1265 hanc

954 1280 1036 1315 lect.
1078 1282 1187 1317 etiam
1223 1280 1471 1323 Dillenburger
1506 1290 1543 1324 p.
1580 1282 1655 1315 402.

957 1330 1170 1373 «poplites»,
1195 1331 1324 1373 inquit,
1361 1332 1416 1364 «et
1439 1332 1579 1373 tergum
1601 1331 1658 1364 fu-

956 1381 1112 1423 gientem
1134 1379 1283 1413 militem
1305 1381 1419 1413 totum
1446 1380 1655 1422 significant,

957 1432 993 1464 et
1015 1431 1150 1463 timidus
1172 1430 1389 1463 adiectivum
1415 1439 1487 1463 non
1517 1431 1657 1472 tergum

956 1480 1072 1514 solum
1095 1479 1161 1513 sed
1183 1479 1336 1522 poplites
1358 1488 1502 1522 quoque
1518 1482 1655 1513 ornat„

1000 1530 1053 1562 47.
1095 1530 1210 1562 Stoice
1237 1530 1311 1562 iam
1341 1528 1519 1571 loquitur:
1557 1530 1658 1562 “Vir-

956 1581 1030 1620 tus,
1056 1580 1172 1612 maior
1193 1588 1292 1620 casu,
1320 1588 1505 1621 nunquam
1525 1580 1658 1622 patitur

955 1628 1121 1671 repulsae
1155 1628 1430 1668 contumeliam;
1470 1638 1554 1662 nam
1590 1630 1657 1663 etsi

956 1680 1091 1712 homini
1112 1679 1243 1712 virtute
1264 1678 1427 1721 praedito
1448 1678 1573 1720 volgus
1595 1679 1659 1711 ho-

956 1738 1063 1762 nores
1078 1730 1198 1770 negat,
1219 1727 1276 1761 ille
1292 1737 1411 1770 neque
1427 1729 1657 1770 ignominiam

956 1779 1064 1812 sentit
1085 1787 1154 1811 nec
1178 1777 1355 1819 dolorem,
1390 1779 1431 1811 ut
1451 1779 1487 1810 in
1513 1779 1657 1811 comitio

954 1828 1024 1871 pila
1047 1827 1130 1862 lusit·
1156 1828 1261 1868 Cato,
1300 1836 1372 1869 quo
1395 1827 1452 1860 die
1476 1827 1657 1870 repulsam

956 1877 1033 1910 tulit
1064 1878 1156 1919 (Sen.
1181 1878 1245 1919 Ep.
1271 1876 1379 1918 404.),
1415 1878 1522 1919 atque
1557 1876 1654 1918 (Plin.

954 1927 1067 1960 Praef.
1093 1927 1138 1968 9.)
1170 1925 1322 1968 repulsis
1342 1925 1441 1959 velut
1461 1926 1657 1960 honoribus

954 1977 1108 2019 indeptis
1123 1975 1312 2018 gaudebat.
1349 1977 1440 2009 Cum
1455 1976 1656 2009 fortitudine

955 2028 1078 2059 autem
1093 2051 1100 2065 ,
1118 2034 1228 2067 quam
1241 2026 1358 2068 primo
1374 2025 1655 2066 commendarat,

956 2076 1160 2108 necessario
1175 2076 1364 2108 coniuncta
1379 2077 1436 2108 est
1450 2076 1562 2109 virtus
1574 2076 1660 2109 civi-

954 2125 997 2158 lis
1010 2151 1018 2166 ,
1042 2123 1202 2169 γενικῶς
1224 2126 1397 2167 spectata.
1434 2126 1533 2158 Hanc
1549 2125 1658 2158 comi-

955 2177 1049 2208 tatur
1078 2184 1187 2208 verus
1221 2175 1337 2208 honos
1363 2176 1470 2216 atque
1504 2176 1656 2208 nominis

956 2224 1234 2258 immortalitas»
1272 2242 1308 2248 -
1358 2224 1486 2266 nescia]
1525 2233 1655 2266 «quam

955 2283 1139 2316 nunquam
1161 2275 1297 2316 attingit
1318 2283 1436 2316 neque
1454 2276 1656 2307 commovet

955 2326 1017 2357 aut
1039 2325 1206 2366 deprimit
1227 2323 1404 2366 repulsa.»
1425 2343 1462 2349 —-
1489 2324 1654 2381 sordidae]

956 2373 1135 2407 Credebat
1162 2373 1287 2415 volgus
1309 2374 1509 2407 Romanum
1539 2374 1656 2407 mami-

954 2433 1014 2457 ma
1034 2425 1114 2456 Esse
1133 2423 1228 2456 mala
1250 2424 1410 2465 exiam
1431 2432 1564 2456 censum
1584 2427 1656 2456 tm·-

951 2482 1094 2515 pemque
1108 2473 1288 2514 repulsam.
1314 2473 1402 2515 Epp.
1421 2474 1436 2505 4
1452 2499 1459 2514 ,
1478 2474 1492 2506 4
1509 2498 1517 2513 ,
1535 2473 1578 2507 42
1597 2482 1652 2515 sq.

1001 2523 1054 2556 48.
1090 2523 1322 2566 luminatis]
1361 2532 1382 2555 a
1418 2532 1452 2556 v.
1492 2522 1654 2556 obsoleto

955 2575 1145 2615 taminare,
1171 2575 1338 2615 tangere;
1363 2574 1512 2607 fortasse
1535 2575 1655 2607 tamen

956 2634 999 2657 ex
1041 2623 1155 2665 aliqua
1202 2624 1410 2656 auctoritate
1457 2623 1654 2665 antiquiore

955 2675 1022 2707 hac
1045 2674 1157 2708 forma
1181 2682 1267 2707 usus
1291 2675 1346 2706 est
1366 2682 1432 2716 pro
1455 2673 1656 2706 incontami-
