1722 2904
573 89 651 123 LlB.
676 90 733 123 111.
780 89 818 123 C.
843 90 943 124 XXX.

195 193 344 245 Dicar,
375 206 463 252 qua
490 193 655 238 violens
683 192 893 251 obstrepit
920 193 1099 237 Aufidus

1440 87 1524 132 5117

1470 193 1524 237 40

193 275 244 318 Et
272 287 359 332 qua
386 287 554 332 pauper
581 286 723 332 aquae
750 274 928 318 Daunus
957 275 1190 331 agrestium

194 355 400 413 Regnavit
427 353 706 413 populorum,
737 367 792 398 ex
820 354 968 398 humili
997 360 1151 412 potens

193 460 399 518 Princeps
427 458 623 503 Aeolium
651 472 825 503 carmen
854 458 908 502 ad
940 458 1067 503 Italos

168 580 222 613 42.
246 580 413 622 Reanator
427 578 528 618 bc,C.
558 578 732 620 (Refflmvit
756 578 818 618 ΒΞ,
847 577 968 612 Bland.
997 579 1083 619 tres,
1107 577 1153 623 γξ
1180 581 1216 613 et
1240 589 1295 623 pr.
1324 591 1360 622 κ,
1389 582 1478 615 Pott.

122 627 228 670 octo.)
250 629 285 663 Μ
307 628 434 670 iungit:
458 628 620 669 Regnavit
636 628 839 669 populorum
860 637 904 662 ea:
925 629 1042 662 hmm’li
1059 633 1176 671 potens
1198 631 1378 674 (Daunus).

78 728 208 762 Vestae
227 727 430 761 sacerdotem
445 728 550 760 vocat
564 727 664 760 Ovid.
683 728 774 760 Fast.
825 727 908 761 nich
942 729 1115 762 construit
1147 739 1215 770 qua
1247 731 1431 772 agrestium
1459 740 1525 772 ρο-

80 778 122 819 3,
146 777 223 811 699.

123 827 178 860 40.
201 825 320 869 Βίων]
346 826 478 858 «Grato
501 826 618 858 animo
641 834 778 858 memo·

80 876 213 909 tabunt
233 875 383 918 posteri,
407 883 479 915 me,
504 874 687 907 hominem
704 875 777 906 Ve-

80 925 248 958 nusinum
257 949 264 964 ,
278 924 434 966 primum
444 923 606 966 Sapphus
614 925 649 956 et
657 922 775 956 Alcaei

78 974 204 1017 poesin
233 972 383 1015 lyricam
410 973 531 1006 Latine
558 971 775 1006 aemulatum

79 1033 196 1059 esse.»
220 1024 277 1057 Sic
299 1024 394 1056 enim
425 1023 621 1057 ordinanda
650 1022 773 1063 verba,

78 1075 118 1107 ut
133 1075 231 1107 recte
247 1074 319 1106 iam
333 1074 449 1106 Acron
465 1083 472 1105 :
495 1074 605 1106 Dicar
620 1073 776 1113 princeps

76 1123 226 1158 Aeolium
247 1131 383 1155 carmen
404 1123 450 1155 ad
469 1123 571 1155 Italos
590 1123 705 1155 modos
722 1123 772 1154 de-

77 1173 230 1213 davisse,
249 1171 433 1214 (ibinatus)
450 1181 519 1212 qua
538 1172 621 1214 (ubi)
640 1172 777 1214 Aufidus

79 1223 256 1264 obstrepit;
280 1230 352 1254 non
374 1231 483 1255 vero:
510 1221 593 1262 «ihi,
619 1222 679 1254 ubi
701 1223 775 1255 Au-

56 1272 171 1306 ‘fidus
193 1272 286 1312 fluit,
311 1271 451 1311 diem-‚-
476 1271 513 1304 id
535 1273 606 1312 est,
633 1272 775 1304 «venu-

77 1322 165 1362 sini,
188 1321 386 1362 municipes
408 1322 496 1361 mei,
526 1330 585 1354 me
608 1320 773 1353 laudibus

78 1369 329 1410 celebrabunt,
351 1371 393 1403 ut
403 1371 558 1412 primum
570 1372 712 1413 poetam
723 1369 775 1411 ly—

77 1422 193 1454 ricum
215 1421 411 1453 Latinum.»
450 1420 571 1453 Natale
595 1421 690 1453 enim
714 1429 774 1453 so-

76 1470 152 1504 lum
166 1469 309 1503 Horatio
338 1469 443 1502 nimis
458 1471 627 1511 angustus
642 1469 772 1511 gloriae

76 1519 156 1553 finis
171 1518 307 1552 ruisset.
323 1537 361 1542 —
373 1519 507 1560 violens]
525 1519 647 1552 Rarior
659 1518 772 1550 forma

76 1578 142 1611 pro
163 1568 334 1601 violentus.
370 1567 472 1610 Apul.
490 1569 571 1601 Met.
590 1569 622 1600 6.
640 1577 675 1610 p.
694 1568 769 1599 740.

77 1618 191 1651 Oud.:
215 1617 370 1649 violentes
392 1626 524 1657 aquae,
549 1617 611 1649 ubi
635 1626 700 1658 ego
726 1618 772 1657 (in

75 1670 206 1701 Amore
247 1668 284 1699 et
315 1667 487 1708 Psyche),
533 1667 619 1699 item
652 1665 773 1698 Hilde-

77 1716 212 1750 brand:
245 1716 397 1748 nolentes.
435 1716 552 1748 Acrem
573 1717 678 1748 vocat
700 1716 769 1747 Sat.

78 1768 117 1806 4,
136 1768 173 1806 4,
190 1766 244 1799 58.
270 1765 333 1798 Od.
353 1765 391 1805 4,
409 1765 449 1805 9,
467 1766 773 1807 21Lonyesonan-

76 1819 142 1848 tem
167 1819 268 1848 natus
295 1816 342 1847 ad
365 1814 538 1857 Aufidum,
579 1815 639 1856 qui
671 1813 771 1846 locus

77 1866 217 1907 egregie
240 1865 359 1897 firmat
382 1866 540 1896 nostram
563 1864 773 1905 interpreta-

76 1916 221 1948 tionem.
268 1913 338 1947 Cfr.
388 1913 433 1945 de
470 1912 595 1945 Aufido
608 1938 615 1952 ‚
663 1913 770 1945 hodie

77 1965 198 2006 Ofente
212 1989 220 2003 ,
249 1964 355 1996 etiam
372 1962 435 1995 Od.
454 1962 487 2002 4,
506 1962 565 2000 44,
588 1963 642 1995 25.
668 1961 770 1994 Silius

76 2015 115 2053 8,
134 2013 220 2046 630:
253 2013 421 2055 fundoque
443 2013 510 2044 imo
530 2012 671 2054 mugivit
696 2021 772 2044 an-

75 2064 139 2096 hel
144 2072 218 2095 ans
230 2063 377 2105 Aufidus.
391 2081 428 2085 -—
442 2062 606 2104 obstrepit]
623 2061 768 2101 accolis;

77 2121 226 2154 «magno
261 2121 344 2145 cum
385 2112 502 2145 sonitu
535 2112 649 2144 undas
688 2120 771 2145 suas

76 2162 228 2202 volvit,=›
251 2163 291 2194 ut
311 2162 513 2194 etiamnunc
536 2161 629 2194 facit.

120 2212 173 2244 44.
194 2220 327 2252 pauper
342 2211 461 2253 aquae]
479 2212 655 2250 Daunum,
673 2210 772 2243 fabu-

76 2260 193 2294 losum
207 2260 351 2303 Apuliae
367 2269 509 2302 regem,
534 2262 652 2302 ipsum
666 2262 770 2293 vocat

76 2319 259 2351 pauperem
281 2319 409 2350 aquae,
440 2319 504 2351 pro
527 2310 670 2351 regione
695 2310 770 2342 eius

77 2360 226 2401 imperio
250 2359 421 2392 subiecta.
472 2359 570 2391 Ovid.
599 2360 679 2392 Met.
711 2359 768 2398 44,

77 2410 160 2442 54οῑ
188 2410 324 2450 Iapypis
339 2410 441 2440 arida
451 2409 568 2440 Dauni
580 2409 680 2440 Arva.
710 2410 770 2449 (De

76 2458 200 2491 Dauno
218 2458 262 2490 cf.
283 2459 406 2499 Heyne
428 2458 473 2489 ad
494 2459 580 2489 Aen.
604 2458 663 2497 44,
680 2457 769 2498 247.)

122 2508 175 2539 42.
200 2508 360 2549 Reynavit
377 2507 594 2548 populorum]
619 2506 772 2539 «incola-

78 2565 158 2588 rum
191 2557 266 2589 eius
300 2558 433 2589 tractus
467 2565 529 2588 rex
563 2557 646 2597 suit,
683 2550 772 2602 ἦρξε

79 2602 219 2644 laetius»
245 2606 504 2638 constructione
531 2614 668 2647 graeca.
709 2608 773 2639 Re-

79 2658 202 2696 9nator
239 2656 294 2688 est
330 2653 515 2696 glossema.
577 2656 661 2690 Mire
697 2657 772 2688 Mo-

820 777 1003 818 putor-mn,
1053 778 1089 811 id
1123 781 1195 819 est,
1241 781 1281 812 ut
1312 780 1383 821 ait,
1432 789 1523 822 «qua

825 827 1017 868 agrestium
1032 826 1247 870 populorum
1264 829 1409 871 regione
1432 830 1525 863 Dau-

825 885 892 909 nus
932 878 1126 918 regnavit.»
1163 896 1200 901 -
1247 887 1292 911 ex
1328 879 1446 912 Manili
1462 888 1526 920 po-

824 925 911 968 tens]
948 926 1041 968 «Ego
1078 926 1202 960 humili
1230 926 1311 961 loco
1341 929 1446 962 natus
1467 929 1524 961 in—

825 976 917 1017 genii
948 976 1020 1008 mei
1051 985 1119 1018 ope
1142 975 1190 1009 ad
1213 985 1294 1010 eam
1316 978 1410 1011 vitae
1434 987 1524 1011 con-

825 1024 1002 1058 dicionem
1018 1026 1181 1067 perveni,
1207 1035 1277 1068 qua
1293 1027 1379 1060 satis
1394 1026 1524 1060 nobilis

824 1084 866 1108 ac
890 1074 970 1108 felix
993 1075 1079 1108 mihi
1102 1084 1184 1108 esse
1207 1076 1365 1110 videor.»
1407 1077 1525 1110 Potens

823 1124 992 1158 audacius
1025 1134 1092 1167 pro
1115 1134 1176 1166 eo,
1213 1125 1311 1167 quod
1339 1128 1394 1160 est
1426 1126 1524 1169 apud

824 1174 1014 1207 Salustium
1050 1175 1136 1216 (Cat.
1172 1175 1240 1216 53.)
1275 1176 1322 1208 de
1360 1177 1518 1209 Catone:

823 1225 936 1257 clarus
994 1227 1095 1265 atque
1153 1234 1299 1267 maanus
1353 1225 1518 1266 habetur,

824 1274 986 1316 quamvis
1010 1274 1086 1306 sine
1110 1275 1256 1306 externa
1278 1275 1448 1316 potentia.
1481 1275 1524 1308 Et

822 1331 971 1365 prorsus
995 1323 1047 1355 sic
1065 1326 1215 1363 potentes
1233 1326 1327 1356 vaces
1349 1323 1434 1356 dixit
1456 1323 1521 1357 Od.

822 1372 863 1411 4,
887 1372 927 1412 8,
951 1372 1007 1404 26.
1033 1371 1208 1404 Gloriatur
1223 1381 1309 1414 ergo
1331 1381 1371 1406 se
1386 1398 1395 1413 ,
1420 1373 1523 1406 liber-

821 1422 890 1454 tino
924 1424 1042 1453 nam
1081 1424 1183 1462 patre
1218 1425 1249 1454 et
1281 1431 1318 1454 m
1362 1423 1451 1454 tenui
1485 1431 1523 1455 re

823 1471 922 1512 (Epp.
963 1471 999 1510 4,
1038 1471 1101 1510 20,
1141 1471 1235 1511 20.),
1295 1470 1341 1503 ad
1386 1473 1520 1504 tantam

821 1514 1019 1552 studiorum
1063 1519 1261 1553 claritatem
1297 1521 1519 1562 pervenisse.

823 1568 892 1600 Ctr.
925 1569 1031 1600 etiam
1058 1568 1121 1600 Od.
1139 1569 1179 1608 2,
1197 1569 1258 1609 20,
1281 1570 1320 1602 5:
1357 1571 1434 1603 Non
1461 1580 1522 1612 eqo

817 1625 1009 1658 pauperum
1048 1618 1194 1660 Sanguis
1227 1623 1413 1660 parentum
1450 1621 1518 1653 cet.

822 1669 980 1708 Propert.
999 1668 1040 1707 2,
1067 1668 1120 1707 40,
1147 1669 1182 1700 44
1203 1678 1210 1700 :
1235 1669 1356 1711 Sur-qe,
1380 1671 1519 1709 anima,

820 1725 865 1748 ex
885 1716 1002 1748 humili
1023 1718 1091 1748 cet.
1143 1716 1261 1757 (Recte
1288 1720 1427 1761 accepit
1449 1721 1519 1752 iam

819 1767 982 1798 Petrarca
1013 1766 1046 1797 in
1082 1766 1144 1807 Ep.
1181 1767 1227 1799 ad
1260 1768 1446 1801 Horatium
1481 1778 1517 1801 v.

821 1815 864 1846 5:
901 1816 1005 1855 Quem
1026 1816 1163 1855 sumpsit
1179 1818 1361 1857 propriwm
1386 1818 1522 1858 Thybris

822 1864 864 1895 ab
886 1864 1028 1906 Aufido,
1063 1882 1083 1888 -
1118 1883 1137 1888 -
1178 1867 1246 1897 Nee
1266 1866 1398 1906 fuscam
1420 1871 1521 1908 atque

819 1913 975 1945 humilem
994 1914 1117 1954 sprevit
1138 1915 1311 1956 originem.
1342 1915 1520 1950 Bentleius

821 1964 943 1995 contra
984 1962 1029 1995 de
1075 1964 1200 1996 Dauno
1244 1965 1517 2006 interpretatur,

823 2012 902 2053 «qui
946 2011 1115 2053 (Illyricae
1142 2014 1255 2054 gentis
1293 2013 1410 2048 clarus
1449 2017 1516 2056 vir,

820 2062 964 2093 auctore
1009 2062 1132 2101 Festo;
1189 2063 1253 2095 cfr.
1290 2063 1355 2096 Od.
1389 2065 1428 2104 4,
1460 2066 1515 2105 22,

822 2110 887 2152 44.)
922 2112 1059 2153 primus
1087 2112 1184 2153 apud
1205 2112 1337 2154 Apulos
1368 2122 1519 2154 reguum

821 2161 1031 2202 capessivit,
1067 2163 1103 2193 et
1128 2162 1278 2203 proinde
1308 2171 1352 2194 ex
1373 2163 1519 2197 homine

821 2211 957 2252 privato
973 2211 1151 2253 princeps,
1183 2220 1227 2244 ex
1250 2211 1371 2245 exsule
1394 2214 1519 2254 tyran—

822 2268 911 2299 nus,
947 2270 991 2292 ex
1012 2262 1128 2293 humili
1144 2265 1264 2301 potens
1290 2263 1346 2295 est
1368 2262 1517 2296 factus.»

821 2309 912 2348 Sed,
938 2312 976 2341 ut
998 2311 1198 2351 taceamus,
1230 2312 1390 2353 spiritus,
1427 2321 1517 2354 quos

820 2360 928 2392 sumit
943 2360 1106 2393 Horatius
1127 2369 1194 2402 per
1215 2363 1329 2397 totum
1350 2362 1419 2394 hoc
1436 2371 1517 2394 car-

821 2417 922 2447 men,
963 2408 1064 2450 louge
1088 2410 1214 2443 melius
1238 2412 1428 2443 convenire
1451 2420 1519 2443 no-

822 2460 916 2490 strae
940 2460 1166 2500 expositioni,
1202 2459 1258 2492 vel
1282 2459 1413 2501 duplex
1435 2458 1518 2493 ἐπί-

820 2507 934 2539 θετον
956 2509 1017 2540 uni
1038 2509 1162 2541 Dauno
1185 2509 1307 2542 datum
1323 2511 1517 2551 arguteque

822 2554 1030 2598 ἀντίθεσις,
1078 2566 1170 2599 quae
1216 2558 1297 2590 inde
1346 2559 1514 2597 nascitur,

821 2608 924 2648 poeta
956 2607 1073 2640 minus
1096 2607 1199 2648 digna
1223 2606 1325 2639 nobis
1349 2608 1445 2639 certe
1470 2608 1518 2639 vi-

823 2656 936 2689 detur.
995 2655 1225 2689 intolerabilis
1261 2658 1381 2689 autem
1415 2657 1515 2689 tertia
