1722 2904
563 47 642 81 Lm.
667 47 724 81 111.
771 47 810 80 C.
835 47 967 80 xxvn.

1432 46 1514 88 495

466 149 577 193 Vidit
605 157 648 194 et
675 149 826 193 undas.

297 256 418 307 Quae
447 254 572 305 simul
601 261 774 298 centum
802 254 936 312 tetigit
965 260 1187 311 potentem

303 335 486 393 Oppidis
515 335 689 379 Creten:
721 336 864 385 Pater,
895 348 922 378 o
952 334 1146 379 relictum

298 416 427 460 Filiae
457 428 612 459 nomen
640 415 887 472 pietasque,
919 414 1042 465 dixit,

462 496 580 539 Victa
609 495 773 538 surore!

295 601 416 646 Unde
445 614 532 657 quo
563 599 694 643 veni?
722 600 848 643 Levis
878 614 963 643 una
993 614 1109 643 mors
1139 608 1204 644 est

157 719 210 753 34.
236 720 368 752 Cretam
384 722 486 759 pater
509 727 540 757 c,
565 718 698 751 Cretam
720 727 740 749 ο
757 721 859 759 pater
878 724 926 760 ψ.

71 824 117 857 ad
138 823 235 857 Iliad.
259 823 304 863 β,
328 823 416 863 495.)
452 823 605 855 Phoenix
641 821 764 863 appel-

70 872 180 913 latur,
205 874 245 905 ut
266 873 312 905 ab
335 874 412 914 ipso
435 873 590 905 Homero
612 870 709 903 Iliad.
727 867 762 912 ξ,

69 921 156 955 32⁴:
194 918 279 955 Οὐδ’
314 918 380 954 ὅτε
412 920 589 961 Φοίνικος
621 917 764 966 κούρης

69 969 327 1013 τηλεκλειτοῖο
340 995 349 1010 ,
364 966 417 1003 Ἣ
434 970 518 1003 τέκε
540 979 610 1011 μοι
633 968 763 1002 Μίνων

69 1029 111 1052 τε
125 1021 190 1053 καὶ
204 1016 382 1053 ἀντίθεον
398 1017 670 1061 Ῥαδάμανθυν.
690 1017 760 1050 Cfr.

69 1067 153 1101 Stoll
186 1067 384 1102 AntimachL
419 1077 454 1110 p.
491 1068 545 1100 32.
585 1085 622 1090 —
660 1067 764 1108 Apud

68 1119 271 1160 Euripidem
295 1119 451 1160 (Cretum
474 1118 610 1159 Fragm.
627 1117 674 1158 2.)
698 1117 764 1150 Mi-

69 1170 162 1200 noen
184 1169 236 1201 sic
257 1167 444 1210 alloquitur
466 1167 651 1200 sacerdos:
677 1166 764 1199 Φοι-

70 1215 290 1261 νικογενοῦς
304 1220 377 1250 παῖ
386 1215 457 1260 τῆς
469 1217 607 1262 Τυρίας
619 1217 763 1249 Τέκνον

67 1262 256 1312 Εὖρώπας
287 1266 353 1299 καὶ
384 1264 454 1299 τοῦ
485 1264 655 1308 μεγάλου
685 1266 762 1308 Ζη-

67 1313 147 1356 νός.
193 1315 297 1357 Apud
319 1315 434 1348 Schol.
463 1314 548 1348 Plat.
577 1323 658 1356 pag.
683 1314 760 1348 948.

67 1364 132 1396 Ed.
156 1366 320 1398 nostrae·
313 1389 320 1396 .
347 1360 593 1410 ἡἌγήνορος
619 1360 646 1406 ἢ
671 1364 763 1397 Φοί-

67 1423 174 1454 νικος
186 1410 216 1456 ἧ
231 1410 380 1447 Τιτυοῦ.
402 1431 439 1437 -
455 1423 475 1447 o
488 1414 657 1454 relictmn]
674 1414 764 1446 Con-

68 1463 189 1495 strue:
222 1471 271 1495 «o
293 1464 411 1505 pater,
437 1471 569 1496 nomen
593 1463 763 1504 (necessi-

68 1511 198 1544 tudinis
221 1512 454 1553 carissimum)
485 1511 648 1544 relictum
670 1510 762 1544 filiae

69 1559 219 1600 (dnum),
243 1560 281 1592 id
303 1562 374 1600 est,
405 1561 587 1593 desertum
610 1569 653 1593 ac
675 1569 762 1602 pro-

67 1608 180 1641 ditum
202 1618 223 1641 a
246 1609 332 1648 filia,
358 1611 394 1642 et
414 1610 527 1651 pietas
548 1610 641 1641 victa
665 1609 763 1641 furo·

66 1666 124 1698 re,
161 1659 351 1691 temerario
385 1666 468 1690 meo
496 1666 583 1690 auso
614 1658 763 1699 turpiter

66 1705 267 1747 neglectaln
295 1725 332 1730 —
363 1716 482 1739 nomen
501 1709 676 1747 pietasque
697 1715 763 1738 vo-

66 1755 171 1787 cativi
192 1756 291 1795 sunt;
328 1754 427 1788 multi
457 1756 492 1788 in
517 1764 560 1788 eo
584 1757 760 1795 errarunt,

66 1803 164 1845 quod
193 1813 258 1846 pro
286 1805 510 1837 nominativis
539 1803 759 1841 habuerunt;

66 1852 123 1885 alii
153 1854 340 1895 praeterea
382 1852 475 1886 male
519 1853 759 1894 distinguunt:

64 1903 163 1934 Pater
201 1903 245 1934 o!
280 1903 443 1935 relictmn.
487 1920 524 1926 -
563 1902 604 1946 V.
643 1911 762 1934 nomen

67 1959 174 1993 saepe
202 1951 249 1983 ad
278 1951 550 1984 necessitudinis
573 1953 609 1984 et
631 1960 762 1992 cogna-

65 2000 168 2032 tionis
183 2001 363 2032 notionem
384 2000 532 2032 accedit.
571 2000 641 2033 Cfr.
660 2000 758 2032 Ovid.

65 2050 147 2082 Her.
163 2050 222 2089 ⁴0,
240 2051 301 2082 69:
318 2051 409 2082 Nam
417 2054 519 2091 pater
529 2054 561 2083 et
571 2051 665 2082 tellus
676 2051 761 2082 iusto

63 2102 206 2140 ramata
215 2100 350 2139 parenti
364 2100 501 2132 Prodita
513 2103 588 2132 sunt
601 2100 693 2141 facto
703 2109 762 2132 no-

63 2148 158 2179 mina
178 2156 266 2179 cara
285 2157 368 2180 mea
394 2150 431 2180 et
452 2151 571 2181 cetera
598 2147 760 2190 exempla

65 2205 85 2228 a
96 2195 254 2229 Bentleio
269 2195 384 2229 allata.
408 2197 506 2230 Ovid.
524 2198 606 2230 Met.
624 2197 645 2229 8
656 2222 664 2237 ,
681 2197 758 2230 463.

65 2246 102 2277 et
114 2245 191 2277 507.
216 2246 298 2277 Her.
315 2246 355 2285 8,
383 2246 438 2278 28.
460 2264 496 2269 -
514 2244 629 2287 Filiae]
655 2254 696 2277 «a
716 2246 760 2277 fi-

65 2293 143 2333 lia»,
159 2295 200 2326 ut
210 2293 273 2326 Od.
287 2295 321 2333 2,
336 2294 367 2333 6,
384 2295 419 2326 Η
436 2304 443 2325 z
459 2296 761 2336 requam--Rura

63 2342 254 2374 Phalantho.
290 2343 352 2374 Od.
381 2342 419 2382 3,
443 2343 506 2382 29,
531 2343 592 2374 27:
616 2346 762 2384 requam

66 2391 152 2431 Cyro
165 2391 302 2423 Bactra.
319 2390 383 2423 Alii
399 2392 516 2423 minus
528 2392 608 2433 apte
621 2400 654 2423 v,
667 2391 759 2433 filiae

63 2448 129 2481 pro
145 2440 296 2480 genitivo
311 2439 485 2473 habentes
501 2441 552 2473 sic
568 2439 755 2481 explicant,

64 2489 104 2520 ut
125 2487 287 2520 Liibker:
335 2489 389 2520 «O
412 2490 531 2530 pater,
564 2497 622 2521 me
646 2490 757 2522 mise-

66 2545 160 2575 ram,
192 2545 284 2577 quae
309 2536 399 2568 filiae
422 2545 553 2569 nomen
574 2538 759 2579 pietatem—

66 2593 135 2625 que
151 2585 280 2617 victam
297 2584 413 2618 furore
428 2585 644 2627 reliquerim,
661 2595 760 2628 pror-
779 2564 786 2630 Ι

814 830 875 855 sus
899 823 1058 856 exuerim
1074 825 1104 855 ἔ»
1129 832 1197 865 qua
1222 825 1511 866 interpretatione

813 880 960 914 prorsus
988 871 1118 906 tollitur
1140 875 1341 907 necessaria
1364 874 1419 907 illa
1447 884 1512 917 ap-

813 922 956 963 positio:
988 925 1108 962 pater,
1132 932 1261 955 nomen.
1301 924 1512 964 Languidior

814 971 923 1003 etiam
938 973 993 1004 est
1007 972 1109 1003 tertia
1123 973 1310 1014 expositio:
1338 973 1385 1005 «O
1396 976 1509 1015 pater,

814 1021 914 1053 ouius
943 1021 1029 1053 mihi
1059 1030 1153 1053 nunc
1182 1021 1267 1054 nihil
1291 1022 1356 1055 nisi
1381 1031 1511 1055 nomen

812 1068 976 1102 relictum
1000 1071 1075 1102 est!
1095 1096 1103 1110 ,
1141 1070 1228 1102 dixit
1249 1071 1389 1113 Europe
1418 1073 1511 1104 victa

813 1118 931 1150 furore
946 1129 977 1157 3»
1009 1127 1077 1160 qua
1101 1119 1137 1151 in
1159 1120 1295 1152 ratione
1319 1120 1423 1153 nimis
1446 1129 1512 1153 ne-

813 1167 952 1208 gligitur
962 1176 996 1199 v.
1005 1168 1192 1208 pietasque,
1211 1168 1257 1200 ad
1269 1168 1364 1210 quod
1380 1169 1511 1201 mirum

813 1217 848 1248 in
881 1216 1030 1249 modum
1064 1226 1084 1250 e
1117 1227 1151 1250 v.
1184 1218 1337 1250 relictum
1370 1218 1509 1251 diversa

812 1265 1064 1306 significatione
1088 1265 1230 1299 eliciunt
1265 1267 1419 1307 «relicta,
1445 1277 1511 1300 ne-

812 1314 943 1356 glecta,
979 1314 1142 1348 violata.»
1192 1317 1322 1355 Quarta
1356 1316 1510 1358 denique

812 1365 923 1396 restat
934 1373 1045 1406 prava
1068 1364 1266 1397 distinctio:
1294 1366 1419 1397 udi-vit:
1443 1375 1509 1407 ego

816 1414 910 1445 Ποία
935 1413 1052 1455 surore
1077 1414 1165 1446 unde
1199 1423 1266 1454 quo
1301 1414 1426 1447 veni?»
1469 1433 1505 1438 .-

814 1462 918 1504 Victa]
935 1462 1034 1494 Ovid.
1053 1463 1135 1495 Met.
1151 1463 1164 1494 ⁴
1183 1488 1191 1503 ,
1207 1462 1287 1496 ⁴49:
1316 1464 1411 1496 Victa
1424 1464 1510 1496 iacet

810 1512 930 1543 Pietas.
947 1511 999 1543 Id.
1015 1511 1068 1549 ⁴3,
1084 1511 1165 1543 662:
1186 1512 1280 1543 Victa
1290 1515 1380 1544 melu
1386 1513 1506 1553 pietas.

815 1578 851 1583 —
868 1560 996 1601 furore]
1023 1568 1151 1592 «caeco
1174 1559 1231 1592 illo
1254 1561 1410 1602 impetu,
1435 1570 1507 1603 quo

813 1609 913 1640 tauro
937 1607 1048 1641 fallaci
1071 1617 1131 1640 me
1155 1610 1352 1642 commisi.»

855 1657 909 1689 37.
937 1658 1026 1690 Unde
1041 1666 1106 1697 quo
1120 1657 1237 1698 veni?]
1251 1657 1390 1701 Duplici
1404 1659 1511 1691 inter-

811 1706 992 1746 rogatione
1015 1705 1193 1748 implicata
1214 1708 1349 1739 Graeco
1375 1708 1507 1740 modo:

812 1752 932 1787 πόθεν
954 1758 1024 1787 ποῖ
1043 1753 1237 1798 ἑλήλυθα,·
1269 1765 1362 1788 non:
1391 1757 1511 1789 Unde?

811 1812 877 1843 quo
909 1804 1015 1836 veni?
1061 1804 1227 1846 Aeschyl.
1273 1806 1391 1837 Prom.
1428 1805 1506 1838 546.

811 1852 914 1885 Dind.
940 1854 1027 1885 Ox.:
1063 1853 1168 1893 εἰπέ,
1204 1851 1279 1886 ποῦ
1302 1854 1362 1894 τίς
1382 1848 1509 1892 aizoi,—

811 1901 873 1933 ubi
904 1901 1030 1943 volgo:
1071 1902 1152 1934 εἰπέ
1184 1910 1258 1934 που
1291 1903 1349 1943 τίς
1381 1899 1508 1941 ἀλκά;

811 1951 930 1993 Eurip.
955 1950 1078 1983 Helen.
1096 1949 1205 1983 ⁴543:
1228 1949 1318 1992 Πῶς
1339 1950 1383 1984 ἐκ
1404 1953 1510 1993 τίνος

811 1997 906 2040 νεώς
928 2008 1021 2031 ποτε
1035 2018 1056 2023 -
1069 1994 1206 2041 ἧκετε;
1228 2001 1302 2032 Ion.
1320 2001 1401 2033 793:
1427 1998 1509 2042 πῶς

811 2047 852 2081 δὲ
886 2046 962 2081 ποῦ
995 2058 1054 2080 νιν
1089 2045 1241 2081 εἰσιδών
1251 2059 1266 2087 ‚·
1302 2049 1391 2082 Ibid.
1417 2050 1504 2083 948:

812 2094 886 2130 ποῦ
909 2098 967 2138 τίς
989 2094 1141 2136 λοχεύει
1163 2107 1233 2137 σε,·
1266 2098 1399 2131 Phoen.
1418 2099 1504 2132 ⁴23:

810 2147 868 2187 τίς
900 2144 1020 2178 πόθεν
1060 2144 1204 2190 γεγώς;
1250 2146 1380 2180 Alcest.
1417 2148 1504 2180 2⁴3:

809 2197 867 2236 τίς
889 2191 939 2227 ἂν
961 2193 1015 2239 πᾷ
1037 2193 1158 2241 πόρος
1178 2193 1309 2229 κακῶν
1330 2196 1507 2239 γένοιτο;

810 2244 907 2277 Plato
930 2244 1018 2277 Tim.
1042 2253 1078 2286 p.
1102 2245 1157 2277 22.
1181 2246 1231 2277 B:
1257 2242 1337 2285 πῶς
1358 2246 1396 2278 τί
1417 2244 1508 2279 τοῦ·

809 2302 855 2325 το
870 2292 990 2336 λέγεις
998 2302 1011 2332 ,·
1035 2294 1184 2334 (Turnus
1199 2294 1295 2335 apud
1308 2294 1403 2335 Virg.
1417 2296 1505 2327 Aen.

811 2343 870 2381 40,
908 2343 995 2374 670:
1037 2343 1109 2383 Quo
1139 2343 1254 2384 feror,
1293 2343 1380 2375 unde
1413 2343 1504 2384 abii,

811 2400 896 2431 quw
924 2399 976 2423 me
1004 2391 1089 2433 fuya
1118 2400 1252 2432 quemve
1273 2393 1406 2423 reducet
1417 2391 1448 2433 P)
1466 2411 1502 2415 —

808 2440 913 2480 Levis]
938 2440 1061 2473 «nimis
1084 2441 1213 2473 mitis.»
1253 2441 1358 2482 Soph.
1386 2441 1500 2481 Antig.

809 2488 895 2521 308:
944 2484 1026 2527 Οὗχ
1074 2482 1166 2532 ὗμιν
1197 2482 1322 2531 Ἅιδης
1356 2486 1507 2530 μοῦνος

807 2533 975 2584 ἀρκέσει.
1001 2538 1114 2580 (Prop.
1136 2537 1176 2578 4,
1203 2537 1242 2577 4,
1270 2538 1334 2569 ⁴7:
1358 2538 1402 2569 Et
1423 2538 1506 2570 satis

807 2596 893 2618 una
925 2587 1037 2619 malae
1064 2587 1175 2627 potuit
1206 2595 1297 2618 mors
1323 2594 1389 2618 esse
1407 2587 1505 2627 puel-
