1722 2904
527 96 705 130 efflui-:N
725 95 954 129 SECULARE.

366 203 572 259 Proroget
601 213 767 244 aevum.

1385 91 1458 134 644

253 309 463 365 Quaeque
493 306 744 350 Aventinum
774 312 889 349 tenet
918 304 1221 362 Algidumque,

255 388 511 441 Quindecim
539 387 675 430 Diana
702 395 855 444 preces
885 386 1072 428 virorum

258 470 388 514 Curet
417 476 459 512 et
487 468 597 511 votis
626 482 858 525 puerorum
889 467 1046 510 amicas

369 548 563 607 Applicet
592 563 732 592 aures.

123 677 177 709 68.
202 677 361 717 Proroaot
382 675 406 707 b
422 701 429 715 ,
460 677 498 707 et
519 674 659 707 duobus
683 676 838 716 exceptis
862 683 987 707 omnes
1010 674 1163 709 Pottierii
1178 699 1186 713 ‚
1220 675 1306 707 item
1333 675 1423 707 Lct:

78 727 241 768 Prorogat
262 726 288 758 B
301 750 309 765 ‚
345 726 511 767 quattuor
532 724 653 757 Bland.
671 750 678 763 ,

79 777 128 816 C,
163 774 297 815 Bentl.,
333 776 402 808 Fu.

82 827 227 867 praeter
249 825 362 858 codd.
397 833 418 857 a
451 823 608 857 Bentleio
642 824 687 856 ad

714 733 806 757 unus
828 725 986 763 Bersm.‚
1011 734 1051 767 y,
1077 732 1131 766 pr.
1155 734 1198 763 κ,
1222 725 1311 757 Pott.
1336 724 1426 761 duo.

441 792 477 798 -—
517 775 571 806 74.
598 774 697 807 Curet
718 774 742 807 b
766 776 802 807 et
823 775 895 806 duo
917 774 1088 814 Pottierii,
1123 775 1183 812 Li:
1218 774 1323 807 Curat
1345 775 1371 807 B
1394 777 1430 807 et

719 834 753 856 v.
778 825 944 865 Prorogat
965 825 1200 863 memoratos,
1238 823 1331 864 βλχ,
1355 826 1429 858 tres

79 876 236 916 nen-sm..
260 883 334 907 var.
351 873 433 907 lect.
449 884 501 912 ω,
518 874 558 914 C,
575 873 701 914 BentL,
719 874 787 906 FM.
810 892 846 896 —
870 874 924 906 72.
948 873 1095 914 Applicat
1114 873 1139 906 b
1163 875 1199 907 et
1218 873 1373 907 Pottierii
1389 875 1430 914 8,

78 925 100 957 9
114 950 123 964 ,
138 925 201 958 22:
233 925 388 966 Applicat
401 925 448 963 Β,
475 923 586 957 codd.
605 933 625 956 a
641 922 751 956 Bentl.
776 923 821 956 ad
844 932 878 955 v,
904 923 1009 956 Curat
1031 924 1234 967 memorati,
1260 924 1300 964 C,
1315 923 1429 956 Bentl.

78 975 148 1008 Fu.
186 975 239 1007 De
255 973 342 1007 Cod.
359 983 380 1006 c
402 983 497 1012 nunc
519 974 603 1006 mihi
627 982 698 1006 non
721 975 867 1006 constat.

77 1025 232 1057 aurisii.

36 1134 217 1177 religiosa,
245 1136 405 1178 proprie,
431 1143 502 1168 non
526 1135 657 1168 infinite
683 1136 732 1178 (ut

36 1185 112 1218 aliis
127 1184 268 1227 placuit)
285 1184 549 1227 accipiendum,
574 1185 655 1217 ideo
670 1193 732 1226 po-

36 1235 231 1274 tissimum,
257 1234 353 1276 quod
375 1243 468 1267 anno
491 1234 730 1276 praecedente

37 1284 114 1317 736.
138 1285 316 1324 Augustus
338 1284 448 1316 πέντε
469 1282 539 1326 τῆς
562 1293 732 1329 προστα-

37 1334 126 1374 σίας
157 1342 248 1376 ετη,
285 1330 486 1392 ἐπειδήπερ
522 1329 546 1366 ὁ
579 1332 733 1377 δεκέτης

37 1381 180 1430 χρόνος
190 1377 380 1425 ἐξῆκων’
354 1394 414 1426 ην,
431 1383 654 1429 προσέθετο.
668 1385 732 1416 Dio

0 1449 1 1452 ¹
41 1432 100 1472 54,
126 1433 179 1465 42.
216 1432 291 1465 Hoc
313 1433 454 1465 lustr-mn
481 1433 638 1475 principe
660 1435 735 1465 Au-

38 1483 141 1524 gusto
164 1480 244 1514 felix
265 1481 341 1514 fore
356 1481 423 1514 sibi
446 1482 600 1524 spondet
614 1483 731 1524 poeta3

5 1553 22 1562 ι
37 1532 181 1565 alter-iam
207 1532 327 1564 autem
351 1533 626 1573 «proximum»;
663 1533 734 1564 iam

39 1581 199 1623 sequitur
225 1582 367 1622 tempus
388 1580 568 1614 infinitum
600 1582 736 1614 melius-

41 1638 278 1671 que-‹emper—
292 1639 427 1669 aevum3
451 1639 581 1671 semper
602 1640 646 1663 ex
668 1631 737 1664 for-

39 1679 159 1720 mula,
193 1681 233 1712 ut
262 1679 338 1712 Tib.
365 1680 404 1720 4,
436 1680 474 1721 7,
510 1680 573 1712 63;
607 1681 650 1713 At
679 1684 733 1720 tu,

41 1729 188 1769 Natalis,
203 1730 325 1762 mltos
337 1729 529 1762 celebrande
538 1739 602 1770 per
616 1739 734 1769 annos,

41 1779 224 1812 Candidior
243 1788 371 1820 semper
391 1780 629 1820 candidiorque
647 1780 733 1812 veni.

40 1827 142 1860 ovid.
155 1829 246 1862 Fast.
261 1829 275 1861 4
291 1854 299 1868 ,
316 1829 370 1861 87.
396 1828 442 1861 de
461 1828 534 1861 Kal.
552 1830 732 1861 Ianuariis:

47 1878 160 1918 Salvo,
175 1878 265 1911 laeta
278 1879 357 1918 dies,
380 1879 561 1918 meliorque
573 1882 738 1911 revertere

41 1935 179 1968 mmet.
232 1926 405 1960 Nonnulla
443 1929 590 1969 poetae,
633 1927 735 1968 longe

41 1976 175 2009 maiore
205 1977 439 2018 interpretum
468 1976 571 2019 culpa
602 1977 736 2010 factum

42 2027 110 2066 est,
132 2027 173 2058 ut
194 2024 251 2058 alii
272 2026 458 2066 iungerent
480 2027 614 2058 Latium
634 2027 734 2068 felix,

39 2075 156 2107 metim
176 2084 306 2114 aevum,
331 2073 387 2107 alii
409 2075 542 2108 Latium
562 2075 645 2117 felix
665 2084 737 2107 me-

42 2124 182 2165 liusque,
206 2123 263 2156 alii
285 2123 441 2165 denique
462 2125 546 2166 felia:
568 2124 614 2156 ad
629 2123 737 2165 Apol-

41 2171 151 2206 linem
171 2173 363 2212 referrent,
400 2173 618 2216 appellantes
639 2174 733 2214 virg.

41 2222 114 2255 Ecl.
131 2223 164 2263 5,
178 2223 237 2255 65:
261 2223 316 2255 Sis
337 2223 440 2255 bonus
453 2233 473 2255 ο
493 2223 641 2264 felixque
659 2223 733 2255 tuis.

87 2271 141 2304 68.
164 2273 323 2313 Prorogat
332 2290 352 2295 -
363 2272 461 2304 Curet
470 2290 490 2296 -
499 2272 656 2313 Applicat]
670 2274 737 2304 Per

41 2329 83 2354 se
113 2321 338 2353 manifestum
364 2323 438 2360 est,
476 2322 642 2354 carminis
675 2321 735 2353 fini

42 2377 166 2402 rursus
185 2370 289 2402 unice
305 2371 493 2402 convenire
515 2371 736 2411 precationes

42 2425 128 2459 vere
150 2417 350 2460 religiosas,
381 2428 452 2451 non
475 2419 618 2451 nimiam
643 2418 734 2452 illam

41 2465 310 2501 indicativorum
323 2467 583 2508 confidentiam,
598 2477 689 2509 quae
702 2469 738 2500 et

43 2515 276 2558 scriptoribus
298 2516 450 2549 librariis
466 2518 502 2549 et
518 2517 646 2550 criticis
664 2518 740 2558 qui-

45 2563 208 2606 busdam,
225 2565 387 2607 adeoque
402 2567 468 2607 ipsi
482 2565 650 2605 Bentleio,
667 2565 740 2607 pla-

45 2614 127 2646 cuit.
145 2615 240 2653 Quae
253 2615 397 2656 quidem
413 2616 500 2647 ratio
514 2616 597 2647 tunc
613 2614 738 2647 saltem

47 2661 235 2696 tolerabilis
258 2665 327 2702 est,
364 2665 392 2696 si
420 2663 523 2705 plene
547 2664 739 2705 distinguas

158 2724 279 2753 Honn.
303 2732 376 2754 voi..
401 2724 422 2753 1.
464 2733 515 2754 ει).
538 2732 639 2754 »mon
661 2724 708 2753 m.

908 974 989 1014 (Nos
1011 975 1155 1007 secutus
1177 975 1233 1007 est
1252 973 1367 1014 Jahn.)
1393 992 1428 997 —-

780 1136 862 1176 post
882 1143 938 1166 vv.
964 1135 1006 1167 68
1030 1135 1065 1166 et
1087 1134 1156 1173 724
1180 1143 1328 1177 prorsus
1342 1135 1473 1177 inepta,

781 1184 811 1216 si
834 1193 899 1225 per
920 1181 1067 1224 zeu'gma
1090 1185 1180 1225 part.
1204 1184 1233 1216 si
1254 1184 1389 1217 referas
1403 1193 1424 1216 a
1439 1193 1474 1216 v.

779 1234 867 1265 videt
890 1233 935 1265 ad
958 1233 1024 1265 tria
1048 1232 1183 1274 reliqua
1204 1233 1316 1266 verba
1340 1236 1376 1266 et
1398 1242 1418 1266 a
1440 1243 1474 1266 ν.

782 1283 835 1315 73.
862 1282 1032 1324 apodosin
1055 1283 1218 1324 incipias,
1254 1284 1294 1315 ut
1320 1284 1382 1316 sit:
1421 1284 1476 1316 «Si

781 1331 904 1373 Apollo
927 1328 1003 1364 reffi
1027 1330 1207 1373 publicam
1226 1334 1408 1374 prorogat,
1433 1334 1479 1365 si-

783 1390 852 1423 que
890 1381 1001 1413 Diana
1038 1382 1128 1414 votis
1165 1381 1318 1424 applicat
1354 1391 1476 1421 aures,

783 1439 886 1473 spem
902 1432 1045 1472 reporto
1069 1432 1138 1463 cet.

827 1480 965 1512 69-72.
1007 1481 1176 1523 Quaeque}
1211 1482 1253 1514 Ut
1283 1480 1479 1523 Apollinem

783 1539 849 1572 per
871 1529 999 1562 aedem
1021 1529 1231 1569 Palatinam,
1258 1531 1310 1563 sic
1331 1531 1481 1564 Dianam
1545 1557 1549 1563 .

785 1579 981 1611 obtestatur
1003 1579 1132 1611 chorus
1156 1588 1222 1621 per
1243 1578 1430 1621 religiones
1445 1582 1482 1613 et

784 1630 916 1661 Romae
933 1630 968 1660 et
983 1629 1018 1660 in
1034 1629 1130 1661 Latio
1141 1655 1148 1669 ‚
1166 1629 1202 1662 in
1220 1631 1342 1661 monte
1356 1629 1480 1671 Algido

787 1678 861 1719 (Od.
881 1679 916 1717 4,
941 1679 996 1717 24,
1022 1679 1067 1719 6.)
1085 1677 1131 1710 illi
1154 1679 1344 1718 institutas,
1370 1682 1425 1718 ut,
1450 1680 1479 1713 si

784 1728 932 1770 propitia
956 1728 1002 1760 sit
1022 1728 1172 1769 imperio
1193 1729 1370 1768 Romam,
1410 1730 1478 1762 hoc

785 1778 964 1810 fortunare
996 1776 1091 1809 velit.
1134 1778 1262 1813 Zosim.
1288 1779 1328 1818 2,
1360 1779 1400 1810 5:
1439 1779 1482 1811 ἐν

784 1826 836 1870 τῷ
861 1824 947 1872 ἱερῷ
970 1824 1040 1869 τῆς
1058 1822 1288 1873 Ἀρτέμιδος,
1315 1824 1339 1860 ὃ
1361 1827 1403 1861 ἐν
1427 1826 1481 1872 τῷ

782 1874 997 1919 Ἀουεντίνῳ
1020 1874 1131 1920 λόφῳ
1152 1875 1377 1923 καθίδρυται
1396 1877 1476 1910 κτλ.

788 1945 824 1950 -
855 1926 1081 1967 Quindecim-
1095 1926 1291 1968 -viroran
1322 1927 1413 1959 Cum
1446 1928 1482 1959 hi

783 1975 858 2008 ludi
887 1973 1067 2008 seculares
1097 1983 1140 2007 ex
1169 1973 1341 2019 librorum
1369 1975 1482 2018 Sibyl-

784 2025 938 2057 linorum
980 2033 1154 2066 responso
1199 2024 1478 2066 celebrarentur,

785 2083 875 2116 quos
891 2073 973 2106 solis
990 2073 1283 2112 Quindecimviris
1302 2075 1380 2107 Sac.
1399 2076 1477 2108 Fac.

784 2124 882 2155 adire
906 2122 1053 2161 licebat,
1082 2120 1360 2156 consentaneum
1383 2126 1478 2164 erat,

784 2174 823 2204 ut
837 2173 905 2204 hoc
914 2172 1139 2204 sacerdotum
1151 2171 1337 2213 collegium
1348 2173 1479 2206 diserte

785 2222 1054 2253 memoraretur.
1101 2222 1208 2255 Tacit.
1225 2222 1314 2254 Ann.
1333 2223 1371 2254 44
1387 2248 1395 2262 ,
1416 2223 1451 2255 44
1470 2233 1476 2254 ;

783 2271 917 2312 collegio
933 2271 1211 2310 Qindeoinwimm
1232 2272 1416 2311 antiquitus
1438 2281 1480 2304 ea

784 2329 869 2352 eura
892 2319 1066 2361 (ludorum
1088 2319 1325 2361 secularium),
1351 2325 1382 2353 et
1403 2331 1480 2354 ma-

784 2371 944 2411 gistratus
973 2370 1181 2426 potissimum
1217 2370 1480 2411 exsequebantur

786 2419 897 2460 officia
918 2418 1209 2453 cammoniarum.
1230 2419 1477 2462 puer—‹momJ

786 2468 968 2509 utriusque
992 2476 1110 2501 sexus.
1150 2468 1278 2502 Paulus
1302 2469 1347 2501 de
1368 2469 1475 2502 Verb.

788 2516 903 2557 Signis.
930 2516 975 2549 ed
1006 2517 1163 2550 Cramer.
1188 2526 1223 2559 p.
1248 2518 1301 2550 78.
1325 2518 1406 2557 463,
1437 2520 1476 2550 4;

786 2566 883 2598 Puer-2·
897 2566 1116 2607 appellatione
1130 2567 1232 2601 otiam
1249 2567 1364 2607 puella
1377 2568 1480 2609 siqni-

785 2616 918 2657 ficatur.
945 2634 981 2639 —
1005 2616 1132 2649 amicas
1155 2616 1313 2658 Applicat]
1338 2618 1478 2658 «propi-

789 2665 854 2697 tias
877 2664 1080 2707 praebeat.»
1116 2666 1236 2699 Senon.

1212 2727 1242 2754 -Η
