1722 2904
644 47 814 79 HORATH
840 46 1065 80 CARMINUM

633 386 1082 427 ΟΜΝ.
1142 350 1157 361 r

300 523 482 576 Qualem
512 524 751 567 ministrum
780 523 966 567 fulminis
997 523 1141 568 alitem
1159 558 1168 574 ‚

303 605 379 648 Cui
412 618 488 648 rex
518 604 700 647 deorum
730 618 910 662 regnum
940 605 982 646 in
1013 618 1115 648 aves
1153 617 1284 663 vagas

221 725 276 757 lV.
303 725 411 757 Inscr.
438 723 528 764 volg.
554 724 659 756 Drusi
681 725 795 756 laudes
817 723 873 757 vel
897 725 947 757 Ad
968 725 1083 758 urbem
1105 726 1256 764 Romam3
1284 743 1320 748 —
1345 723 1396 757 Ad
1427 724 1542 757 urbem

175 775 362 807 Romanam
384 775 423 806 de
444 774 553 806 indole
575 775 697 806 ducum
718 775 777 806 Bc.
800 792 836 798 —
861 774 911 806 Ad
933 775 1084 807 Drusum
1101 774 1299 816 privignum
1319 774 1460 816 Augusti
1482 774 1542 814 qui

172 828 306 864 patrem
321 825 487 856 Neronem
501 824 615 856 habuit
631 825 664 856 S.
686 842 723 848 -
750 825 787 856 In
804 824 909 856 Drusi
923 825 1067 857 Neronis
1079 825 1236 857 virtutem
1248 823 1285 856 b.
1306 842 1343 848 —
1359 824 1394 857 2.
1411 824 1485 856 ‹wi-3
1498 825 1537 856 B.

176 930 232 961 IV.
259 930 360 961 Drusi
383 938 442 961 res
458 931 576 969 gestas
596 930 745 969 egregiis
762 928 836 960 lau-

132 979 237 1012 dibus
261 978 436 1017 celebrat,
463 979 509 1010 ita
532 979 571 1010 ut
595 979 670 1011 eius
686 979 834 1011 virtutes

133 1029 348 1067 educationi,
382 1037 450 1069 qua
477 1037 561 1060 eum
585 1027 755 1060 formarat
779 1028 835 1059 vi-

133 1079 241 1110 tricus
270 1079 465 1118 Augustus,
503 1077 679 1119 imprimis
709 1076 835 1109 deberi

133 1127 318 1168 significet.
359 1126 526 1159 Claudius
556 1128 691 1159 Drusus
720 1128 831 1166 Nero,

135 1177 250 1208 minor
273 1176 383 1208 frater
404 1175 550 1215 Tiberii,
576 1177 679 1208 natus
695 1185 727 1207 a.
746 1185 781 1207 u.
801 1185 831 1207 c.
858 1179 862 1211 ι

133 1226 224 1265 746.,
260 1226 377 1257 XXIII.
415 1234 589 1257 annorum
625 1225 834 1258 adolescens

133 1285 166 1307 a.
191 1285 227 1307 u.
253 1285 284 1307 c.
312 1275 387 1308 739.
414 1284 483 1307 una
513 1284 596 1307 cum
625 1275 682 1307 illo
706 1277 834 1308 Raetos

133 1324 407 1366 Vindelicosque
454 1324 661 1363 debellavit,
709 1327 835 1367 postea

134 1373 257 1407 consul
281 1383 313 1406 a.
340 1383 375 1406 u.
401 1383 431 1406 c.
451 1374 524 1407 745.
552 1375 586 1406 in
611 1374 835 1416 expeditione

134 1424 343 1456 Germanica
368 1425 522 1456 mortem
549 1424 646 1456 obiit.
687 1425 737 1456 Ex
762 1425 836 1456 An-

135 1474 245 1512 tonia,
283 1473 458 1504 triumviri
481 1472 568 1512 filia,
605 1474 725 1514 genuit
749 1475 837 1506 Ger-

134 1523 315 1554 manicum
333 1523 543 1562 Caesarem,
571 1522 757 1555 Claudium
774 1524 839 1555 im-

134 1573 354 1613 peratorem,
392 1571 561 1603 Livillam.
599 1573 707 1604 Tacit.
745 1574 834 1605 Ann.

137 1622 150 1652 4
167 1646 174 1661 ,
200 1621 261 1653 33;
286 1622 392 1653 Drusi
413 1630 542 1662 magna
564 1623 656 1662 apud
674 1623 838 1662 populum

135 1673 322 1704 Romanum
342 1672 522 1711 memoria,
556 1672 835 1712 credebaturque,

135 1722 164 1753 si
198 1730 314 1753 rerum
344 1722 470 1761 potitus
510 1722 596 1762 foret
641 1722 836 1763 (Augustus

120 1771 232 1803 ,enim
262 1780 330 1803 una
363 1779 446 1803 cum
468 1770 600 1812 populo
625 1780 708 1803 eum
732 1771 838 1804 Tibe—

136 1820 188 1852 rio
227 1819 330 1861 longe
362 1820 612 1861 anteferebat),
654 1820 839 1853 libertatem

135 1870 337 1901 redditurus.
382 1869 559 1902 Consolat.
579 1869 624 1901 ad
642 1871 775 1902 Liviam
792 1870 837 1902 de

136 1920 251 1951 morte
275 1919 379 1952 Drusi
404 1919 464 1951 43:
502 1919 627 1951 Occidit
650 1920 838 1960 exemplum

136 1969 263 2000 iuvenis
283 1968 470 2001 venerabile
491 1977 641 2007 morum,·
665 1970 840 2002 Maximus

136 2018 190 2049 ille
212 2019 334 2058 armis,
358 2019 530 2050 maximus
551 2019 605 2051 ille
628 2022 716 2060 toga.
748 2020 839 2051 Sue-

136 2067 253 2099 tonius
282 2068 316 2099 in
347 2068 477 2099 Horatii
507 2068 594 2099 vita:
638 2068 836 2109 (Augustus)

137 2117 263 2156 scripta
286 2117 418 2157 quidem
440 2118 510 2149 eius
531 2126 635 2158 usque
658 2119 740 2150 adeo
758 2127 841 2158 pro-

137 2165 227 2197 bavit
248 2175 477 2206 mansuraque
498 2170 660 2207 perpetuo
684 2167 840 2207 opinatus

137 2218 200 2254 est,
239 2219 276 2247 ul
304 2226 370 2247 non
398 2217 495 2248 modo
523 2218 672 2249 seculare
703 2225 839 2248 carmen

136 2266 397 2305 componendum
413 2266 618 2306 iniunoeerit,
644 2267 700 2298 sed
715 2269 745 2298 et
764 2267 841 2298 Vin—

137 2315 278 2346 delicam
309 2316 486 2348 victoriam
522 2316 640 2349 Tiberii
669 2317 839 2356 Drusique

133 2365 386 2405 privignorum,
418 2374 556 2405 eumque
584 2366 729 2407 coegerit
756 2375 839 2406 pro-

134 2417 210 2453 pter
238 2414 297 2445 hoc
326 2414 430 2446 tribus
458 2415 648 2447 carminum
675 2415 768 2447 libris
795 2424 839 2447 ex

138 2463 235 2503 lonqo
279 2464 455 2495 intervallo
499 2468 659 2504 quartum
703 2466 837 2497 addere.

140 2512 256 2543 «Haec
286 2514 340 2545 est
370 2511 515 2554 Ecloga,
551 2515 699 2555 propter
729 2522 838 2555 quam

140 2562 232 2593 totus
263 2562 319 2593 hic
354 2561 444 2594 liber
473 2562 589 2595 editus
621 2565 710 2595 est.»
750 2565 839 2596 Pon-

140 2618 290 2641 rnviuox.
323 2611 475 2643 Carmen
499 2612 566 2644 hoc
588 2611 720 2652 aliquot
735 2621 839 2644 men—

885 928 984 962 sibus
997 930 1078 961 ante
1095 936 1259 962 mensem
1275 928 1443 962 Sextilem
1459 938 1492 962 a.
1506 928 1582 961 739.
1602 966 1616 978 r

885 979 1122 1020 compositum
1132 979 1273 1011 videtur
1288 979 1433 1012 Frankio
1450 979 1485 1012 F.
1501 979 1583 1012 Hor.

883 1037 919 1070 p.
943 1029 1034 1068 2⁴0„
1062 1029 1122 1069 qui
1145 1027 1191 1060 de
1214 1028 1324 1061 rebus
1339 1029 1468 1070 gestis,
1493 1036 1584 1070 quas

885 1077 1058 1119 significat
1080 1078 1202 1119 poeta,
1228 1077 1373 1110 omnino
1396 1075 1587 1110 consulen-

885 1127 952 1159 dus
983 1128 1056 1166 est,
1094 1135 1161 1159 nec
1196 1128 1315 1159 tamen
1346 1127 1404 1158 hic
1435 1125 1586 1159 exscribi

884 1177 1015 1218 potuit;
1044 1177 1211 1218 quocirca
1238 1177 1274 1208 in
1301 1176 1369 1209 hac
1395 1175 1460 1208 Ed.
1483 1176 1587 1208 tertia

886 1235 954 1258 non
971 1225 1095 1258 sustuli
1111 1226 1183 1258 Iani
1197 1225 1308 1258 verba
1326 1226 1360 1258 in
1369 1226 1527 1259 Excursu
1543 1226 1585 1264 1.,

886 1284 996 1317 quem
1025 1274 1080 1307 ille
1110 1276 1307 1318 inspexisse
1338 1285 1410 1308 non
1432 1275 1585 1308 videtur.

931 1326 962 1357 4.
990 1325 1138 1365 Qualem]
1163 1325 1317 1358 Protasis
1339 1325 1503 1367 procedit
1524 1333 1588 1357 us-

887 1383 957 1416 que
982 1374 1028 1406 ad
1050 1384 1083 1407 v.
1111 1375 1170 1407 46:
1209 1374 1379 1414 «Qualem
1410 1373 1588 1408 novellam

887 1423 1042 1465 aquilam
1052 1440 1090 1448 --
1101 1422 1290 1466 qualemve
1304 1423 1459 1463 leonem,
1477 1423 1587 1457 talem

886 1473 1008 1506 videre
1024 1473 1195 1506 Vindelici
1210 1474 1368 1507 Drusum
1383 1473 1590 1507 adolescen-

887 1525 996 1556 tem.»
1018 1542 1053 1547 —-
1071 1524 1263 1556 ministrum
1281 1524 1441 1566 fulminis]
1463 1523 1588 1566 Aquila

887 1573 979 1605 Iovis
1003 1572 1148 1605 fulmina
1171 1573 1325 1606 custodit
1347 1575 1454 1616 atque
1479 1574 1512 1606 ei
1534 1574 1588 1606 ia-

889 1622 1015 1655 cienda
1042 1623 1198 1664 porrigit.
1247 1623 1336 1655 Hinc
1363 1623 1525 1656 Ciceroni
1552 1623 1588 1655 in

888 1673 987 1705 Marii
1010 1673 1147 1713 Fragm.
1172 1681 1208 1714 p.
1231 1672 1314 1704 567:
1347 1673 1436 1705 Iovis
1456 1672 1590 1705 altisoni

861 1715 865 1730 ¹
886 1739 902 1746 -
915 1740 931 1746 -
941 1723 1089 1763 pinnata
1101 1722 1241 1754 satelles,
1273 1721 1374 1755 Idem
1388 1723 1484 1755 Arat.
1501 1721 1586 1755 294:

886 1772 1006 1804 summi
1028 1772 1115 1803 Iovis
1129 1771 1356 1804 alesnuntius.
1381 1772 1476 1814 Virg.
1493 1771 1583 1804 Aen.

889 1823 926 1861 5,
952 1822 1033 1853 255:
1069 1821 1156 1853 lovis
1177 1821 1338 1862 anniqer.
1374 1820 1461 1854 Plin.
1485 1821 1527 1854 H.
1544 1822 1586 1854 N.

890 1871 943 1910 ⁴0,
962 1870 993 1910 3,
1012 1869 1048 1903 4:
1073 1871 1206 1911 Negant
1220 1879 1370 1910 unquam
1384 1870 1490 1903 solam
1503 1870 1590 1903 hanc

888 1921 1000 1953 alitem
1016 1921 1247 1952 exanimatam
1267 1919 1424 1961 flumin&
1448 1920 1521 1952 ideo
1535 1928 1591 1952 ar-

889 1971 1061 2011 migeram
1085 1970 1175 2002 Iovis
1194 1970 1393 2002 consuetudo
1415 1970 1588 2002 iudicavit.

889 2020 946 2052 Sic
959 2018 1055 2061 apud
1070 2017 1156 2050 Plat.
1170 2018 1303 2051 Phaed.
1316 2027 1352 2060 p.
1364 2019 1419 2052 85.
1433 2020 1470 2052 Α.
1486 2019 1591 2060 cycni

889 2070 971 2102 sunt
1003 2067 1172 2110 Apollinis
1206 2065 1450 2114 θεράποντες.
1496 2067 1590 2102 Alibi

889 2118 970 2150 talia
1004 2116 1168 2150 animalia
1204 2116 1355 2150 deorum
1381 2118 1503 2159 fami
1523 2126 1592 2150 vo-

890 2169 1025 2200 cantur.
1052 2167 1123 2199 Cfr.
1142 2167 1277 2199 Grimm
1299 2167 1458 2199 Reinhart
1485 2167 1591 2200 Fue-hs

889 2226 925 2259 p.
943 2217 1057 2249 XLIV.
1084 2217 1214 2249 Contra
1237 2215 1300 2249 Iob
1316 2218 1354 2256 5,
1380 2217 1412 2249 7.
1442 2216 1592 2258 suminis

887 2267 977 2308 filias
998 2265 1150 2307 appellat
1174 2265 1321 2308 aquilas.

933 2317 965 2348 2.
1005 2316 1163 2356 reynum]
1199 2316 1256 2348 Sic
1289 2315 1440 2348 Pindaro
1474 2314 1591 2357 aquila

891 2367 946 2398 est
975 2361 1098 2409 ἀρχὸς
1129 2361 1277 2397 οἰωνῶν
1309 2365 1428 2406 (Pyth.
1454 2366 1495 2403 4,
1529 2365 1589 2406 7.),

891 2414 1038 2446 οἰωνῶν
1060 2411 1255 2455 βασιλεύς.
1289 2413 1350 2456 (01.
1377 2414 1431 2454 43,
1456 2415 1511 2447 24.
1535 2413 1589 2455 Β.)

893 2483 929 2487 -
956 2473 1034 2496 aves
1047 2465 1166 2505 vagas]
1192 2459 1505 2510 «ἠεροφοίτουςω
1533 2464 1590 2496 Sic

891 2513 953 2546 Od.
980 2514 1017 2553 3,
1043 2514 1101 2553 27,
1129 2514 1189 2546 ⁴6:
1224 2522 1316 2555 vaga
1337 2513 1468 2546 carnin.
1492 2513 1586 2554 Virg.

892 2564 960 2596 Cir.
988 2564 1069 2595 497:
1093 2564 1409 2605 vagae-volueres.

934 2612 965 2645 4.
1003 2613 1038 2644 in
1062 2613 1262 2652 Ganymede]
1294 2612 1342 2645 Ex
1371 2612 1502 2645 Horatii
1525 2612 1590 2653 igi-
