1722 2904
213 21 296 62 670
749 23 920 57 HonATn
944 24 1113 57 EPODON

503 127 655 170 Terras
687 134 730 170 et
758 127 992 170 humanum
1023 142 1184 185 genus,

440 207 554 258 Quid
585 208 665 250 iste
696 207 775 251 fert
805 208 1042 251 tumultus?
1072 215 1145 251 aut
1174 209 1277 266 quid
1308 210 1497 253 omnium

499 287 643 331 Voltus
675 289 717 330 in
748 303 879 330 unum
910 302 978 332 me
1010 290 1190 332 truces?

1642 373 1668 412 ve

442 369 522 411 Per
555 368 714 412 liberos
746 377 806 419 te,
841 370 876 411 si
907 376 1059 412 vocata
1090 370 1298 427 partubus

498 450 659 493 Lucina
688 450 804 492 veris
835 449 976 500 affuit,

444 532 526 573 Per
556 530 638 573 hoc
668 531 794 573 inane
827 545 1046 588 purpurae
1078 531 1214 575 decus
1243 546 1416 589 precor,

502 613 584 654 Per
614 611 954 668 improbaturum
984 611 1094 656 haec
1123 614 1291 663 Iovem,

441 692 555 744 Quid
588 699 634 735 ut
665 706 852 735 noverca
883 707 952 736 me
984 693 1162 737 intueris
1193 701 1266 736 aut
1301 694 1360 736 uti

304 812 336 845 3.
363 815 423 844 aut
446 812 525 852 quid
548 812 622 844 BSd
639 837 646 851 ,
673 811 828 845 Oberlini
853 813 878 844 B
894 837 901 851 ,
938 813 1097 845 Pottierii
1120 813 1159 851 ⁴,
1185 813 1223 851 3.
1250 813 1285 845 Η
1306 838 1314 852 ,
1340 813 1393 846 22.
1413 839 1420 853 ,
1455 812 1624 846 Aldinae:

260 866 290 894 et
313 862 394 902 quid
416 861 483 901 bc,
510 861 632 894 Bland.
659 863 846 902 quattuor,
873 862 961 901 LCt,
987 861 1185 901 Bentleius,
1210 862 1299 896 FMJ.

217 970 300 994 men
330 970 400 993 uno
430 970 492 993 ore
521 961 699 993 affirmant
733 960 918 994 Canidiam
968 961 1080 994 Codd.
1108 961 1216 994 etiam
1238 961 1370 994 Horatii
1392 961 1494 994 multi
1509 962 1672 1002 quidquid

216 1011 309 1043 hanc
324 1019 410 1043 vero
435 1011 576 1042 nomine
601 1010 708 1043 fuisse
726 1010 918 1043 Gratidiam
966 1011 1131 1053 --reyis
1158 1011 1228 1043 Sed
1250 1012 1348 1044 recte
1365 1011 1563 1045 Bentleius:
1592 1013 1672 1045 «Ro-

216 1059 483 1102 Neapolitanam
505 1060 778 1101 unguentariam
803 1060 835 1101 (5³
853 1059 916 1092 cfr.
965 1060 1015 1101 ,qit
1037 1060 1082 1092 ab
1108 1061 1250 1093 Horatio
1272 1061 1473 1102 profectum
1496 1062 1564 1094 est.
1589 1063 1667 1094 Non

216 1119 274 1142 vv.
292 1110 347 1142 59.
367 1109 432 1150 60.)
459 1111 494 1142 et
517 1109 733 1149 veneficam,
760 1119 780 1141 a
796 1110 918 1141 canitie
968 1110 1063 1142 enim
1093 1119 1185 1151 puer
1214 1109 1270 1143 ille
1296 1110 1384 1143 deos
1406 1111 1465 1143 hic
1488 1113 1667 1152 precatur,

216 1160 268 1191 sic
291 1160 359 1191 ioci
375 1159 483 1200 gratia
500 1158 727 1200 appellatam.
748 1177 786 1182 --
822 1159 918 1200 («Hic
966 1159 1032 1191 sed
1056 1159 1239 1192 Canidiam
1263 1161 1299 1192 et
1321 1161 1437 1193 socias
1460 1159 1670 1202 alloquitur,

218 1209 354 1250 epodus
380 1209 529 1241 chorum
561 1209 659 1241 ducit
685 1217 810 1241 eorum
841 1217 920 1240 car-
966 1217 1084 1249 neque
1106 1218 1193 1241 vero
1217 1209 1394 1242 invocatio
1419 1209 1571 1242 deorum
1595 1211 1670 1248 est,

217 1259 373 1298 minum,
417 1259 452 1290 in
492 1258 622 1299 quibus
661 1258 804 1291 Canidia
844 1258 918 1291 sive
967 1257 1032 1291 sed
1067 1257 1277 1291 exclamatio
1311 1258 1514 1299 dumtaxat,
1551 1258 1669 1300 qualia

217 1307 372 1340 Gratidia
400 1307 579 1340 diffamata
608 1310 674 1340 est.
723 1308 794 1340 Cfr.
821 1309 922 1340 Butt-
968 1308 1035 1340 ista
1047 1307 1188 1348 diboni,
1209 1317 1274 1348 pro
1284 1308 1453 1349 Iuppiter,
1476 1308 1667 1341 divostrwm

217 1365 325 1389 mann
355 1356 498 1397 Mythol.
525 1358 550 1389 1.
577 1367 612 1399 p.
638 1357 736 1389 332.»
775 1358 917 1389 meu.
965 1358 1064 1400 fidem
1086 1358 1179 1390 cet.»
1219 1358 1279 1390 Est
1305 1357 1536 1400 simpliciter:
1569 1367 1611 1391 «o
1633 1358 1672 1391 di

217 1406 342 1439 Eidem
365 1407 518 1448 scriptus
541 1407 682 1439 videtur
703 1416 734 1439 a.
764 1407 839 1439 747.
864 1405 920 1438 vel
970 1406 1160 1447 caelestes,
1191 1409 1351 1440 rectores
1376 1409 1552 1440 terrarum
1577 1410 1670 1440 cet.»

218 1457 313 1496 748.,
340 1456 566 1488 Grotefendio
590 1466 621 1488 a.
648 1456 724 1489 7⁴4.
1013 1457 1086 1489 3-5.
1110 1456 1186 1498 fert]
1212 1457 1315 1489 «novi
1338 1456 1456 1496 affert,
1486 1456 1556 1489 sihi
1577 1456 1671 1496 volt;

264 1507 295 1537 l.
319 1506 371 1548 At]
398 1506 472 1537 Hoc
494 1504 573 1538 loco
599 1509 634 1538 αι
656 1505 840 1538 abundare
866 1505 922 1537 di-
970 1515 1142 1547 quorsum
1157 1506 1208 1538 sic
1224 1505 1538 1539 tumultuamini‘i»
1557 1524 1596 1530 —
1611 1509 1672 1539 aut

219 1555 266 1587 cit
288 1555 456 1586 Priscian.
484 1555 544 1594 ⁴7,
571 1556 645 1594 23.,
682 1555 728 1587 ad
757 1556 922 1587 ornatum
970 1556 1059 1598 quid]
1091 1557 1187 1588 Haec
1210 1555 1315 1588 lectio
1342 1556 1669 1597 antiquissimorum

217 1603 334 1636 solum
367 1605 546 1646 pertinere
581 1605 723 1637 Servius
753 1604 799 1636 ad
831 1606 918 1636 Aen.
969 1605 1081 1638 Codd.
1106 1606 1157 1638 BS
1186 1606 1395 1638 auctoritate
1419 1605 1572 1638 firmata-
1592 1614 1672 1638 me-

218 1655 255 1693 7,
282 1654 357 1686 363.
384 1655 536 1694 Verum,
566 1654 627 1686 ubi
651 1657 688 1686 at
710 1654 762 1687 sic
786 1654 922 1686 orditur
969 1655 1036 1688 lius
1066 1655 1231 1696 exprimit
1258 1654 1441 1687 turbatum
1469 1655 1571 1696 pueri
1597 1655 1675 1687 ani-

218 1704 432 1742 orationem,
474 1704 639 1745 exprimit
676 1704 782 1736 animi
819 1712 921 1736 com·
972 1713 1071 1737 mum
1089 1713 1197 1746 quam
1213 1703 1324 1736 altera
1340 1707 1372 1736 et
1386 1705 1476 1745 quid.
1503 1704 1560 1737 Sic
1573 1713 1675 1746 pror-

219 1754 305 1785 moti
340 1754 513 1795 impetum
549 1762 591 1786 ac
626 1753 919 1795 trepidationem,
972 1762 1034 1786 sus
1056 1753 1168 1795 Epod.
1199 1754 1235 1794 7,
1273 1754 1326 1794 4.,
1363 1753 1426 1786 ubi
1458 1754 1535 1799 sine
1565 1762 1673 1787 causa

219 1812 302 1835 cum
326 1804 385 1844 qui
412 1802 567 1844 loquitur
589 1813 628 1836 se
653 1803 771 1836 subito
797 1804 831 1835 in
853 1802 920 1835 alio
972 1803 1249 1844 Cuninghamius
1265 1802 1374 1835 voluit
1395 1806 1428 1835 et
1448 1812 1521 1836 cur.
1541 1821 1581 1826 —
1598 1806 1675 1836 tru-

219 1862 327 1894 quam
363 1854 467 1885 antea
502 1854 595 1885 statu
626 1852 838 1886 collocatum
867 1853 922 1884 vi-
970 1852 1040 1894 ces]
1068 1853 1255 1893 «quattuor
1276 1861 1443 1893 sagarum
1464 1851 1580 1885 voltus
1605 1852 1676 1886 mi-

219 1903 291 1940 (let,
318 1904 424 1943 atque
449 1901 611 1935 dolorem
635 1904 671 1935 et
692 1903 782 1935 iram
813 1902 923 1942 signi—
972 1903 1128 1934 nitantur
1160 1902 1194 1934 in
1229 1910 1288 1934 me
1324 1902 1522 1934 conversi.»
1561 1919 1598 1925 -
1630 1900 1672 1943 tc]

219 1952 311 1984 fleat.
360 1951 430 1984 Cfr.
463 1952 566 1983 Hand
596 1951 742 1984 Tursell.
776 1952 802 1983 1.
840 1959 919 1992 pag.
970 1953 1044 1984 Iam
1067 1951 1112 1983 ad
1137 1950 1337 1990 Canidiam,
1375 1958 1543 1991 sagarum
1572 1951 1675 1992 prin-

219 2001 295 2034 14⁴9.
315 2003 350 2034 et
365 2001 441 2034 444.
479 2002 534 2033 Sic
554 2002 661 2034 etiam
682 2002 818 2033 Graeci.
837 2002 924 2041 Tyr-
972 2003 1108 2043 cipem,
1135 2008 1215 2033 sese
1240 1999 1389 2032 confert.

219 2054 320 2084 taeus
344 2052 376 2084 8.
403 2052 666 2084 Schneidewin:
693 2048 784 2083 Ἀλλ’
808 2047 923 2096 Ἡρα-
1015 2050 1132 2083 6-40.
1168 2049 1318 2091 Lucina]
1345 2048 1415 2082 Cfr.
1448 2049 1566 2082 Carm.
1595 2057 1670 2082 sec.

218 2099 339 2144 κλῆος
369 2098 442 2147 γὰρ
470 2098 658 2144 ἀνικήτου
689 2102 799 2144 γένος
821 2099 919 2132 ἐστέ.
973 2101 1024 2132 45.
1065 2099 1213 2140 Egregie
1241 2099 1376 2130 iocatur
1398 2099 1435 2130 in
1458 2106 1497 2130 re
1521 2099 1674 2132 atrocis-

219 2151 392 2192 Theognis
416 2151 499 2184 34⁴:
533 2148 661 2190 Ἀλλά,
694 2148 787 2190 Ζεῦ,
819 2148 923 2182 τέλε-
971 2150 1061 2182 sima
1084 2148 1205 2180 verbis
1229 2147 1404 2189 ambiguis
1435 2155 1542 2187 usus,
1579 2155 1672 2190 quae
1721 2166 1722 2178 η

219 2198 292 2233 σόν
329 2196 614 2243 μοι--εὖχήν,
657 2218 695 2223 -
737 2199 921 2241 quidquid]
971 2199 1007 2231 in
1033 2198 1126 2230 anxii
1156 2197 1260 2238 pueri
1290 2206 1352 2230 ore
1382 2196 1675 2229 innocentissima
1721 2212 1722 2217 =

219 2250 317 2283 Ovid.
344 2251 426 2283 Met.
453 2250 512 2290 ⁴0,
540 2250 600 2282 ⁴8:
639 2250 800 2290 quidquid
828 2258 923 2281 mor·
970 2248 1152 2280 videntur:
1194 2247 1244 2279 «si
1271 2255 1399 2288 reapse
1430 2246 1562 2278 Lucina
1593 2246 1675 2278 tuos

218 2300 285 2332 tale
313 2308 482 2331 creamur.
532 2299 615 2331 Hor.
644 2300 716 2330 Sat.
747 2299 784 2337 4,
817 2298 854 2337 6,
882 2299 919 2330 4:
971 2299 1094 2340 partus
1124 2297 1227 2336 iuvit,
1262 2297 1303 2328 ut
1329 2295 1453 2338 procul
1482 2294 1592 2328 dubio
1618 2295 1675 2327 iu·-

218 2349 388 2389 Lydorum
419 2348 582 2388 quidquid
603 2348 762 2380 Etruscos
782 2347 923 2379 Incoluit
973 2348 1063 2386 vit;»
1099 2355 1143 2378 ex
1176 2347 1303 2388 poe'tae
1337 2353 1447 2378 sensu
1476 2344 1678 2378 mordacis-

217 2400 309 2440 flneS.
356 2398 470 2430 Etiam
494 2398 528 2430 in
552 2397 709 2438 pedestri
725 2406 776 2428 or.
796 2397 868 2429 Liv.
886 2397 919 2435 2,
972 2397 1058 2429 sima
1089 2396 1191 2428 sunt:
1228 2394 1278 2428 «si
1306 2403 1464 2436 unquam
1490 2402 1577 2426 vere
1607 2402 1631 2435 p
1676 2407 1678 2410 >

219 2450 256 2480 5:
289 2448 451 2488 quidquid
473 2449 677 2480 deorum-—
693 2450 783 2479 esset.
803 2447 863 2486 23,
887 2447 918 2479 9.
973 2446 1145 2488 peristi;»
1182 2453 1253 2485 quo
1288 2444 1366 2485 ipso
1397 2443 1570 2485 significat
1603 2443 1679 2476 (Σα->

220 2499 370 2529 iurantes
399 2506 463 2537 per
486 2498 647 2537 quidquid
685 2498 823 2529 deorum
860 2499 918 2528 est.
972 2495 1103 2528 nidiam
1128 2493 1233 2526 salsos
1253 2492 1320 2525 sibi
1343 2492 1575 2535 supposuisse
1590 2499 1678 2533 par-

221 2547 410 2579 Diomedes
433 2555 468 2588 p.
494 2546 568 2578 527.
596 2548 632 2579 et
661 2546 860 2578 Priscianus
883 2553 918 2586 p.
971 2546 1039 2577 tus.
1083 2543 1164 2584 (Cir.
1198 2542 1309 2585 Epod.
1337 2543 1396 2582 47,
1429 2542 1497 2583 50.)
1523 2559 1562 2565 -
1582 2550 1675 2582 pur-

222 2595 317 2627 ⁴405.
348 2596 383 2627 P.
414 2595 546 2627 habent
583 2595 919 2635 quisquis-—reyis,
966 2602 1076 2633 purae
1114 2592 1228 2634 decus]
1269 2593 1387 2633 togam
1429 2591 1671 2632 praetextam,
