1722 2904
647 41 727 74 Lm.
751 41 808 73 IV.
856 41 981 73 c.1v.
1038 68 1043 72 ,

1491 38 1567 80 554

416 143 594 188 Pertulit
620 143 832 187 Ausonias
864 142 920 186 ad
950 142 1102 192 urbes,

302 237 431 280 Duris
460 243 507 279 ut
534 236 619 280 ilex
646 242 770 279 tonsa
796 234 1055 293 bipennibus

302 318 457 374 Nigrae
486 316 615 359 feraci
646 315 805 359 frondis
836 316 879 358 in
906 314 1058 372 Algido
1071 349 1080 364 ‚

358 398 443 440 Per
471 396 645 447 damna,
676 409 756 452 per
783 395 961 446 caedes,
993 394 1047 438 ab
1077 394 1171 452 ipso

416 476 542 520 Ducit
570 489 677 533 opes
709 476 986 533 animumque
1016 475 1143 519 ferro.
1520 476 1575 517 60

301 569 395 612 Non
422 567 563 627 hydra
590 574 709 612 secto
738 581 922 624 corpore
950 567 1112 610 firmior

305 648 423 692 Vinci
452 647 669 691 dolentem
697 647 831 691 crevit
859 648 901 689 in
934 646 1185 697 Herculem,

367 728 658 770 Monstrumve
694 726 937 770 submisere
968 726 1111 770 Colchi

219 822 275 855 56.
308 821 446 854 Pet-tm
473 822 519 853 ad
548 821 692 853 ἀσωτίας
719 821 817 854 urbes
845 822 936 854 miro
959 829 1080 854 errore
1103 821 1141 853 T.
1162 837 1198 843 —
1217 821 1271 854 58.
1297 820 1405 854 alcide
1426 822 1464 853 T.
1491 839 1529 846 -

177 871 231 903 60.
254 871 447 912 animosque
468 879 528 909 νκ.
554 871 681 910 (Nostri
704 871 799 912 non.)

134 947 374 993 λαμφύλλοις
424 948 570 983 δέδεται
620 952 823 996 κορυφαῖς.

133 1000 274 1032 Etenim
295 1008 315 1032 e
336 999 526 1041 longinquo
541 999 672 1032 virides
686 1000 827 1032 montes

136 1048 226 1090 nigri
254 1047 429 1081 videntur.
465 1065 502 1071 -
536 1048 673 1090 Algido]
704 1050 826 1080 monte

133 1097 241 1137 Latii,
265 1095 534 1130 Dianae'sacro.

176 1145 231 1178 59.
256 1146 310 1178 60.
333 1147 396 1180 Per
417 1146 558 1188 damna]
584 1146 654 1179 Csr.
678 1147 828 1178 Kartha·-

134 1194 345 1235 giniensium
366 1194 521 1228 lamenta
544 1195 639 1236 apud
672 1196 745 1228 Liv.
769 1196 824 1235 29,

133 1243 177 1276 3:
199 1243 268 1276 Illis
282 1243 466 1285 (Romanis)
490 1245 678 1277 Romanam
685 1245 825 1285 plebem

131 1292 199 1324 iuis
228 1293 362 1325 Latium
398 1293 598 1325 iuventutem
636 1294 829 1334 praebuisse

131 1342 294 1374 maiorem
338 1350 466 1398 semper
509 1343 829 1384 frequentioremque

126 1399 195 1431 pro
215 1394 264 1423 tot
283 1391 388 1423 caesis
412 1392 611 1424 avere-'tibus
630 1393 830 1425 subdescen-

132 1443 208 1472 tem‚
232 1438 405 1482 Sulpiciae
428 1441 499 1472 Sat.
523 1440 585 1474 48:
611 1442 700 1482 Quos
715 1442 828 1483 (vete-

131 1488 203 1529 res)
217 1489 305 1521 inter
320 1489 427 1529 pn‘eoi
447 1490 607 1522 sententia
620 1491 678 1522 dia
693 1491 828 1523 Catonis

132 1537 227 1569 Scire
252 1538 335 1571 adeo
360 1539 476 1580 magni
499 1539 642 1580 fecisset,
672 1543 828 1572 utrumne

132 1587 295 1626 secundis,
327 1587 380 1620 An
410 1588 520 1629 magis
551 1589 699 1621 adversis
724 1592 828 1621 staret

131 1636 284 1668 Romana
306 1645 482 1678 propago:
515 1637 646 1670 Scilicet
666 1639 824 1670 adversis.

136 1700 173 1707 —
198 1685 310 1727 Ducit]
336 1686 523 1727 «acquirit,
548 1688 672 1726 sumit;
703 1686 827 1719 laetior

132 1733 350 1767 revirescit.»
377 1752 414 1758 -
438 1736 662 1778 animmque]
692 1735 824 1768 «Codd.

133 1783 205 1815 duo
234 1784 442 1824 antonomum
476 1785 525 1816 ita
552 1793 702 1826 prorsus
731 1786 825 1825 Virg.

132 1834 220 1865 Aen.
237 1834 258 1865 2
269 1858 277 1871 ‚
295 1833 378 1865 799:
404 1835 552 1874 Undiqiae
564 1843 742 1867 convenere
756 1835 830 1866 ani-

131 1882 197 1914 mis
209 1882 387 1923 opibusque
402 1884 534 1923 parati.
559 1884 693 1915 Tamen
706 1882 828 1924 plures

133 1930 192 1962 hic
224 1931 261 1963 et
293 1932 508 1972 antiquiores
546 1933 731 1974 sequimur
744 1957 751 1971 ‚
790 1933 830 1964 ut

134 1978 266 2012 Caesar
291 1980 330 2012 B.
361 1982 399 2012 G.
432 1981 469 2020 7,
505 1982 564 2013 76:
605 1990 778 2021 mnnesque
799 1984 831 2013 et

134 2028 248 2060 animo
263 2031 294 2061 et
315 2029 430 2069 opibus
450 2030 486 2061 in
507 2030 542 2061 id
564 2030 683 2062 bellum
703 2031 830 2062 incum-

134 2076 255 2109 berent.
301 2079 392 2110 Sane
425 2079 588 2112 Horatius
619 2080 830 2111 varietatem

134 2127 275 2159 numeri
296 2127 436 2160 videtur
458 2128 574 2160 studio
603 2129 828 2160 consectatus

135 2183 233 2216 esse,
268 2177 310 2208 ut
338 2185 446 2218 supra
477 2177 541 2209 Od.
565 2176 604 2217 4,
634 2178 672 2217 2,
702 2178 762 2209 22ῑ
800 2179 830 2207 et

132 2223 221 2256 vires
241 2226 455 2266 animumque
472 2235 643 2266 moresque
658 2226 743 2265 cet.,
767 2225 829 2257 ubi

133 2273 249 2314 potuit
268 2275 402 2315 pariter
423 2275 648 2315 animosque.»
671 2276 794 2307 Banu..

179 2321 296 2355 64-64.
321 2323 408 2355 Vide
431 2324 627 2357 Excursum
642 2325 698 2356 111.
719 2341 755 2346 -
771 2324 831 2363 hy-

134 2370 210 2412 dra]
233 2371 351 2413 Eurip.
385 2374 488 2405 Herc.
513 2373 579 2404 fur.
608 2372 714 2405 ⁴274:
750 2369 829 2413 Τήν

134 2417 163 2450 τ’
173 2415 432 2476 ἀμφίκρανον
461 2422 527 2453 καὶ
557 2418 827 2463 παλιμβλαστῆ

134 2464 233 2500 κύνα
247 2463 378 2516 Ὕδραν
392 2468 598 2511 φονεύσας.
628 2469 726 2502 ovid.
744 2471 825 2503 Met.

135 2519 173 2558 9,
198 2518 251 2551 69.
277 2520 411 2552 Seneca
435 2520 537 2552 Herc.
555 2519 622 2552 fur.
640 2518 723 2551 53⁴:
748 2519 830 2551 Ser-

131 2569 240 2608 pentis
253 2572 372 2601 resecet
387 2568 472 2602 cotta
491 2569 631 2609 feracia.
657 2568 828 2601 Minucius

878 948 971 982 Felix
999 949 1054 981 20.
1086 949 1230 989 hydram
1259 949 1407 990 felicibus
1429 950 1577 982 volneri-

878 999 937 1031 bus
956 1002 1181 1031 renascentem
1195 998 1291 1031 dixit.
1324 998 1425 1032 Idem
1440 999 1575 1032 dictum

878 1047 1014 1088 Pyrrho
1051 1047 1218 1079 tribuitur
1249 1056 1270 1079 a
1304 1048 1427 1080 Cassio
1462 1049 1575 1081 Dione

877 1097 959 1129 Exc.
976 1097 1054 1128 Vat.
1072 1105 1107 1151 p.
1126 1095 1181 1128 30.
1198 1096 1306 1137 Lips..
1298 1105 1306 1112 ·
1332 1092 1387 1137 ὥς
1400 1093 1446 1128 τὸ
1461 1095 1578 1142 στρά-

870 1155 999 1187 ,τευμα
1037 1143 1107 1177 τοῦ
1152 1143 1342 1184 Λαβινίου
1389 1145 1574 1186 (Laevini)

877 1192 1003 1238 πολλῷ
1027 1192 1158 1226 πλεῖον
1179 1192 1249 1226 τοῦ
1273 1191 1443 1250 πρόσθεν
1463 1191 1574 1234 εἶδεν,

868 1226 1047 1300 Ὕδρας*
1027 1253 1105 1285 εφη
1135 1242 1245 1285 δίκην
1266 1240 1315 1275 τὰ
1337 1240 1576 1289 στρατόπεδα

875 1291 952 1326 τῶν
962 1289 1158 1335 Ῥωμαιων
1168 1287 1429 1332 ἀναφύεσθαι.
1451 1294 1576 1325 Itema

876 1342 1021 1382 Floret,
1037 1342 1091 1382 48,
1107 1342 1165 1375 49;
1191 1342 1579 1382 «VideomeplaneHer—

876 1392 958 1424 culis
972 1368 1078 1430 sidere
1096 1394 1327 1431 procreatum,
1351 1391 1406 1422 cui
1422 1391 1519 1431 quasi
1533 1391 1576 1423 ab

876 1449 987 1482 angue
1024 1441 1173 1472 Lernaeo
1211 1443 1259 1472 tot
1297 1449 1396 1471 caesa
1436 1440 1577 1472 hostium

877 1490 992 1530 capita
1014 1490 1054 1520 de
1067 1489 1232 1530 sanguine
1245 1497 1304 1520 suo
1319 1492 1552 1521 renascantur.
1560 1500 1576 1517 »u

879 1556 916 1561 —
934 1537 1105 1571 Hercules
1131 1537 1284 1578 hydram
1300 1538 1507 1570 interimens
1523 1539 1578 1570 est

877 1588 912 1619 in
949 1595 1034 1619 vase
1070 1587 1167 1627 picto
1203 1586 1299 1627 apud
1337 1586 1498 1619 Gerhard
1534 1587 1572 1618 T.

876 1635 996 1675 XCV.‚
1037 1634 1099 1666 ubi
1133 1643 1265 1667 novem
1297 1634 1407 1667 habet
1440 1635 1574 1676 capita,

877 1686 984 1725 atque
1021 1684 1194 1724 imprimis
1234 1685 1272 1716 T.
1308 1684 1500 1724 CXLVIII„
1539 1684 1575 1715 in

878 1741 949 1774 qua
971 1731 1252 1774 pulcherrimum
1274 1734 1474 1765 monstrum
1489 1732 1578 1764 duo-

877 1781 994 1814 decim
1017 1781 1118 1813 heroi
1132 1781 1313 1813 minitatur
1329 1781 1515 1822 capitibus.
1536 1799 1573 1804 —

882 1831 971 1863 Vinci
994 1829 1165 1871 dolentem]
1192 1839 1298 1871 «prae
1322 1829 1444 1862 dolore
1467 1831 1574 1870 atque

877 1879 1114 1920 indignatione
1142 1878 1370 1918 frementem,
1407 1878 1506 1919 quod
1534 1887 1574 1911 se

877 1938 898 1961 a
926 1928 985 1960 tali
1014 1929 1175 1960 monstro
1206 1937 1317 1969 prope
1349 1928 1442 1960 vinci
1470 1927 1575 1959 vide-

876 1979 966 2010 ret.»
994 1996 1030 2000 —
1054 1977 1167 2018 crevit]
1194 1975 1376 2009 «Pluribus
1399 1975 1573 2018 capitibus

877 2028 980 2059 aucta
993 2026 1176 2067 captisque
1193 2025 1274 2056 inde
1287 2033 1432 2066 semper
1445 2025 1573 2057 virium

876 2075 1104 2107 incrementis
1122 2074 1294 2106 adversus
1310 2072 1499 2106 Herculem
1513 2081 1574 2105 se-

877 2134 917 2158 se
930 2123 1087 2157 extulit.»
1100 2141 1136 2146 -
1149 2122 1335 2164 submisere]
1350 2131 1481 2154 «unum
1491 2123 1574 2163 post

878 2174 1029 2206 alterum
1062 2171 1287 2213 protulere»;
1326 2172 1367 2204 ut
1399 2167 1573 2213 ἀναπέμ-

878 2233 973 2256 πειν.
998 2223 1137 2255 Lucret.
1164 2222 1259 2262 4,8;
1289 2221 1383 2253 tellus
1404 2220 1574 2253 Submittit

877 2275 985 2316 flores.
1026 2272 1185 2312 Propert.
1211 2271 1249 2309 4,
1275 2271 1316 2310 2,
1340 2270 1379 2302 9:
1415 2269 1575 2302 submittit

878 2323 995 2354 huntus
1026 2321 1174 2361 formosa
1208 2319 1341 2351 colores.
1382 2337 1418 2342 -
1452 2317 1571 2359 Colchi]

878 2371 963 2404 satis
993 2369 1038 2401 ab
1067 2370 1191 2401 Iasone
1222 2367 1388 2400 dentibus
1409 2367 1574 2400 draconis

877 2429 898 2452 a
920 2418 1053 2452 Cadmo
1076 2417 1296 2459 interempti,
1314 2425 1405 2458 quos
1416 2417 1571 2449 Minerva

878 2469 1008 2501 Aeetae
1037 2466 1239 2499 donaverat.
1279 2464 1437 2507 Apollod.
1463 2465 1501 2504 4,
1531 2464 1567 2504 9,

877 2517 932 2550 23.
950 2535 986 2540 -
1003 2515 1192 2557 Echioniae]
1216 2515 1366 2553 Echion,
1391 2522 1484 2546 unus
1498 2515 1572 2546 ter-

878 2567 1078 2608 rigenarum
1101 2562 1191 2607 (τῶν
1213 2561 1404 2611 σπαρτῶν)
1428 2571 1471 2596 ex
1486 2562 1570 2595 dra-
