1722 2904
161 66 246 107 590

679 68 850 101 HORATII
874 69 1098 102 CARMINUM

387 172 563 229 Excepit
594 172 702 215 ictus
732 186 812 230 pro
843 172 1013 230 pudicis

445 253 708 310 Coniugibus
738 253 975 311 puerisque
1006 253 1182 310 primus.

332 359 483 402 Vixere
520 359 650 402 fortes
682 365 778 416 ante
810 360 1130 415 Agamemnona

331 439 472 491 Multi3
505 439 583 482 sed
614 453 765 482 omnes
796 438 1112 482 illacrimabiles

386 521 599 577 Urgentur
630 520 849 577 ignotique
879 519 1007 577 longa

444 602 601 650 Nocte,
635 606 783 644 carent
814 600 917 657 quia
944 607 1041 644 vate
1072 615 1210 646 sacro.

331 706 522 750 Paullum
555 706 751 764 sepultae
782 706 910 749 distat
939 707 1118 750 inertiae

332 787 476 832 Celata
507 788 653 830 virtus.

712 789 807 830 Non
837 801 919 844 ego
949 794 991 831 te
1022 789 1131 831 meis

1557 790 1612 832 30

393 868 560 912 Chartis
591 869 837 912 inornatum
867 868 1030 919 silebo,

249 994 302 1027 ⁶24.
337 995 491 1034 puerisve
525 993 560 1025 d.
601 1012 637 1017 —
678 994 731 1026 26.
766 994 1025 1026 inlacrimabiles
1054 993 1188 1027 hSTcd.
1228 1012 1265 1017 —
1304 994 1359 1027 28.
1390 998 1571 1035 carentque

203 1048 283 1077 uate
297 1045 334 1076 T.
357 1062 391 1067 —
417 1044 471 1076 29.
497 1044 642 1084 sepultae
658 1045 759 1076 distat
784 1045 908 1076 inertia
930 1043 1087 1076 malebat
1113 1042 1303 1076 Bentleius.

1335 1044 1570 1077 -3i.sileri

204 1092 410 1135 chssdmp,
440 1103 494 1136 pr.
520 1104 556 1131 ν,
587 1095 640 1126 Ct.
690 1094 749 1135 (Ut
772 1103 849 1134 nos,
874 1093 962 1133 BSd,
987 1103 1073 1137 γκχ,
1099 1102 1154 1135 pr.
1179 1090 1214 1134 ξ,
1239 1094 1330 1126 Pott.
1355 1094 1443 1135 sex.)

160 1208 239 1231 rum
256 1198 478 1232 fortissimus.
503 1199 599 1231 Iliad.
618 1209 652 1239 ν,
669 1200 749 1232 258:
775 1198 863 1242 Δηϊ-
907 1199 1042 1239 populis
1086 1199 1192 1230 donas
1237 1199 1436 1232 mortalibus
1479 1208 1610 1234 aevum

160 1246 308 1288 φόβοιο
322 1265 342 1272 -
357 1246 700 1294 ὑπερηνορέοντος,
727 1249 861 1289 optimo

160 1307 280 1331 sensu.
298 1298 414 1337 Quint.
433 1300 575 1339 Smyrn.
595 1299 649 1338 Μ,
668 1298 749 1331 340:
775 1297 864 1341 Δηΐ-

159 1345 289 1388 φοβός
311 1357 352 1379 τε
373 1345 657 1390 μενεπτόλεμος
677 1346 862 1393 κρατερός

160 1407 200 1430 τε
222 1396 404 1440 Πολίτης.
433 1414 470 1420 -
512 1398 730 1439 Coniugibus]
763 1397 859 1430 Iliad.

160 1459 203 1487 ω,
217 1448 293 1480 730.
306 1447 351 1479 de
362 1449 526 1480 Hectore:
546 1445 685 1490 (πόλιν)
691 1444 859 1488 Ρύσκευ,

161 1493 247 1537 ἔχες
281 1495 312 1528 δ’
337 1493 510 1537 ἀλόχους
540 1495 677 1537 κεδνὰς
704 1498 771 1529 καὶ
794 1495 862 1540 νή-

161 1557 229 1579 :na
263 1547 388 1579 τέκνα.
428 1565 465 1570 -
504 1546 609 1579 Multa
639 1556 721 1579 cum
745 1548 862 1588 gravi-

161 1598 231 1628 tate
256 1597 385 1638 repetit
408 1597 442 1628 in
467 1596 535 1628 fine
559 1606 593 1633 v.
614 1597 764 1636 primus,
790 1606 861 1638 quo

160 1647 374 1679 sententiam
402 1646 595 1687 inceperat.

204 1696 246 1727 26
268 1713 285 1718 -
306 1696 360 1727 28.
401 1695 663 1737 illacrimabiles]
715 1691 862 1730 ἄκλαυ-

159 1753 269 1784 στοι,
293 1745 448 1786 indeflcti.
489 1745 586 1776 Ow'd.
613 1746 694 1778 Met.
721 1747 758 1785 7,
783 1747 859 1779 61¹⁴.

159 1793 269 1827 Aliter
295 1794 359 1826 Od.
388 1795 425 1833 2,
453 1793 510 1834 44,
538 1795 570 1827 6.
596 1795 862 1828 illam-imabilem

160 1843 345 1876 Plutonem
369 1843 464 1875 dicit.
493 1861 529 1866 —
566 1844 747 1886 Urgenlur]
774 1845 862 1877 «ob-

160 1894 332 1932 ruuntur,
357 1894 609 1934 premuntur„;
636 1895 673 1926 ut
690 1903 798 1936 saepe
815 1895 860 1928 de

160 1942 284 1983 spissis
309 1942 467 1974 tenebris
497 1943 532 1974 et
557 1942 602 1975 de
625 1945 753 1976 morte.
794 1944 856 1976 Od.

162 1992 199 2031 Ι,
223 1991 286 2031 24,
323 1994 366 2024 5.
406 1994 499 2034 Ergo
535 1994 753 2033 Quinctilium
778 2003 860 2034 per-

155 2045 386 2082 peluussopor
400 2043 508 2083 Urget.
535 2043 635 2074 Pind.
651 2044 752 2076 Nem.
768 2043 799 2083 9,
817 2044 856 2076 6.

149 2086 259 2123 ’Ἐστι
292 2090 333 2124 δέ
375 2101 432 2132 τις
470 2089 584 2135 λόγος
621 2088 856 2151 ἀνθρώπων,

160 2140 431 2183 τετελεσμένον
466 2139 582 2174 ἐσλὸν
625 2139 689 2184 Μὴ
734 2143 860 2185 χαμαὶ

159 2190 251 2235 σιγᾷ
266 2189 463 2232 καλύψαι·
489 2191 723 2225 araneolae*
738 2192 860 2225 ἐπέων

159 2239 323 2282 καύχαις
351 2238 466 2274 ἀοιδὰ
489 2239 728 2288 πρόσφορος.
776 2243 856 2275 Tae.

158 2293 240 2332 Agr.
266 2291 331 2324 46:
367 2292 488 2323 mullos
519 2295 668 2324 velerum
688 2292 778 2324 velut
809 2293 861 2324 in—

157 2341 282 2381 glorios
304 2344 335 2373 et
356 2341 514 2382 ignobiles
535 2341 654 2373 oblivio
677 2341 801 2374 obruet.
819 2360 856 2364 —

157 2389 265 2431 sacro]
290 2391 416 2423 Sacros
439 2392 543 2422 vocat
565 2392 707 2432 poetas,
734 2392 860 2432 quate—

159 2447 226 2471 nus
261 2441 343 2471 sunt
376 2440 411 2471 in
445 2439 633 2481 Apollinis,
669 2441 856 2480 Mercurii,

158 2488 287 2520 Bacchi
312 2488 436 2528 tutela,
463 2489 676 2530 interpretes
692 2489 855 2529 deorum,

160 2537 339 2569 Musarum
355 2538 574 2570 sacerdotes.
601 2536 675 2577 (Od.
695 2539 715 2571 3
728 2563 736 2579 ,
754 2538 768 2570 4
784 2563 791 2578 ,
810 2537 856 2579 3.)

162 2587 288 2618 Lucan.
313 2587 354 2627 9,
374 2587 457 2620 978:
496 2588 522 2619 0
544 2596 640 2619 sacer
662 2591 693 2620 el
714 2596 858 2629 magnus

158 2639 273 2667 vatum
296 2636 414 2668 labor!
448 2636 562 2668 omnia
588 2637 659 2682 Γᾳιο
686 2637 800 2677 Eripis
827 2640 858 2668 el

912 1249 1100 1281 Praeterea
1116 1248 1278 1280 conferre
1293 1248 1428 1281 iuvabit
1438 1257 1614 1291 perquam
1682 1288 1684 1290 v

912 1297 1064 1330 similem
1087 1296 1205 1330 locum
1221 1298 1396 1331 Theocriti
1418 1299 1454 1331 in
1467 1297 1614 1345 Χαρισι

913 1346 1250 1430 ⁴629434÷anullum
1261 1398 1379 1440 cem«
1363 1398 1525 1432 «Virtus
1515 1407 1612 1432 mco-

912 1448 1007 1488 gnita
1030 1455 1073 1479 ac
1095 1446 1234 1480 silentio
1257 1448 1467 1481 transmissa
1482 1457 1613 1491 parum

912 1497 1030 1530 differt
1051 1496 1097 1530 ab
1121 1497 1245 1530 inertia
1269 1498 1420 1540 (merito)
1445 1497 1611 1532 latente.»
1676 1514 1680 1521 ,

911 1546 1036 1581 Melius
1082 1556 1190 1588 quam
1243 1548 1355 1580 ceteri
1398 1547 1612 1582 scholiastae

912 1597 1181 1630 commentator
1220 1597 1514 1638 Franequeranus
1554 1607 1615 1631 ex-

909 1647 1028 1689 posuit
1042 1645 1162 1679 locum
1177 1654 1405 1688 nequaquam
1418 1646 1610 1687 difficilem,

912 1705 1132 1739 quamquam
1155 1697 1264 1729 etiam
1279 1697 1493 1730 coniecturis
1507 1705 1614 1730 vexa-

911 1748 988 1779 tum
1023 1755 1044 1778 a
1077 1745 1236 1779 Bentleio
1271 1746 1308 1778 et
1336 1746 1404 1778 ΗΡ.
1430 1745 1609 1789 (muncip

913 1795 1030 1828 «Nihil
1065 1796 1263 1836 interest»,
1308 1795 1440 1837 inquit,
1492 1796 1613 1829 «inter

912 1844 1063 1878 celatam
1079 1846 1248 1877 virtutem
1271 1845 1308 1877 et
1321 1845 1502 1885 inertiam
1527 1853 1613 1878 nam
1664 1859 1666 1861 >

910 1895 1022 1927 virtus
1039 1903 1164 1927 carens
1187 1893 1387 1927 litterarum
1401 1902 1614 1928 monumen-

911 1944 954 1976 tis
982 1943 1202 1985 procedente
1231 1944 1392 1985 tempore
1424 1943 1543 1986 perdit
1563 1943 1614 1977 fa-

910 2002 1008 2025 mam
1031 1995 1065 2025 et
1089 1992 1212 2026 similis
1228 1992 1268 2025 fit
1282 1993 1460 2034 ignaviae,
1478 1993 1524 2026 de
1540 2001 1612 2035 qua
1664 2023 1667 2028 .

911 2051 1017 2075 nemo
1040 2041 1231 2083 loquitur.»
1257 2042 1355 2075 Pind.
1369 2043 1470 2076 Nem.
1488 2042 1509 2075 7
1521 2067 1529 2082 ,
1548 2043 1622 2075 ⁴2:'

909 2091 954 2123 αἱ
983 2089 1148 2135 μεγάλαι
1191 2102 1215 2135 γ
1227 2090 1236 2102 “
1309 2087 1426 2124 ἀλκαὶ
1460 2088 1612 2124 Σκότον

910 2138 1032 2174 πολὺν
1073 2135 1205 2183 ὕμνων
1269 2150 1380 2180 χοντι
1416 2138 1608 2184 δεόμεναι.

910 2190 1011 2224 Silius
1027 2190 1067 2231 3,
1087 2190 1174 2223 ⁴45:
1200 2192 1370 2232 Quantum
1382 2192 1472 2224 onim
1486 2191 1611 2224 distant
1636 2190 1639 2191 ’

909 2249 932 2272 a
953 2243 1061 2272 morte
1081 2240 1214 2272 silentia
1232 2241 1324 2273 vitae
1335 2239 1355 2272 P
1377 2241 1514 2283 Operae
1530 2248 1612 2282 pre-

909 2290 998 2322 tium
1021 2291 1076 2322 est
1096 2289 1239 2330 videre,
1265 2289 1419 2322 eandem
1440 2289 1516 2322 fere
1530 2298 1612 2323 sen·
1650 2289 1659 2294 ’

910 2339 1055 2371 tentiam
1078 2338 1260 2380 quomodo
1276 2339 1491 2380 expresserit
1504 2339 1611 2380 poeta

909 2388 1038 2428 Arabs,
1079 2388 1158 2420 Abii
1181 2389 1384 2428 Tammam‚
1408 2387 1446 2420 in
1467 2386 1610 2420 Schult-
1656 2430 1657 2434 Ἰ

909 2438 1022 2470 hensii
1060 2438 1213 2471 Hamasa
1249 2446 1330 2480 pag.
1370 2445 1486 2470 cmxix:
1518 2437 1610 2470 Sane

906 2488 1051 2528 rhythmi
1062 2491 1094 2520 et
1103 2489 1221 2520 Musae
1230 2488 1322 2520 haud
1334 2487 1487 2520 desimam
1498 2487 1611 2520 [naar

907 2538 1026 2570 habere
1067 2538 1174 2570 lineae
1209 2537 1388 2570 unionibus
1423 2539 1603 2569 consertae.

907 2587 1027 2619 Solula
1070 2587 1222 2619 oracione
1257 2585 1470 2628 mai-ymmo
1505 2588 1605 2626 wat,

908 2645 992 2676 quas
1019 2637 1047 2668 si
1068 2636 1227 2669 uetueris
1248 2635 1425 2675 Camino,
1461 2635 1609 2668 exim
