1722 2904
202 53 284 95 584
718 55 890 88 HonATn
913 55 1139 90 CARMINUM

202 161 401 193 castrorum
438 159 667 194 Hasdrubalis
699 162 736 193 et
773 161 944 203 Syphacis
986 161 1069 202 (Liv.
1107 161 1166 201 30,
1195 162 1216 194 5
1252 162 1288 194 et
1319 162 1359 202 ὃς
1392 161 1480 195 Flor.
1516 163 1555 203 2,
1586 163 1646 204 6.),

200 216 364 248 incendia
387 215 531 248 navium
547 216 888 257 Carthaginiensium
905 217 987 259 (Liv.
1006 217 1048 250 30
1060 243 1068 257 ,
1091 217 1164 259 43):
1189 217 1391 260 Scipionem
1405 218 1537 252 domita
1551 219 1649 261 apud

200 272 346 304 Zamam
368 271 485 304 Africa
507 272 542 304 in
567 271 703 305 Italiam
725 273 949 305 redeuntem.
977 290 1014 296 —-
1039 272 1110 305 Tali
1132 282 1219 306 vero
1251 274 1387 307 honore
1411 275 1492 316 quis
1513 275 1651 316 dignior

199 328 387 369 Scipione?
411 336 521 369 quem
542 328 675 361 Ennius
699 329 749 362 sic
773 329 918 361 affatur:
945 330 1114 369 Quantam
1134 333 1283 362 statuam
1302 331 1404 372 faciet
1417 331 1564 371 populus
1581 331 1651 363 Ro-

198 392 336 423 manus,
361 387 526 423 quantam
546 385 758 424 columnam,
780 393 866 424 quae
887 394 942 417 res
963 388 1040 417 tuas
1059 388 1170 426 ¹qestas
1189 385 1374 425 loquatur?
1395 386 1528 418 Horatii
1546 387 1652 428 igitur

199 438 369 480 aequales
389 440 450 481 qui
472 438 529 471 illa
552 442 752 472 castrorum
774 441 990 481 naviumque
1013 441 1178 474 incendia
1200 450 1380 474 marmore
1403 450 1574 484 expressa
1595 442 1650 474 vi-

199 494 352 535 dissent,
387 495 548 536 profecto
580 504 663 527 cum
694 496 760 528 hos
782 504 909 528 versus
932 495 1099 536 legebant
1120 505 1192 529 non
1210 498 1394 539 poterant,
1430 499 1471 530 ut
1491 497 1650 530 nonnulli

199 551 414 592 interpretes
448 551 575 591 nostri,
626 551 670 583 de
705 552 850 590 incensa
884 561 905 583 a
939 552 1100 593 Scipione
1136 553 1273 586 minore
1308 554 1519 595 Carthagine
1553 554 1652 595 cogi-

198 607 310 638 tare.»
355 607 517 647 Denique
542 607 858 638 commemoranda
883 608 938 640 est
966 607 1073 639 etiam
1095 608 1242 650 Iahnii*)
1268 610 1430 651 speciosa
1453 608 1650 651 explicatio,

199 670 267 703 qua
292 663 487 703 genitivum
509 663 578 694 eius
599 671 670 695 non
694 662 740 695 ab
767 662 907 695 obiecto
937 662 1052 694 laudes
1074 663 1140 695 sed
1162 673 1182 696 a
1205 664 1367 698 subiecto
1389 665 1543 697 incendia
1560 674 1653 707 pen-

198 717 285 757 dere
308 717 398 758 volt,
431 719 471 750 ut
494 719 667 750 sententia
691 718 751 750 sit:
790 727 887 750 «non
909 719 987 759 ipsa
1010 718 1184 759 Karthago
1212 719 1376 751 incendio
1399 718 1515 752 deleta
1538 718 1584 751 ab
1608 727 1652 751 eo

198 774 259 815 qui
282 782 415 806 nomen
438 774 577 815 accepit
599 782 619 805 a
643 773 778 806 domita
793 773 944 806 Africa.»
973 774 1088 812 Quam
1103 774 1432 816 interpretationem
1447 783 1519 816 quo
1534 775 1652 808 minus

197 830 416 872 probemus,
453 830 536 862 facit
559 830 595 861 et
625 830 842 862 constructio
865 827 1061 862 durissima
1089 831 1125 862 et
1147 829 1244 871 quod
1265 830 1380 863 laudes
1401 831 1573 872 genitivo,
1607 830 1653 863 ad

201 894 310 926 quem
333 885 551 926 reserantur,
577 894 701 918 carere
725 886 783 917 vix
807 885 983 927 possunt.)

288 943 363 973 Iam
385 950 472 973 vero
496 941 656 974 Meineke
680 940 814 982 legem,
840 949 949 982 quam
972 941 1136 974 Horatius
1160 941 1197 973 in
1219 941 1274 974 his
1295 941 1513 974 carminibus
1535 940 1654 974 Ascle-

201 997 338 1039 piadeis
362 998 567 1029 constanter
589 998 734 1029 secutus
759 998 832 1036 est,
857 996 970 1038 probe
996 997 1263 1038 animadvertit,
1288 997 1407 1030 omnia
1429 998 1466 1030 in
1489 998 1653 1039 strophas

200 1054 457 1095 quaternorum
479 1061 650 1085 versuum
673 1052 865 1085 dividenda
882 1061 983 1093 esse,
1011 1054 1047 1085 et
1074 1062 1166 1094 quae
1191 1053 1370 1086 vocabant
1394 1051 1653 1100 μονόστροφα

200 1109 274 1150 (Od.
303 1110 338 1149 4,
370 1110 400 1141 4.
426 1108 500 1141 Lib.
527 1109 566 1148 3,
597 1108 665 1149 30.)
691 1110 726 1141 et
759 1117 851 1150 quae
882 1107 1075 1155 δίστροφα
1115 1109 1189 1151 (Od.
1216 1110 1252 1150 4,
1284 1110 1316 1142 3.
1343 1109 1396 1142 43.
1423 1110 1476 1142 49.
1512 1109 1588 1142 Lib.
1613 1109 1652 1150 3,

199 1165 231 1197 9.
264 1165 316 1197 45.
344 1165 398 1196 49.
423 1164 478 1197 24.
504 1165 558 1197 25.
584 1165 639 1198 28.
666 1165 741 1197 Lib.
767 1164 805 1204 4,
831 1166 862 1197 4.
889 1164 934 1205 3.)
971 1166 1007 1197 et
1037 1165 1198 1206 systema
1221 1165 1494 1208 Asclepiadeum
1517 1166 1652 1206 maius,

199 1219 284 1264 olim
305 1217 583 1266 μονόστροφον
610 1220 684 1262 (Od.
711 1221 748 1260 4,
775 1221 828 1253 44.
855 1222 907 1253 48.
945 1221 1020 1254 Lib.
1045 1220 1086 1260 4,
1116 1221 1197 1262 40.).
1244 1221 1530 1263 Haudquaquam
1552 1221 1658 1262 igitur

199 1276 370 1309 credibile
395 1278 451 1309 est
472 1275 585 1309 semel
614 1276 861 1309 tantummodo
885 1276 930 1309 ab
955 1286 998 1309 eo
1021 1277 1115 1309 hanc
1137 1276 1255 1318 legem
1277 1277 1468 1319 migratam
1489 1286 1590 1317 esse,
1620 1278 1656 1309 et

199 1332 347 1373 quidem
369 1333 405 1364 in
429 1333 586 1365 carmine
609 1333 801 1365 maturiore
825 1334 897 1365 iam
920 1334 1036 1366 aetate
1060 1334 1271 1375 composito.
1320 1333 1543 1375 Quapropter
1568 1341 1656 1375 pro-

198 1388 316 1421 babile
340 1389 380 1421 fit
403 1391 486 1427 aut,
523 1388 620 1429 quod
648 1388 704 1421 ille
735 1390 913 1422 asteriscis
939 1389 1166 1430 significavit,
1202 1388 1336 1431 aliquot
1364 1387 1560 1422 versiculos
1583 1389 1654 1421 iam

202 1445 394 1486 antiquitus
418 1445 613 1484 excidisse,
641 1446 702 1477 aut
724 1444 857 1486 aliquot
881 1454 1026 1485 eorum,
1054 1454 1145 1487 quos
1175 1444 1256 1477 libri
1278 1444 1462 1484 exhibent,
1497 1445 1656 1486 interpo-

200 1499 302 1532 latori
337 1500 474 1532 deheri.
535 1501 659 1542 Itaque
694 1501 729 1532 in
752 1501 932 1542 prioribus
968 1500 1181 1534 editionibus
1213 1501 1296 1543 post
1333 1509 1368 1533 v.
1405 1501 1458 1533 47.
1490 1499 1656 1533 lacunam

201 1556 355 1588 duorum
399 1564 571 1588 versuum
615 1558 872 1597 statueramus,
921 1556 1050 1598 quibus
1085 1557 1190 1598 poeta
1227 1556 1358 1598 partim
1391 1555 1555 1588 incendia
1599 1555 1656 1588 illa

200 1613 247 1644 ita
282 1611 477 1652 definierit,
524 1613 564 1644 ut
603 1621 691 1644 vero
725 1621 847 1644 rerum
882 1613 995 1645 ordini
1035 1613 1181 1645 minime
1221 1611 1480 1654 repugnarent,
1526 1612 1656 1654 partim

202 1667 350 1700 modum
384 1668 566 1707 indicarit,
613 1677 684 1709 quo
720 1669 892 1710 Scipionis
931 1677 990 1701 res
1025 1670 1145 1709 gestae
1181 1667 1283 1700 aliter
1322 1675 1432 1709 quam
1464 1666 1510 1699 ab
1544 1667 1656 1700 Ennio

200 1724 398 1763 posteritati
438 1723 588 1756 traditae
630 1724 748 1757 minus
779 1723 895 1756 clarae
924 1724 1063 1756 fuerint.
1111 1726 1211 1756 Nunc
1244 1732 1351 1764 vero,
1389 1724 1512 1765 utpote
1546 1723 1583 1755 in
1615 1732 1655 1755 re

201 1778 306 1811 nimis
338 1779 490 1819 incerta,
533 1779 578 1812 ab
614 1781 710 1812 omni
738 1779 794 1812 vel
829 1779 976 1812 lacunae
1010 1779 1066 1812 vel
1101 1779 1379 1822 interpolationis
1402 1778 1656 1820 significatione

203 1834 238 1866 in
261 1835 330 1867 hoc
353 1835 510 1868 carmine
538 1835 791 1876 abstinuimus,
826 1837 864 1868 ut
898 1835 1021 1868 lectori
1053 1835 1208 1868 liberum
1230 1835 1416 1868 arbitrium
1439 1836 1500 1876 sit,
1535 1836 1658 1867 utrum

204 1891 405 1923 remedium
428 1891 601 1924 adhibere
625 1891 724 1932 velit,
758 1893 798 1924 ut
820 1892 989 1934 strophae
1014 1893 1271 1932 quaternorum
1293 1894 1467 1924 versuum
1489 1890 1654 1923 evadant.

203 1947 373 1979 Ceterum
397 1956 468 1979 non
492 1946 629 1980 silentio
653 1948 710 1980 hic
732 1947 1036 1989 praetereundum
1059 1949 1133 1987 est,
1165 1946 1260 1980 illam
1282 1946 1400 1988 legem
1430 1946 1657 1987 quantumvis

203 2002 306 2034 nobis
342 2003 559 2035 arridentem
593 2012 613 2035 a
640 2002 759 2036 multis
792 2003 876 2036 viris
911 2002 1023 2035 doctis
1057 2003 1187 2035 acriter
1220 2003 1465 2044 impugnatam
1499 2010 1600 2042 esse,
1636 2010 1655 2033 a

204 2056 299 2089 nullo
324 2059 442 2090 acrius
466 2067 575 2100 quam
599 2068 619 2091 a
643 2059 802 2091 Deodato
826 2058 1042 2098 Frehlichm,
1079 2059 1140 2100 qui
1166 2059 1221 2090 his
1243 2057 1365 2091 verbis
1394 2058 1430 2090 in
1453 2067 1534 2091 eam
1556 2058 1657 2090 inve-

204 2114 282 2146 ctus
306 2115 379 2146 est:
418 2127 434 2143 «
447 2116 502 2147 Da
524 2116 561 2147 in
587 2116 694 2148 diesen
713 2115 1014 2156 Asklepiadeischen
1038 2115 1214 2147 Gedichten
1235 2114 1404 2146 durchaus
1424 2122 1492 2146 nur
1513 2114 1567 2146 ein
1587 2114 1659 2145 und

205 2170 338 2202 dieselbe
364 2171 500 2203 Ver-sart
520 2172 753 2211 wiederkehrt,
779 2172 865 2203 auch
887 2172 940 2203 dic
962 2171 1140 2203 Godanken
1159 2170 1357 2211 heines-ways
1374 2169 1461 2202 auch
1481 2178 1549 2201 nur
1562 2169 1656 2201 ihren

204 2226 450 2266 Hauptpartien
482 2227 568 2259 nach
602 2228 670 2259 sich
703 2227 769 2268 auf
788 2228 826 2267 je
851 2228 923 2259 vier
944 2228 1014 2259 und
1044 2227 1117 2258 υἱον
1146 2227 1241 2258 Verso
1268 2225 1417 2258 vertheilt
1439 2224 1652 2264 enhvickeln,

205 2282 346 2313 sondern
377 2283 533 2315 vielmehr
565 2283 638 2315 dem
670 2286 810 2316 ausser-n
846 2283 1007 2331 Umfanye
1034 2283 1121 2314 nach
1148 2281 1386 2324 manniyfaltiy
1409 2280 1568 2313 wechseln
1587 2281 1658 2312 und

207 2338 274 2368 sich
296 2338 343 2378 ost
372 2338 418 2370 im
447 2338 582 2380 Anfany
604 2340 684 2371 oder
706 2339 801 2372 Mitte
821 2340 909 2371 eines
932 2340 1043 2371 if'erses
1065 2338 1293 2378 absolutionem
1329 2339 1374 2370 da
1394 2337 1528 2379 solqlich
1547 2337 1658 2369 weder

207 2394 274 2425 0111·
295 2394 377 2425 noch
404 2394 563 2427 Verstand
591 2395 646 2427 des
667 2395 790 2427 Horers
818 2395 942 2427 solcher
965 2395 1116 2427 Gedicme
1139 2395 1210 2427 eine
1231 2394 1354 2427 andere
1376 2393 1561 2434 Schetdunq
1589 2392 1658 2424 und

290 2644 309 2675 ')
332 2639 435 2669 labri).
458 2641 477 2669 f.
502 2640 616 2670 l‘liilol.
640 2649 670 2670 u.
696 2641 874 2677 Pacdagog.
898 2641 966 2670 Vol.
991 2642 1035 2671 42.
1059 2649 1088 2677 p.
1113 2640 1175 2670 286.
