1722 2904
661 87 740 120 Lm.
766 88 823 120 111.

871 88 909 120 c.
935 88 990 120 vl.
1484 87 1567 130 389

463 189 632 234 Gaudia
660 189 892 234 luminibus
922 191 1098 234 remotis
1112 206 1121 243 ;

346 295 436 339 Sed
465 295 584 340 iussa
610 309 758 340 coram
785 309 871 339 non
901 296 994 340 sine
1024 297 1198 342 conscio

346 376 491 434 Surgit
518 376 688 427 marito,
720 390 799 420 seu
828 383 954 420 vocat
984 377 1151 421 institor

1513 381 1567 422 30

403 457 490 501 Seu
519 457 642 501 navis
671 457 886 515 Hispanae
915 458 1139 516 magister,

454 536 730 582 Dedecorum
757 538 973 595 pretiosus
1004 546 1183 597 emptor.

157 677 163 682 ·
207 662 262 695 30.
287 671 364 695 etan
383 666 481 696 vocat
502 664 536 696 S.
563 663 644 704 (non
667 663 816 704 Bchd.)

117 779 266 813 maritus
298 781 460 813 convivio
494 779 690 814 delectatur
703 807 711 822 ‚
748 781 815 815 sibi

118 829 360 872 circumspicit
378 831 535 864 iuniores
556 830 614 864 illo
630 832 813 865 moechos.

116 877 194 911 Noli
236 879 461 922 interpretari
511 889 594 914 cum
649 882 810 922 Ungero:

117 927 294 962 «iuniores
316 925 434 962 semet
454 930 577 972 ipsa»;
613 929 699 963 illud
727 940 813 964 sane

115 975 228 1010 multo
250 977 426 1011 acerbius.
454 996 492 1002 —
514 979 606 1021 vina]
640 988 815 1022 «sympo—

116 1026 245 1060 sium.»
269 1027 367 1060 Conf.
385 1027 448 1060 Od.
466 1027 506 1068 4,
530 1029 567 1068 5,
593 1029 648 1061 3⁴.
673 1029 760 1072 Epp.
780 1030 811 1069 4,

115 1074 152 1115 7,
176 1076 239 1109 28.
259 1094 297 1100 -
319 1073 426 1116 noque
447 1078 556 1120 eligit]
582 1078 698 1120 primo
721 1087 814 1120 quo-

115 1132 205 1166 que,
229 1123 282 1169 τῷ
304 1123 481 1167 τυχόντι,
515 1128 692 1160 contenta.

157 1186 213 1219 27.
247 1187 473 1230 imper-missa]
504 1197 599 1221 nunc
621 1184 726 1231 ἅπαξ
752 1188 813 1222 λε-

113 1232 282 1278 γόμενον
293 1245 360 1279 pro
375 1238 582 1277 inconcessa,
606 1238 741 1279 illicita,
758 1239 814 1271 in-

113 1285 266 1318 tor-aicta.
322 1287 411 1319 Hine
447 1286 671 1329 interpolatio
707 1289 814 1321 inter-

113 1335 228 1374 missa,
251 1344 369 1378 nuper
389 1335 557 1369 Paldamo
580 1336 706 1378 (Rhcin.
723 1339 810 1370 Mus.

113 1383 158 1416 Ν.
170 1384 209 1417 F.
222 1385 278 1417 VI.
291 1393 328 1427 p.
343 1384 432 1426 633.)
447 1385 610 1427 probata.
624 1404 661 1409 -—
673 1387 810 1430 raptim]

112 1442 184 1466 non
206 1434 264 1467 est
286 1433 463 1473 «mrtim»;
500 1434 566 1467 sed
591 1434 810 1478 «celeriter»,

111 1483 160 1516 ita
181 1484 223 1515 ut
244 1483 361 1516 statim
383 1484 468 1526 post
487 1493 660 1518 venerem
682 1486 718 1518 in
748 1487 813 1519 tri-

112 1531 259 1565 clinium
279 1532 420 1572 redeat,
456 1542 501 1565 ne
525 1535 695 1567 convivae
720 1534 811 1568 illico

112 1582 216 1624 turpe
252 1583 484 1616 commissum
515 1584 809 1618 animadvertant.

112 1631 303 1673 Sequentia
340 1631 408 1664 alia
455 1633 608 1674 imagine
649 1634 811 1668 adulterii

111 1681 367 1723 turpitudinem
390 1683 531 1723 augent.

153 1742 209 1775 28.
235 1742 383 1785 Gaudia]
405 1742 470 1776 Alii
494 1753 538 1776 ex
560 1744 666 1786 gloss.
687 1746 813 1779 mode-

109 1791 282 1831 stissimo:
307 1793 432 1825 oscula.
453 1809 490 1816 —
511 1794 699 1837 luminibus]
718 1797 811 1828 «tae-

110 1839 178 1880 dis,
195 1840 330 1882 faculis,
348 1840 537 1876 lucernis.»
562 1844 684 1876 Senon.
706 1845 806 1878 Conf.

109 1890 181 1922 sat.
205 1891 245 1931 2,
270 1891 309 1931 7,
334 1890 388 1924 33.
414 1892 558 1934 Epp.⁴,
583 1893 623 1933 2,
647 1892 701 1925 35.

102 1949 106 1951 ’
151 1951 206 1984 29.
238 1951 330 1984 iussa
349 1952 481 1995 coram]
509 1955 610 1986 «ante
634 1955 805 1996 omnium,

109 2001 217 2033 etiam
243 2002 381 2042 mariti,
416 2001 539 2035 oculos
572 2005 741 2036 vocata.»
767 2022 804 2028 --

106 2059 175 2083 non
195 2050 265 2083 sina
286 2051 416 2083 conscio
429 2052 606 2094 —maritoJ
648 2055 738 2087 Cum
771 2054 806 2086 vi

106 2101 280 2142 repetitur
307 2109 343 2133 v.
372 2101 537 2142 maritus,
574 2102 620 2135 ad
653 2103 807 2144 indigni-

107 2150 218 2182 tatem
239 2151 490 2192 corruptorum
519 2152 670 2185 istorum
693 2161 806 2194 quae-

107 2199 184 2232 stus
206 2198 396 2241 cupiditate
418 2209 562 2234 morum
591 2202 802 2243 augendam.

109 2247 181 2281 Ctr.
204 2249 325 2281 luven.
351 2249 388 2289 ⁴,
414 2250 469 2282 55.

150 2308 205 2342 30.
240 2309 387 2353 institor]
424 2311 558 2344 «Etiam
579 2310 805 2354 βαναύσους

31 2359 34 2382 ἱ
106 2358 270 2391 homines
283 2359 430 2392 minime
445 2363 673 2402 aspernatur,
698 2361 805 2394 dum-

106 2407 215 2440 modo
228 2406 334 2449 largis
349 2408 450 2442 donis
464 2410 583 2451 petitis
600 2419 662 2443 eos
682 2419 806 2443 emun-

107 2457 200 2498 gata
223 2457 425 2491 Institor-em
441 2460 563 2491 autem
578 2460 691 2501 cogita
705 2459 803 2493 illum

106 2505 279 2547 Propertii
294 2506 332 2547 4,
349 2507 390 2547 2,
408 2507 467 2540 38:
491 2509 637 2541 Mundus
658 2510 805 2542 missis

105 2554 238 2587 ivaetitor
257 2555 294 2587 in
315 2557 444 2588 tunicis.
491 2557 590 2589 Ovid.
608 2558 706 2591 Rem.
730 2568 800 2592 am.

107 2603 194 2636 306:
226 2604 363 2638 Institor
383 2605 446 2638 heu
466 2610 594 2647 noctes,
618 2615 703 2647 quas
722 2609 803 2640 mihi

30 2690 34 2691 ς
106 2653 400 2694 welanheim!
425 2656 647 2697 «Institores,
673 2657 802 2699 quibus

864 783 1020 816 vestiarii
1043 782 1129 817 dant
1150 785 1270 817 vestes
1293 783 1473 828 linteaque
1495 788 1567 820 cir-

865 832 1094 866 cumferenda
1111 842 1153 866 ac
1165 833 1431 867 distrahenda.»
1447 837 1563 869 Gnoss.

863 890 937 914 var.
1004 883 1094 915 Cum
1142 883 1257 916 nautis
1306 885 1567 927 coniunguntur

865 931 972 964 etiam
994 932 1106 974 Epod.
1133 933 1191 972 47,
1209 933 1275 965 20:
1301 934 1328 965 0
1350 936 1463 967 nautis
1477 936 1567 968 mul-

864 984 934 1013 tum
961 985 1081 1014 amata
1122 985 1154 1014 et
1194 982 1420 1016 institoribus!
1458 985 1499 1017 H.
1538 984 1562 1017 l.

863 1030 971 1064 nolim
1002 1030 1177 1073 explicare
1219 1041 1303 1065 cum
1336 1034 1486 1066 Graevio
1520 1034 1566 1067 ad

862 1081 958 1113 Suet.
977 1082 1060 1113 Ner.
1084 1082 1138 1114 27.
1166 1082 1339 1122 «institor,
1366 1084 1426 1124 qui
1450 1085 1565 1125 magi-

863 1130 926 1162 stri
964 1131 1064 1163 navis
1099 1131 1276 1172 Hispanae
1307 1140 1448 1166 merces
1474 1142 1565 1166 ven-

863 1179 954 1216 dit»;
979 1180 1097 1221 potius
1123 1181 1219 1213 enim
1241 1178 1399 1224 γενικῶς
1421 1184 1477 1216 est
1496 1191 1566 1225 po-

862 1229 982 1261 situm.

906 1278 959 1310 3⁴.
985 1278 1082 1310 navis
1100 1279 1270 1319 Hispanae
1284 1281 1454 1324 magister]
1479 1282 1564 1315 Fre-

861 1335 976 1368 quens
1014 1329 1271 1362 commercium
1309 1330 1401 1363 inter
1436 1332 1565 1373 Hispa-

861 1376 957 1409 niam
994 1378 1031 1409 et
1051 1376 1199 1410 Italiam.
1224 1377 1310 1411 Plin.
1336 1380 1378 1412 H.
1395 1381 1436 1413 N.
1454 1380 1493 1420 3,
1518 1381 1559 1413 3:

860 1425 1005 1458 Metellis
1030 1426 1178 1466 plumbi,
1214 1428 1315 1469 ferri,
1355 1430 1460 1470 acris,
1500 1439 1564 1462 ar-

860 1476 972 1516 genti,
1017 1476 1096 1507 auri
1138 1480 1210 1508 tola
1249 1478 1355 1518 ferme
1397 1479 1563 1520 Hispania

860 1527 983 1564 scatet,
1013 1525 1150 1558 citerior
1171 1529 1203 1558 ct
1222 1528 1450 1567 specularibus
1471 1529 1563 1570 lapi—

860 1573 971 1614 dibus,
1014 1574 1154 1606 Baetica
1188 1579 1220 1608 et
1251 1577 1366 1609 minio.
1413 1578 1500 1610 Sunt
1532 1582 1563 1610 et

858 1632 1070 1655 marmorum»
1095 1624 1307 1664 lapicidinae.
1342 1627 1450 1659 Dives
1474 1636 1560 1669 ergo

860 1672 1078 1713 significatur
1106 1673 1361 1715 navicularius,
1393 1676 1562 1720 ναύκλη-

859 1731 928 1766 ρος
950 1722 1145 1764 Hispanus,
1175 1732 1247 1756 non
1270 1722 1467 1771 ναύαρχος
1490 1727 1560 1759 mi-

858 1770 980 1804 litaris.
1026 1773 1220 1805 Nautarum
1250 1776 1335 1814 post
1361 1776 1560 1808 maritimos

859 1829 987 1853 cursus
1025 1821 1216 1862 petulantia
1251 1831 1294 1855 ac
1326 1823 1435 1857 libido
1470 1834 1560 1858 con-

858 1870 980 1902 tritum
1009 1872 1086 1903 erat
1114 1873 1291 1904 vetustate
1314 1874 1556 1914 proverbium.

857 1918 1065 1952 Plutarchus
1092 1921 1170 1953 Non
1198 1930 1305 1962 posse
1328 1923 1486 1955 suaviter
1505 1924 1560 1956 vi·

856 1969 891 2001 vi
917 1969 976 2007 ⁴6,
1009 1969 1048 2001 3:
1087 1966 1183 2015 πρὸς
1216 1966 1423 2012 εὐπαθείας
1456 1971 1560 2006 ἐπαί-

857 2018 996 2064 ρεσθαι
1028 2017 1178 2051 ναυτῶν
1206 2017 1317 2062 δίκην
1346 2016 1558 2067 ἀφροδίσια

855 2062 1040 2111 ἀγόντων.
1539 2112 1543 2115 ι

899 2117 953 2149 32.
988 2118 1213 2160 Dedecet-um]
1255 2120 1432 2160 «turpium
1453 2119 1558 2153 volu—

854 2167 1010 2208 ptatum,
1028 2175 1120 2207 quae
1138 2168 1175 2199 et
1190 2167 1388 2201 adulteram
1404 2171 1441 2201 et
1454 2178 1557 2202 moe-

855 2215 964 2248 chum
1006 2216 1197 2256 ignominia
1235 2217 1442 2258 afficiunt;»
1482 2228 1555 2253 non

856 2264 1068 2298 «mulierum
1091 2265 1371 2307 impudicarum,
1395 2265 1532 2308 λωβῶν
1544 2293 1554 2309 ,

854 2311 1064 2357 ἐλεγχέων»
1078 2339 1086 2353 ,
1122 2315 1163 2347 ut
1196 2314 1349 2357 explicat
1376 2317 1556 2352 Bentleius

854 2363 900 2395 ad
916 2363 979 2395 Od.
995 2364 1008 2395 4
1026 2389 1034 2403 ,
1048 2363 1109 2404 37,
1127 2364 1159 2396 9.
1176 2381 1214 2388 -
1233 2366 1401 2405 protiosus
1414 2368 1555 2410 emptor]

855 2420 1003 2453 «magno
1018 2413 1133 2454 pretio
1150 2421 1310 2447 emens.»
1356 2415 1430 2448 Hac
1445 2416 1555 2457 signi-

853 2461 1034 2502 ficatione,
1060 2463 1100 2494 ut
1120 2463 1168 2495 ita
1191 2463 1326 2503 dicam,
1360 2465 1474 2497 activa
1496 2467 1554 2499 vix

853 2509 935 2542 alibi
950 2511 1019 2543 hoc
1034 2511 1103 2543 adi.
1120 2513 1308 2554 reperitur.
1327 2531 1363 2536 —
1385 2515 1552 2548 Ceterum

853 2559 964 2599 fuere,
983 2561 1042 2602 qui
1055 2561 1089 2593 h.
1101 2560 1124 2593 1.
1139 2562 1322 2604 tamquam
1335 2562 1555 2597 subobscoe-

853 2618 939 2641 num
954 2612 1061 2651 atque
1083 2610 1165 2643 ideo
1179 2611 1249 2644 hoc
1263 2613 1420 2645 carmine
1436 2613 1553 2647 minus

852 2658 997 2699 dignum
1020 2660 1351 2701 reprehenderent;
1378 2662 1553 2697 immerito
