1722 2904
221 69 303 110 654

758 73 927 106 HORATIl
955 74 1125 107 EPODON

451 178 692 234 Fontesque
722 177 908 235 lymphis
939 179 1193 236 obstrepunt
1221 179 1514 233 manantibus,

507 258 690 301 Somnos
722 260 841 316 quod
873 260 1019 303 invitet
1049 260 1179 304 leves.

447 341 496 380 At
526 353 623 382 cum
654 342 837 383 tonantis
870 355 1006 384 annus
1038 341 1244 384 hibernus
1276 337 1388 386 Iovis

507 421 670 464 Imbres
701 422 911 479 nivesque
943 429 1182 479 comparat,

1619 427 1673 467 30

448 503 528 543 Aut
558 502 687 544 trudit
717 516 839 546 acres
871 502 968 546 hinc
999 510 1041 546 et
1071 503 1169 547 hinc
1198 503 1330 547 multa
1360 518 1468 549 cane

500 585 636 639 Apros
668 583 708 624 in
739 583 960 627 obstantes
992 584 1166 642 plagas,

310 728 359 760 27.
387 728 594 767 Frondesque
618 726 808 760 Markland.
852 746 883 751 —-
927 729 980 761 28.
1008 730 1126 761 invitat
1149 732 1186 761 C.
1216 747 1252 754 -

569 795 605 799 —
633 777 685 808 32.
713 777 870 809 obstantis
892 779 953 809 Bs.

264 779 315 809 iil.
343 778 432 809 acris
457 778 540 809 Bsc.

220 906 423 939 lusciniae.»
457 907 526 939 Cir.
545 908 643 939 Ovid.
663 910 740 940 Am.
759 908 791 947 3,
819 909 850 945 l,
877 907 918 940 4:

220 958 262 989 Et
295 957 398 989 latere
426 967 469 989 ex
499 959 588 989 omni
618 958 710 990 dulce
733 962 921 997 queruntur

220 1016 308 1038 aves.
334 1007 426 1048 Virg.
454 1006 523 1039 Ecl.
545 1009 581 1047 l,
607 1007 665 1039 59:
702 1008 770 1039 Nee
792 1016 922 1049 yemere

219 1057 318 1088 ae'ria
341 1057 477 1089 cessabit
500 1060 614 1089 turtur
635 1057 677 1089 ab
699 1057 799 1090 ulmo.

264 1107 317 1138 ⁵27.
344 1107 397 1139 28.
444 1108 562 1139 Fontes
597 1108 739 1148 lymphis
778 1116 922 1139 manan-

218 1157 302 1188 tibus
326 1155 442 1196 (ablat.
461 1157 637 1197 instrum.)
660 1157 850 1197 obstrepunt
872 1156 921 1188 ibi

219 1205 357 1237 iacenti.
399 1206 497 1238 Ovid.
525 1215 568 1238 ex
591 1207 702 1238 Ponto
726 1206 766 1246 3,
793 1207 831 1245 l,
855 1206 917 1238 2⁴:

218 1256 292 1286 Non
315 1255 388 1286 avis
410 1255 598 1296 obloquitur
622 1255 819 1297 (audituro).
856 1254 920 1288 Alii

219 1303 410 1346 explicant:
456 1318 472 1334 α
487 1304 701 1347 obstrepunt
741 1304 867 1337 avibus
883 1315 917 1344 ς»

219 1354 285 1386 sed
319 1354 410 1386 haec
441 1363 584 1396 quoque
611 1356 728 1396 imago
751 1354 920 1387 Italorum

222 1403 369 1436 sortasse
409 1412 451 1436 ac
494 1405 666 1446 Propertii
703 1405 921 1445 φαντασίας

218 1454 334 1495 potius
346 1453 455 1486 refert
472 1462 580 1495 quam
597 1455 815 1487 Horatianas.
836 1454 918 1495 (Cfr.

218 1504 326 1536 Tasso
352 1504 597 1536 Gerusatemnw
621 1504 680 1543 46,
708 1504 773 1545 42.)
803 1504 920 1536 Mark-

217 1552 342 1584 landus
374 1553 527 1594 denique
561 1554 741 1594 ingeniose
774 1562 841 1586 nec
863 1555 920 1585 ta-

219 1611 300 1635 men
327 1602 559 1644 probabiliter
588 1603 781 1636 coniiciens
810 1604 920 1636 Fron—

218 1653 336 1691 desque
350 1652 559 1693 (nemorum)
574 1653 763 1694 obstrepunt
779 1653 920 1694 lymphis

218 1702 431 1734 manantibus
448 1702 578 1743 (dativ.)
597 1703 755 1734 rivorum
773 1703 816 1742 (v.
834 1702 916 1743 25),

219 1751 370 1783 eandem
408 1751 598 1792 imaginem
634 1751 778 1784 exhibet
811 1753 918 1792 atque

219 1802 378 1842 Propert.
405 1800 443 1838 4,
470 1800 508 1839 4,
534 1800 570 1833 4:
603 1802 776 1842 Multaque
798 1802 921 1833 nativis

218 1851 373 1890 obstrepit
393 1851 495 1883 arbor
510 1851 626 1891 aquus,
652 1853 688 1883 et
704 1850 843 1890 Quintil.
864 1852 916 1891 ⁴0,

219 1901 237 1932 :3
251 1926 258 1939 ,
284 1900 341 1932 ⁶24:
372 1901 534 1932 silvarum
557 1901 742 1933 amoenitas
765 1904 795 1932 et
811 1910 919 1941 prae-

218 1950 413 1981 terlabentia
433 1950 576 1992 flumina
596 1953 626 1982 et
648 1951 847 1991 inspirantes
862 1959 920 1982 ra-

217 2000 281 2031 mis
324 1999 485 2031 arborum
528 2009 635 2032 aurae
682 2001 920 2040 volucrumque

218 2053 351 2086 cantus,
388 2048 604 2082 constmc‘tio
634 2050 761 2082 eadem
786 2050 849 2082 Od.
872 2049 915 2096 4,

221 2099 279 2137 44
313 2099 372 2133 48:
415 2100 577 2140 obstrepit
601 2100 750 2132 Oceanus
778 2100 919 2132 Britan-

219 2149 280 2179 nis.
310 2167 345 2170 —
372 2149 434 2181 Hic
458 2150 562 2190 igitur
584 2150 649 2181 rivi
672 2149 832 2181 labuntur
855 2158 918 2181 ce-

219 2197 281 2230 leri
310 2207 435 2236 cursu,
471 2197 538 2230 illic
567 2197 693 2230 leniter
723 2199 919 2231 scaturiunt

219 2250 512 2288 murmurantque
536 2247 662 2280 fontes.
684 2267 719 2271 ——
738 2248 836 2290 quod]
861 2248 915 2280 «id

219 2298 349 2337 quod»,
377 2298 458 2338 «qui
482 2298 600 2337 gratus
625 2306 792 2330 susurrus
811 2297 914 2338 (Virg.

218 2345 327 2378 Culex
345 2346 426 2379 404:
452 2347 812 2379 susurrantis--vada
830 2347 917 2387 lym-

216 2397 312 2435 phae.
323 2396 355 2437 )‚
405 2397 501 2437 quod
540 2405 703 2429 murmur
742 2399 808 2429 cet.
823 2409 838 2425 »
878 2416 914 2420 —

219 2445 318 2487 leves]
346 2455 511 2478 «securos
535 2455 577 2479 ac
602 2455 764 2486 suaves»,
790 2448 829 2478 ut
851 2446 914 2479 Od.

224 2495 238 2526 2
257 2520 262 2533 ‚
285 2495 340 2534 46,
368 2496 420 2527 45.
446 2496 572 2527 Totum
597 2495 715 2528 locum
733 2496 784 2528 sic
807 2497 920 2528 imita-

222 2546 312 2575 tatus
340 2546 394 2576 est
424 2545 559 2576 Seneca
585 2544 720 2586 Hippol.
750 2546 832 2578 509:
866 2563 918 2569 --

219 2594 278 2625 Hic
302 2602 379 2625 aves
394 2594 553 2632 querulae
572 2593 733 2635 fremunt,
759 2595 918 2635 Ramique

221 2643 322 2673 ventis
344 2643 413 2675 tene
432 2645 579 2682 percussi
602 2647 745 2675 tremunt
779 2645 919 2676 Veteres-

1291 731 1343 763 ³29.
1370 731 1496 763 hiberna
1520 709 1567 763 13(
1586 748 1622 754 -

973 918 1035 948 que
1056 909 1140 951 fagi.
1189 910 1276 943 Imn’t
1289 914 1350 943 aut
1364 911 1474 943 amnis
1486 911 1567 953 vam*
1581 912 1674 944 Pres-

971 959 1049 990 sisse
1070 959 1182 1000 ripas,
1218 961 1361 1001 caespite
1389 963 1450 993 aut
1469 961 1560 993 nudo
1589 961 1674 993 leves

971 1008 1117 1041 Duoeisse
1130 1017 1272 1050 somnos,
1289 1010 1357 1042 sive
1370 1010 1445 1051 fons
1458 1010 1576 1052 ίαν-ρας
1589 1011 1673 1042 citas

971 1057 1131 1099 Defundit
1155 1059 1286 1099 undas,
1313 1060 1382 1092 sive
1402 1068 1468 1100 per
1490 1060 1590 1102 stores
1613 1069 1674 1092 no-

970 1116 1030 1139 vos
1051 1108 1209 1149 Fugiente
1245 1109 1350 1141 dulcis
1376 1112 1570 1142 mumurat
1599 1110 1672 1142 rivo

971 1165 1082 1189 sonus.

1014 1207 1133 1239 29-36.
1159 1207 1316 1250 tonantis]
1332 1207 1481 1240 Videtur
1495 1207 1672 1242 ἐπίθετον

971 1264 1122 1294 ornans,
1168 1258 1207 1289 ut
1246 1257 1375 1290 Tonans
1411 1258 1450 1290 et
1485 1257 1674 1292 Altitonans

971 1305 1067 1347 apud
1094 1306 1259 1339 Ovidium
1287 1305 1474 1348 aliquoties
1507 1306 1670 1343 absolute

970 1363 1036 1397 pro
1052 1356 1154 1394 love;
1179 1364 1251 1388 non
1274 1357 1314 1388 ut
1329 1357 1482 1390 tonitrua
1504 1357 1541 1390 in
1556 1358 1670 1392 trans-

969 1405 1018 1437 itu
1049 1406 1230 1438 auctumni
1258 1406 1308 1439 ad
1342 1407 1500 1440 hiemem
1535 1408 1670 1450 signifi—

970 1456 1046 1492 cet,
1072 1456 1112 1486 ut
1135 1456 1190 1488 est
1211 1455 1308 1497 apud
1329 1455 1508 1499 Aristoph.
1530 1457 1667 1499 Fragm.

972 1504 1046 1536 ⁴42.
1072 1505 1175 1537 Dind.
1200 1506 1296 1547 poet.
1314 1513 1414 1538 scen.
1431 1514 1468 1548 p.
1485 1506 1569 1540 ⁴36.
1594 1507 1670 1541 Καὶ

969 1550 1080 1595 ξυννεῖ
1072 1563 1179 1595 νοφε
1214 1554 1281 1587 καὶ
1313 1555 1488 1602 χειμέρια
1522 1555 1668 1603 βροντᾷ

968 1601 1058 1646 μάλ
1087 1599 1142 1638 εὖ.
1175 1623 1211 1628 -
1248 1614 1358 1638 annus
1384 1605 1540 1639 hiber-mu
1572 1607 1668 1648 lovis]

971 1656 1139 1696 «tempus
1173 1654 1256 1687 anni
1293 1654 1484 1688 hibernum
1514 1655 1561 1689 ab
1584 1657 1668 1690 Iove

970 1704 1200 1736 adductum.»
1254 1704 1311 1737 Sic
1332 1703 1452 1746 Virgil.
1476 1704 1595 1747 Eclog.
1626 1706 1667 1748 3,

969 1754 1031 1785 57:
1055 1753 1314 1795 sumtuosissimae
1335 1763 1460 1794 aumas,
1484 1763 1561 1788 ver.
1578 1756 1666 1791 Aen.

970 1803 1010 1843 6,
1035 1803 1116 1835 344:
1151 1803 1296 1845 frigidus
1317 1812 1448 1844 annus,
1472 1804 1600 1838 hiems.
1629 1824 1666 1829 —

968 1853 1091 1894 trudit]
1139 1853 1390 1887 vehementius
1423 1853 1604 1895 aliquanto
1630 1864 1666 1888 v.

969 1911 1097 1944 quam:
1131 1903 1252 1944 «nagit.
1291 1921 1328 1926 —
1366 1903 1476 1936 malta
1499 1903 1595 1946 eane]
1629 1905 1668 1938 In

969 1952 1117 1985 canibus
1132 1952 1303 1985 venaticis
1324 1954 1452 1994 poetae
1475 1955 1596 1987 amant
1609 1962 1670 1996 ge-

969 2010 1036 2034 nus
1067 2001 1286 2034 femininum.
1330 2002 1470 2035 Lueret
1508 2003 1548 2043 ⁴,

967 2059 1066 2083 canes
1087 2054 1124 2082 ut
1144 2051 1368 2092 montivagae.
1405 2051 1500 2093 Virg.
1523 2053 1612 2085 Aen.
1627 2053 1664 2091 7,
1720 2075 1722 2093 ;

968 2100 1055 2133 493.
1080 2100 1221 2132 rabidae
1245 2100 1397 2132 venantis
1419 2101 1516 2133 Iuli-
1525 2110 1663 2134 Qeanes
1718 2095 1722 2140 ἶ

970 2167 1006 2173 -
1038 2150 1092 2182 Ad
1118 2158 1224 2182 usum
1249 2158 1283 2181 v.
1317 2150 1443 2183 multus
1477 2150 1541 2183 cfr.
1569 2151 1663 2192 virg.
1716 2164 1722 2187 ι

966 2198 1667 2239 Aen.4,334:Muztatim--caaoc1m-
1714 2188 1722 2226 ἔ

965 2250 1041 2282 scia,
1060 2267 1095 2272 —
1114 2247 1287 2290 obstantes]
1305 2249 1358 2282 «ei
1369 2247 1462 2289 loco,
1479 2249 1541 2282 ubi
1555 2251 1667 2284 tmus-

968 2298 1106 2331 cursuri
1137 2300 1219 2330 sunt
1248 2299 1342 2340 apri,
1379 2299 1595 2341 oppositas.»
1627 2319 1663 2324 -

967 2348 1078 2389 amite]
1109 2347 1265 2380 «furcula
1295 2356 1360 2380 seu
1391 2349 1527 2390 pertica
1551 2357 1666 2383 aucu-

967 2397 1070 2440 pali.»
1096 2398 1229 2430 Fssws.
1255 2397 1399 2440 (Gabel.)
1421 2397 1569 2431 Ancones
1588 2407 1667 2431 eos-

968 2447 1051 2479 dem
1075 2449 1179 2479 vocat
1202 2447 1340 2480 Gratius
1362 2447 1417 2480 87.
1442 2466 1478 2470 —
1503 2447 1579 2490 levi]
1597 2446 1666 2481 «le—
1705 2476 1708 2478 .

967 2497 1118 2537 vigato».
1155 2497 1276 2529 Senon.
1309 2515 1345 2520 —
1369 2496 1466 2539 rara]
1490 2497 1547 2530 Sic
1569 2497 1662 2538 Virg.

967 2547 1054 2578 Aen.
1079 2545 1119 2585 4,
1145 2546 1227 2579 ⁴34:
1262 2547 1357 2579 Retia
1387 2555 1499 2589 rara,
1525 2546 1661 2588 plaqae.

967 2596 1063 2628 Rara
1076 2596 1223 2637 propter
1237 2595 1395 2629 maculas
1410 2595 1566 2638 (manlio,
1589 2596 1665 2630 Ma-

967 2644 1075 2685 sehen)
1099 2644 1268 2686 largiores
1288 2653 1396 2686 quam
1418 2646 1501 2679 sunt
1522 2645 1556 2678 in
1581 2645 1664 2678 reti—
