<?xml version="1.0" encoding="UTF-8"?>
<!DOCTYPE html PUBLIC "-//W3C//DTD XHTML 1.0 Transitional//EN"
    "http://www.w3.org/TR/xhtml1/DTD/xhtml1-transitional.dtd">
<html xmlns="http://www.w3.org/1999/xhtml" xml:lang="en" lang="en">
 <head>
  <title>
</title>
<meta http-equiv="Content-Type" content="text/html;charset=utf-8" />
  <meta name='ocr-system' content='tesseract 3.04.00' />
  <meta name='ocr-capabilities' content='ocr_page ocr_carea ocr_par ocr_line ocrx_word'/>
</head>
<body>
  <div class='ocr_page' id='page_1' title='image "./qhoratiusflaccus12horauoft_0465.png"; bbox 0 0 1722 2904; ppageno 0'>
   <div class='ocr_carea' id='block_1_1' title="bbox 336 33 354 51">
    <p class='ocr_par' dir='ltr' id='par_1_1' title="bbox 336 33 354 51">
     <span class='ocr_line' id='line_1_1' title="bbox 336 33 354 51; baseline 0 -2"><span class='ocrx_word' id='word_1_1' title='bbox 336 33 354 51; x_wconf 59' lang='grc' dir='ltr'>ἡ</span> 
     </span>
    </p>
   </div>
   <div class='ocr_carea' id='block_1_2' title="bbox 566 81 877 114">
    <p class='ocr_par' dir='ltr' id='par_1_2' title="bbox 566 81 877 114">
     <span class='ocr_line' id='line_1_2' title="bbox 566 81 877 114; baseline -0.01 0"><span class='ocrx_word' id='word_1_2' title='bbox 566 81 646 114; x_wconf 78' lang='lat' dir='ltr'><strong>Lm.</strong></span> <span class='ocrx_word' id='word_1_3' title='bbox 669 81 727 114; x_wconf 77' lang='lat' dir='ltr'><strong>IV.</strong></span> <span class='ocrx_word' id='word_1_4' title='bbox 773 82 811 113; x_wconf 93' lang='lat' dir='ltr'><strong>C.</strong></span> <span class='ocrx_word' id='word_1_5' title='bbox 836 81 877 112; x_wconf 84' lang='lat' dir='ltr'><strong>V.</strong></span> 
     </span>
    </p>
   </div>
   <div class='ocr_carea' id='block_1_3' title="bbox 217 161 1067 234">
    <p class='ocr_par' dir='ltr' id='par_1_3' title="bbox 217 161 1067 234">
     <span class='ocr_line' id='line_1_3' title="bbox 217 161 1067 234; baseline -0.007 -3"><span class='ocrx_word' id='word_1_6' title='bbox 217 187 268 231; x_wconf 80' lang='lat' dir='ltr'><strong>Et</strong></span> <span class='ocrx_word' id='word_1_7' title='bbox 295 187 425 231; x_wconf 87' lang='lat' dir='ltr'><strong>vitem</strong></span> <span class='ocrx_word' id='word_1_8' title='bbox 446 161 604 229; x_wconf 34' lang='lat' dir='ltr'><strong>&#39;viduas</strong></span> <span class='ocrx_word' id='word_1_9' title='bbox 632 184 750 228; x_wconf 86' lang='lat' dir='ltr'><strong>ducit</strong></span> <span class='ocrx_word' id='word_1_10' title='bbox 777 183 834 227; x_wconf 90' lang='lat' dir='ltr'><strong>ad</strong></span> <span class='ocrx_word' id='word_1_11' title='bbox 863 182 1067 234; x_wconf 86' lang='lat' dir='ltr'><strong>arbores;</strong></span> 
     </span>
    </p>
   </div>
   <div class='ocr_carea' id='block_1_4' title="bbox 1406 78 1489 226">
    <p class='ocr_par' dir='ltr' id='par_1_4' title="bbox 1406 78 1489 226">
     <span class='ocr_line' id='line_1_4' title="bbox 1406 78 1482 122; baseline -0.026 0"><span class='ocrx_word' id='word_1_12' title='bbox 1406 78 1482 122; x_wconf 62' lang='lat'><strong>56⁴</strong></span> 
     </span>
     <span class='ocr_line' id='line_1_5' title="bbox 1432 185 1489 226; baseline -0.018 0"><span class='ocrx_word' id='word_1_13' title='bbox 1432 185 1489 226; x_wconf 88' lang='grc'><strong>30</strong></span> 
     </span>
    </p>
   </div>
   <div class='ocr_carea' id='block_1_5' title="bbox 217 263 1087 395">
    <p class='ocr_par' dir='ltr' id='par_1_5' title="bbox 217 263 1087 395">
     <span class='ocr_line' id='line_1_6' title="bbox 217 263 1087 311; baseline -0.006 0"><span class='ocrx_word' id='word_1_14' title='bbox 217 267 325 311; x_wconf 83' lang='lat' dir='ltr'><strong>Hinc</strong></span> <span class='ocrx_word' id='word_1_15' title='bbox 353 266 409 310; x_wconf 88' lang='lat' dir='ltr'><strong>ad</strong></span> <span class='ocrx_word' id='word_1_16' title='bbox 436 265 536 308; x_wconf 88' lang='lat' dir='ltr'><strong>vina</strong></span> <span class='ocrx_word' id='word_1_17' title='bbox 565 264 677 309; x_wconf 87' lang='lat' dir='ltr'><strong>redit</strong></span> <span class='ocrx_word' id='word_1_18' title='bbox 702 264 841 308; x_wconf 88' lang='lat' dir='ltr'><strong>laetus</strong></span> <span class='ocrx_word' id='word_1_19' title='bbox 871 271 915 308; x_wconf 88' lang='lat' dir='ltr'><strong>et</strong></span> <span class='ocrx_word' id='word_1_20' title='bbox 943 263 1087 308; x_wconf 85' lang='lat' dir='ltr'><strong>alteris</strong></span> 
     </span>
     <span class='ocr_line' id='line_1_7' title="bbox 329 345 959 395; baseline -0.005 -5"><span class='ocrx_word' id='word_1_21' title='bbox 329 348 387 390; x_wconf 90' lang='lat' dir='ltr'><strong>Te</strong></span> <span class='ocrx_word' id='word_1_22' title='bbox 416 347 577 390; x_wconf 85' lang='lat' dir='ltr'>mensis</span> <span class='ocrx_word' id='word_1_23' title='bbox 605 345 779 390; x_wconf 81' lang='lat' dir='ltr'>adhibet</span> <span class='ocrx_word' id='word_1_24' title='bbox 807 345 959 395; x_wconf 89' lang='lat' dir='ltr'><strong>deum;</strong></span> 
     </span>
    </p>
   </div>
   <div class='ocr_carea' id='block_1_6' title="bbox 217 450 1145 589">
    <p class='ocr_par' dir='ltr' id='par_1_6' title="bbox 217 450 1145 589">
     <span class='ocr_line' id='line_1_8' title="bbox 218 450 1145 510; baseline -0.003 -14"><span class='ocrx_word' id='word_1_25' title='bbox 218 454 276 496; x_wconf 86' lang='lat' dir='ltr'><strong>&#39;l&#39;e</strong></span> <span class='ocrx_word' id='word_1_26' title='bbox 305 452 436 495; x_wconf 90' lang='lat' dir='ltr'><strong>multa</strong></span> <span class='ocrx_word' id='word_1_27' title='bbox 463 465 616 510; x_wconf 82' lang='lat' dir='ltr'>prece,</span> <span class='ocrx_word' id='word_1_28' title='bbox 647 458 689 494; x_wconf 83' lang='lat' dir='ltr'><strong>te</strong></span> <span class='ocrx_word' id='word_1_29' title='bbox 719 450 997 508; x_wconf 86' lang='lat' dir='ltr'><strong>prosequitur</strong></span> <span class='ocrx_word' id='word_1_30' title='bbox 1026 464 1145 494; x_wconf 91' lang='lat' dir='ltr'><strong>mero</strong></span> 
     </span>
     <span class='ocr_line' id='line_1_9' title="bbox 217 530 1002 589; baseline -0.003 -13"><span class='ocrx_word' id='word_1_31' title='bbox 217 533 379 577; x_wconf 75' lang='lat' dir='ltr'><strong>Defuso</strong></span> <span class='ocrx_word' id='word_1_32' title='bbox 407 532 569 589; x_wconf 85' lang='lat' dir='ltr'><strong>pateris</strong></span> <span class='ocrx_word' id='word_1_33' title='bbox 602 538 646 575; x_wconf 87' lang='lat' dir='ltr'><strong>et</strong></span> <span class='ocrx_word' id='word_1_34' title='bbox 672 530 853 575; x_wconf 86' lang='lat' dir='ltr'>Laribus</span> <span class='ocrx_word' id='word_1_35' title='bbox 881 537 1002 574; x_wconf 88' lang='lat' dir='ltr'><strong>tuum</strong></span> 
     </span>
    </p>
   </div>
   <div class='ocr_carea' id='block_1_7' title="bbox 217 611 1134 663">
    <p class='ocr_par' dir='ltr' id='par_1_7' title="bbox 217 611 1134 663">
     <span class='ocr_line' id='line_1_10' title="bbox 217 611 1134 663; baseline -0.003 -6"><span class='ocrx_word' id='word_1_36' title='bbox 217 614 367 657; x_wconf 78' lang='lat' dir='ltr'><strong>Miscet</strong></span> <span class='ocrx_word' id='word_1_37' title='bbox 394 623 572 663; x_wconf 89' lang='lat' dir='ltr'><strong>numen,</strong></span> <span class='ocrx_word' id='word_1_38' title='bbox 604 612 665 655; x_wconf 88' lang='lat' dir='ltr'><strong>uti</strong></span> <span class='ocrx_word' id='word_1_39' title='bbox 694 611 874 655; x_wconf 86' lang='lat' dir='ltr'>Graecia</span> <span class='ocrx_word' id='word_1_40' title='bbox 905 612 1093 655; x_wconf 85' lang='lat' dir='ltr'><strong>Castoris</strong></span> <span class='ocrx_word' id='word_1_41' title='bbox 1130 642 1134 643; x_wconf 22' lang='grc' dir='ltr'><strong>ν</strong></span> 
     </span>
    </p>
   </div>
   <div class='ocr_carea' id='block_1_8' title="bbox 1437 613 1492 655">
    <p class='ocr_par' dir='ltr' id='par_1_8' title="bbox 1437 613 1492 655">
     <span class='ocr_line' id='line_1_11' title="bbox 1437 613 1492 655; baseline 0.018 -1"><span class='ocrx_word' id='word_1_42' title='bbox 1437 613 1492 655; x_wconf 80' lang='lat'><strong>35</strong></span> 
     </span>
    </p>
   </div>
   <div class='ocr_carea' id='block_1_9' title="bbox 331 691 985 751">
    <p class='ocr_par' dir='ltr' id='par_1_9' title="bbox 331 691 985 751">
     <span class='ocr_line' id='line_1_12' title="bbox 331 691 985 751; baseline -0.003 -15"><span class='ocrx_word' id='word_1_43' title='bbox 331 694 383 736; x_wconf 88' lang='lat' dir='ltr'><strong>Et</strong></span> <span class='ocrx_word' id='word_1_44' title='bbox 410 693 551 751; x_wconf 83' lang='lat' dir='ltr'><strong>magni</strong></span> <span class='ocrx_word' id='word_1_45' title='bbox 580 706 747 736; x_wconf 88' lang='lat' dir='ltr'><strong>memor</strong></span> <span class='ocrx_word' id='word_1_46' title='bbox 775 691 985 735; x_wconf 88' lang='lat' dir='ltr'><strong>Herculis.</strong></span> 
     </span>
    </p>
   </div>
   <div class='ocr_carea' id='block_1_10' title="bbox 139 838 382 878">
    <p class='ocr_par' dir='ltr' id='par_1_10' title="bbox 139 838 382 878">
     <span class='ocr_line' id='line_1_13' title="bbox 139 838 382 878; baseline -0.008 -6"><span class='ocrx_word' id='word_1_47' title='bbox 139 839 194 872; x_wconf 80' lang='lat'><strong>3⁴.</strong></span> <span class='ocrx_word' id='word_1_48' title='bbox 227 839 318 871; x_wconf 72' lang='lat' dir='ltr'><strong>mie</strong></span> <span class='ocrx_word' id='word_1_49' title='bbox 338 838 382 878; x_wconf 84' lang='lat' dir='ltr'><strong>T,</strong></span> 
     </span>
    </p>
   </div>
   <div class='ocr_carea' id='block_1_11' title="bbox 417 827 1449 879">
    <p class='ocr_par' dir='ltr' id='par_1_11' title="bbox 417 827 1449 879">
     <span class='ocr_line' id='line_1_14' title="bbox 417 827 1449 879; baseline 0 -9"><span class='ocrx_word' id='word_1_50' title='bbox 417 838 504 870; x_wconf 85' lang='lat' dir='ltr'><strong>item</strong></span> <span class='ocrx_word' id='word_1_51' title='bbox 527 838 569 876; x_wconf 85' lang='lat' dir='ltr'><strong>S,</strong></span> <span class='ocrx_word' id='word_1_52' title='bbox 608 827 788 879; x_wconf 87' lang='lat' dir='ltr'><strong>superscr.</strong></span> <span class='ocrx_word' id='word_1_53' title='bbox 811 837 913 875; x_wconf 71' lang='lat' dir='ltr'><strong>redit,</strong></span> <span class='ocrx_word' id='word_1_54' title='bbox 948 834 1038 875; x_wconf 84' lang='grc' dir='ltr'>βκχ,</span> <span class='ocrx_word' id='word_1_55' title='bbox 1074 835 1264 870; x_wconf 88' lang='lat' dir='ltr'><strong>Bentleius.</strong></span> <span class='ocrx_word' id='word_1_56' title='bbox 1299 838 1340 871; x_wconf 83' lang='lat' dir='ltr'><strong>Ut</strong></span> <span class='ocrx_word' id='word_1_57' title='bbox 1364 846 1449 877; x_wconf 87' lang='lat' dir='ltr'><strong>uos,</strong></span> 
     </span>
    </p>
   </div>
   <div class='ocr_carea' id='block_1_12' title="bbox 93 885 1452 932">
    <p class='ocr_par' dir='ltr' id='par_1_12' title="bbox 93 885 1452 932">
     <span class='ocr_line' id='line_1_15' title="bbox 93 885 1452 932; baseline -0.001 -11"><span class='ocrx_word' id='word_1_58' title='bbox 93 887 206 921; x_wconf 87' lang='lat' dir='ltr'><strong>Bbcd.</strong></span> <span class='ocrx_word' id='word_1_59' title='bbox 233 903 269 910; x_wconf 90' lang='lat'>-</span> <span class='ocrx_word' id='word_1_60' title='bbox 295 886 349 932; x_wconf 78' lang='lat'><strong>34.</strong></span> <span class='ocrx_word' id='word_1_61' title='bbox 365 887 490 928; x_wconf 68' lang='lat' dir='ltr'><strong>Defiaso</strong></span> <span class='ocrx_word' id='word_1_62' title='bbox 510 885 627 926; x_wconf 89' lang='lat' dir='ltr'><strong>chd,</strong></span> <span class='ocrx_word' id='word_1_63' title='bbox 651 885 773 918; x_wconf 87' lang='lat' dir='ltr'><strong>Bland.</strong></span> <span class='ocrx_word' id='word_1_64' title='bbox 791 886 989 926; x_wconf 83' lang='lat' dir='ltr'><strong>antiquiss.:</strong></span> <span class='ocrx_word' id='word_1_65' title='bbox 1013 886 1144 926; x_wconf 65' lang='lat' dir='ltr'><strong>mmm</strong></span> <span class='ocrx_word' id='word_1_66' title='bbox 1163 886 1204 925; x_wconf 89' lang='lat' dir='ltr'><strong>B,</strong></span> <span class='ocrx_word' id='word_1_67' title='bbox 1228 887 1315 919; x_wconf 86' lang='lat' dir='ltr'><strong>item</strong></span> <span class='ocrx_word' id='word_1_68' title='bbox 1333 887 1368 926; x_wconf 89' lang='lat' dir='ltr'><strong>S,</strong></span> <span class='ocrx_word' id='word_1_69' title='bbox 1392 895 1452 920; x_wconf 88' lang='lat' dir='ltr'><strong>su-</strong></span> 
     </span>
    </p>
   </div>
   <div class='ocr_carea' id='block_1_13' title="bbox 93 936 402 980">
    <p class='ocr_par' dir='ltr' id='par_1_13' title="bbox 93 936 402 980">
     <span class='ocr_line' id='line_1_16' title="bbox 93 936 402 980; baseline -0.003 -10"><span class='ocrx_word' id='word_1_70' title='bbox 93 945 231 980; x_wconf 82' lang='lat' dir='ltr'><strong>perscr.</strong></span> <span class='ocrx_word' id='word_1_71' title='bbox 251 945 288 976; x_wconf 79' lang='lat' dir='ltr'><strong>e,</strong></span> <span class='ocrx_word' id='word_1_72' title='bbox 312 936 402 970; x_wconf 75' lang='lat' dir='ltr'><strong>m.</strong></span> 
     </span>
    </p>
   </div>
   <div class='ocr_carea' id='block_1_14' title="bbox 0 1063 750 2731">
    <p class='ocr_par' dir='ltr' id='par_1_14' title="bbox 0 1063 750 2731">
     <span class='ocr_line' id='line_1_17' title="bbox 49 1063 746 1109; baseline -0.006 -9"><span class='ocrx_word' id='word_1_73' title='bbox 49 1076 166 1100; x_wconf 66' lang='lat' dir='ltr'><strong>renen</strong></span> <span class='ocrx_word' id='word_1_74' title='bbox 199 1075 340 1099; x_wconf 72' lang='lat' dir='ltr'><strong>summ</strong></span> <span class='ocrx_word' id='word_1_75' title='bbox 368 1066 542 1109; x_wconf 69' lang='lat' dir='ltr'><strong>possessio,</strong></span> <span class='ocrx_word' id='word_1_76' title='bbox 589 1063 746 1097; x_wconf 85' lang='lat' dir='ltr'>Similem</span> 
     </span>
     <span class='ocr_line' id='line_1_18' title="bbox 50 1114 747 1160; baseline -0.007 -10"><span class='ocrx_word' id='word_1_77' title='bbox 50 1117 151 1160; x_wconf 79' lang='lat' dir='ltr'><strong>pacis</strong></span> <span class='ocrx_word' id='word_1_78' title='bbox 171 1116 348 1158; x_wconf 77' lang='lat' dir='ltr'><strong>picturam</strong></span> <span class='ocrx_word' id='word_1_79' title='bbox 372 1115 554 1148; x_wconf 88' lang='lat' dir='ltr'><strong>Dacierius</strong></span> <span class='ocrx_word' id='word_1_80' title='bbox 578 1114 680 1146; x_wconf 79' lang='lat' dir='ltr'><strong>affert</strong></span> <span class='ocrx_word' id='word_1_81' title='bbox 702 1122 747 1146; x_wconf 83' lang='lat' dir='ltr'><strong>ex</strong></span> 
     </span>
     <span class='ocr_line' id='line_1_19' title="bbox 50 1163 747 1207; baseline -0.009 -7"><span class='ocrx_word' id='word_1_82' title='bbox 50 1166 231 1201; x_wconf 68' lang='lat' dir='ltr'><strong>Michaeae</strong></span> <span class='ocrx_word' id='word_1_83' title='bbox 253 1165 339 1207; x_wconf 87' lang='lat' dir='ltr'><strong>Cap.</strong></span> <span class='ocrx_word' id='word_1_84' title='bbox 363 1163 403 1204; x_wconf 98' lang='lat'><strong>4,</strong></span> <span class='ocrx_word' id='word_1_85' title='bbox 427 1163 466 1197; x_wconf 88' lang='lat'><strong>4:</strong></span> <span class='ocrx_word' id='word_1_86' title='bbox 490 1164 534 1196; x_wconf 78' lang='lat' dir='ltr'><strong>Et</strong></span> <span class='ocrx_word' id='word_1_87' title='bbox 554 1163 672 1196; x_wconf 75' lang='lat' dir='ltr'><strong><em>sedebit</em></strong></span> <span class='ocrx_word' id='word_1_88' title='bbox 691 1163 747 1195; x_wconf 82' lang='lat' dir='ltr'><strong>vir</strong></span> 
     </span>
     <span class='ocr_line' id='line_1_20' title="bbox 49 1212 748 1254; baseline -0.007 -6"><span class='ocrx_word' id='word_1_89' title='bbox 49 1215 163 1248; x_wconf 68' lang='grc' dir='ltr'><strong><em>ευὺεω</em></strong></span> <span class='ocrx_word' id='word_1_90' title='bbox 180 1214 314 1247; x_wconf 72' lang='lat' dir='ltr'><strong>vinem</strong></span> <span class='ocrx_word' id='word_1_91' title='bbox 333 1222 431 1246; x_wconf 71' lang='lat' dir='ltr'><strong>suam</strong></span> <span class='ocrx_word' id='word_1_92' title='bbox 452 1216 484 1245; x_wconf 80' lang='lat' dir='ltr'><strong>et</strong></span> <span class='ocrx_word' id='word_1_93' title='bbox 509 1212 622 1244; x_wconf 80' lang='lat' dir='ltr'><strong>subtus</strong></span> <span class='ocrx_word' id='word_1_94' title='bbox 645 1213 748 1254; x_wconf 71' lang='lat' dir='ltr'><strong>ficum</strong></span> 
     </span>
     <span class='ocr_line' id='line_1_21' title="bbox 50 1263 744 1305; baseline -0.006 -8"><span class='ocrx_word' id='word_1_95' title='bbox 50 1273 166 1305; x_wconf 68' lang='lat' dir='ltr'><strong>suana,</strong></span> <span class='ocrx_word' id='word_1_96' title='bbox 200 1267 232 1296; x_wconf 79' lang='lat' dir='ltr'><strong>et</strong></span> <span class='ocrx_word' id='word_1_97' title='bbox 263 1272 331 1295; x_wconf 78' lang='lat' dir='ltr'><strong>non</strong></span> <span class='ocrx_word' id='word_1_98' title='bbox 362 1263 443 1302; x_wconf 77' lang='lat' dir='ltr'><strong>erit,</strong></span> <span class='ocrx_word' id='word_1_99' title='bbox 479 1263 536 1302; x_wconf 70' lang='lat' dir='ltr'><strong>qut·</strong></span> <span class='ocrx_word' id='word_1_100' title='bbox 569 1263 744 1294; x_wconf 77' lang='lat' dir='ltr'><strong>deterreat.</strong></span> 
     </span>
     <span class='ocr_line' id='line_1_22' title="bbox 55 1309 743 1355; baseline -0.007 -8"><span class='ocrx_word' id='word_1_101' title='bbox 55 1332 93 1353; x_wconf 34' lang='lat'><strong>.-</strong></span> <span class='ocrx_word' id='word_1_102' title='bbox 122 1313 254 1355; x_wconf 68' lang='lat' dir='ltr'><strong>viduas]</strong></span> <span class='ocrx_word' id='word_1_103' title='bbox 283 1311 419 1344; x_wconf 86' lang='lat' dir='ltr'><strong>Viduae</strong></span> <span class='ocrx_word' id='word_1_104' title='bbox 449 1311 614 1344; x_wconf 85' lang='lat' dir='ltr'><strong>dicuntur</strong></span> <span class='ocrx_word' id='word_1_105' title='bbox 639 1309 743 1350; x_wconf 91' lang='lat' dir='ltr'><strong>ulmi,</strong></span> 
     </span>
     <span class='ocr_line' id='line_1_23' title="bbox 49 1361 748 1406; baseline -0.009 -9"><span class='ocrx_word' id='word_1_106' title='bbox 49 1362 171 1406; x_wconf 84' lang='lat' dir='ltr'><strong>populi</strong></span> <span class='ocrx_word' id='word_1_107' title='bbox 203 1361 408 1403; x_wconf 83' lang='lat' dir='ltr'><strong>similesque</strong></span> <span class='ocrx_word' id='word_1_108' title='bbox 442 1361 609 1398; x_wconf 82' lang='lat' dir='ltr'><strong>arbores,</strong></span> <span class='ocrx_word' id='word_1_109' title='bbox 644 1362 748 1392; x_wconf 89' lang='lat' dir='ltr'><strong>ante-</strong></span> 
     </span>
     <span class='ocr_line' id='line_1_24' title="bbox 51 1410 746 1454; baseline -0.006 -9"><span class='ocrx_word' id='word_1_110' title='bbox 51 1421 160 1454; x_wconf 83' lang='lat' dir='ltr'><strong>quam</strong></span> <span class='ocrx_word' id='word_1_111' title='bbox 197 1413 387 1453; x_wconf 84' lang='lat' dir='ltr'><strong>iungantur</strong></span> <span class='ocrx_word' id='word_1_112' title='bbox 422 1410 568 1450; x_wconf 82' lang='lat' dir='ltr'><strong>vitibus,</strong></span> <span class='ocrx_word' id='word_1_113' title='bbox 607 1411 746 1442; x_wconf 90' lang='lat' dir='ltr'><strong>iunctae</strong></span> 
     </span>
     <span class='ocr_line' id='line_1_25' title="bbox 7 1459 744 1500; baseline -0.007 -5"><span class='ocrx_word' id='word_1_114' title='bbox 7 1459 10 1460; x_wconf 47' lang='lat'><em>⁷</em></span> <span class='ocrx_word' id='word_1_115' title='bbox 50 1463 172 1494; x_wconf 82' lang='lat' dir='ltr'><strong>autem</strong></span> <span class='ocrx_word' id='word_1_116' title='bbox 193 1461 341 1493; x_wconf 84' lang='lat' dir='ltr'><strong>maritae</strong></span> <span class='ocrx_word' id='word_1_117' title='bbox 362 1461 545 1492; x_wconf 86' lang='lat' dir='ltr'><strong>vocantur.</strong></span> <span class='ocrx_word' id='word_1_118' title='bbox 575 1459 688 1500; x_wconf 89' lang='lat' dir='ltr'><strong>Epod.</strong></span> <span class='ocrx_word' id='word_1_119' title='bbox 711 1459 744 1497; x_wconf 79' lang='lat'><strong>2,</strong></span> 
     </span>
     <span class='ocr_line' id='line_1_26' title="bbox 51 1508 749 1550; baseline -0.006 -7"><span class='ocrx_word' id='word_1_120' title='bbox 51 1511 92 1544; x_wconf 83' lang='lat'><strong>9:</strong></span> <span class='ocrx_word' id='word_1_121' title='bbox 117 1508 749 1550; x_wconf 60' lang='lat' dir='ltr'><strong>aduuavuiwnpropaqinuuasma-</strong></span> 
     </span>
     <span class='ocr_line' id='line_1_27' title="bbox 50 1557 750 1600; baseline -0.006 -8"><span class='ocrx_word' id='word_1_122' title='bbox 50 1560 135 1592; x_wconf 73' lang='lat' dir='ltr'><strong>ritat</strong></span> <span class='ocrx_word' id='word_1_123' title='bbox 158 1559 310 1600; x_wconf 80' lang='lat' dir='ltr'><strong>populos.</strong></span> <span class='ocrx_word' id='word_1_124' title='bbox 337 1559 481 1591; x_wconf 83' lang='lat' dir='ltr'><strong>Inversa</strong></span> <span class='ocrx_word' id='word_1_125' title='bbox 506 1558 659 1598; x_wconf 85' lang='lat' dir='ltr'>imagine</span> <span class='ocrx_word' id='word_1_126' title='bbox 683 1557 750 1589; x_wconf 88' lang='lat' dir='ltr'><strong>Ca-</strong></span> 
     </span>
     <span class='ocr_line' id='line_1_28' title="bbox 51 1605 745 1648; baseline -0.006 -6"><span class='ocrx_word' id='word_1_127' title='bbox 51 1608 158 1642; x_wconf 79' lang='lat' dir='ltr'><strong>tullus</strong></span> <span class='ocrx_word' id='word_1_128' title='bbox 170 1609 230 1648; x_wconf 72' lang='grc'><strong>62,</strong></span> <span class='ocrx_word' id='word_1_129' title='bbox 246 1607 305 1641; x_wconf 81' lang='lat'><strong>49:</strong></span> <span class='ocrx_word' id='word_1_130' title='bbox 321 1608 420 1640; x_wconf 78' lang='lat' dir='ltr'><strong>vitem</strong></span> <span class='ocrx_word' id='word_1_131' title='bbox 432 1607 570 1639; x_wconf 73' lang='lat' dir='ltr'><strong>viduam</strong></span> <span class='ocrx_word' id='word_1_132' title='bbox 581 1605 745 1648; x_wconf 86' lang='lat' dir='ltr'><strong>appellat.</strong></span> 
     </span>
     <span class='ocr_line' id='line_1_29' title="bbox 5 1655 747 1699; baseline -0.008 -6"><span class='ocrx_word' id='word_1_133' title='bbox 5 1690 8 1693; x_wconf 87' lang='lat'><strong>.</strong></span> <span class='ocrx_word' id='word_1_134' title='bbox 54 1677 91 1681; x_wconf 97' lang='lat'><strong>—</strong></span> <span class='ocrx_word' id='word_1_135' title='bbox 114 1657 217 1699; x_wconf 68' lang='lat' dir='ltr'><strong>redit]</strong></span> <span class='ocrx_word' id='word_1_136' title='bbox 248 1657 420 1689; x_wconf 77' lang='lat' dir='ltr'><strong>«domum</strong></span> <span class='ocrx_word' id='word_1_137' title='bbox 443 1664 546 1689; x_wconf 90' lang='lat' dir='ltr'><strong>suam</strong></span> <span class='ocrx_word' id='word_1_138' title='bbox 568 1655 614 1688; x_wconf 82' lang='lat' dir='ltr'><strong>ab</strong></span> <span class='ocrx_word' id='word_1_139' title='bbox 638 1664 747 1697; x_wconf 90' lang='lat' dir='ltr'><strong>opere</strong></span> 
     </span>
     <span class='ocr_line' id='line_1_30' title="bbox 4 1705 748 1747; baseline -0.005 -6"><span class='ocrx_word' id='word_1_140' title='bbox 4 1724 6 1726; x_wconf 35' lang='lat' dir='ltr'>v</span> <span class='ocrx_word' id='word_1_141' title='bbox 50 1707 201 1747; x_wconf 84' lang='lat' dir='ltr'><strong>rustico,</strong></span> <span class='ocrx_word' id='word_1_142' title='bbox 218 1708 258 1739; x_wconf 88' lang='lat' dir='ltr'><strong>ut</strong></span> <span class='ocrx_word' id='word_1_143' title='bbox 270 1705 360 1739; x_wconf 90' lang='lat' dir='ltr'><strong>solet</strong></span> <span class='ocrx_word' id='word_1_144' title='bbox 374 1705 549 1747; x_wconf 80' lang='lat' dir='ltr'><strong>quotidie,</strong></span> <span class='ocrx_word' id='word_1_145' title='bbox 567 1707 604 1738; x_wconf 87' lang='lat' dir='ltr'><strong>et</strong></span> <span class='ocrx_word' id='word_1_146' title='bbox 618 1714 748 1738; x_wconf 91' lang='lat' dir='ltr'><strong>secun-</strong></span> 
     </span>
     <span class='ocr_line' id='line_1_31' title="bbox 0 1753 748 1794; baseline -0.008 -3"><span class='ocrx_word' id='word_1_147' title='bbox 0 1759 13 1794; x_wconf 82' lang='grc'><strong>,’</strong></span> <span class='ocrx_word' id='word_1_148' title='bbox 52 1757 108 1790; x_wconf 86' lang='lat' dir='ltr'><strong>dis</strong></span> <span class='ocrx_word' id='word_1_149' title='bbox 129 1756 264 1789; x_wconf 84' lang='lat' dir='ltr'><strong>mensis</strong></span> <span class='ocrx_word' id='word_1_150' title='bbox 291 1754 355 1787; x_wconf 87' lang='lat' dir='ltr'><strong>tibi</strong></span> <span class='ocrx_word' id='word_1_151' title='bbox 383 1756 423 1786; x_wconf 92' lang='lat' dir='ltr'><strong>ut</strong></span> <span class='ocrx_word' id='word_1_152' title='bbox 451 1754 519 1786; x_wconf 90' lang='lat' dir='ltr'><strong>deo</strong></span> <span class='ocrx_word' id='word_1_153' title='bbox 541 1753 748 1786; x_wconf 81' lang='lat' dir='ltr'><strong>libationem</strong></span> 
     </span>
     <span class='ocr_line' id='line_1_32' title="bbox 2 1799 747 1845; baseline -0.005 -6"><span class='ocrx_word' id='word_1_154' title='bbox 2 1799 19 1825; x_wconf 46' lang='grc' dir='ltr'>ἒ</span> <span class='ocrx_word' id='word_1_155' title='bbox 52 1806 190 1839; x_wconf 77' lang='lat' dir='ltr'><strong>offert.»</strong></span> <span class='ocrx_word' id='word_1_156' title='bbox 238 1805 330 1837; x_wconf 73' lang='lat' dir='ltr'><strong>Venit</strong></span> <span class='ocrx_word' id='word_1_157' title='bbox 350 1803 454 1844; x_wconf 84' lang='lat' dir='ltr'><strong>longe</strong></span> <span class='ocrx_word' id='word_1_158' title='bbox 476 1804 594 1836; x_wconf 90' lang='lat' dir='ltr'><strong>minus</strong></span> <span class='ocrx_word' id='word_1_159' title='bbox 624 1805 747 1845; x_wconf 89' lang='lat' dir='ltr'><strong>aptum</strong></span> 
     </span>
     <span class='ocr_line' id='line_1_33' title="bbox 0 1828 747 1897; baseline -0.005 -9"><span class='ocrx_word' id='word_1_160' title='bbox 0 1828 19 1897; x_wconf 66' lang='grc' dir='ltr'>Ξ</span> <span class='ocrx_word' id='word_1_161' title='bbox 52 1863 162 1897; x_wconf 81' lang='lat' dir='ltr'><strong>quam</strong></span> <span class='ocrx_word' id='word_1_162' title='bbox 181 1854 285 1892; x_wconf 50' lang='lat' dir='ltr'><strong>rodim</strong></span> <span class='ocrx_word' id='word_1_163' title='bbox 318 1855 373 1885; x_wconf 85' lang='lat' dir='ltr'><strong>est</strong></span> <span class='ocrx_word' id='word_1_164' title='bbox 395 1853 507 1892; x_wconf 88' lang='lat' dir='ltr'><strong>enim,</strong></span> <span class='ocrx_word' id='word_1_165' title='bbox 540 1853 641 1894; x_wconf 88' lang='lat' dir='ltr'><strong>quasi</strong></span> <span class='ocrx_word' id='word_1_166' title='bbox 663 1854 747 1884; x_wconf 86' lang='lat' dir='ltr'><strong>tunc</strong></span> 
     </span>
     <span class='ocr_line' id='line_1_34' title="bbox 0 1890 748 1947; baseline -0.004 -10"><span class='ocrx_word' id='word_1_167' title='bbox 0 1890 23 1927; x_wconf 68' lang='lat'><strong>⁶!</strong></span> <span class='ocrx_word' id='word_1_168' title='bbox 51 1906 207 1947; x_wconf 87' lang='lat' dir='ltr'><strong>primum</strong></span> <span class='ocrx_word' id='word_1_169' title='bbox 229 1903 420 1936; x_wconf 82' lang='lat' dir='ltr'><strong>accederet</strong></span> <span class='ocrx_word' id='word_1_170' title='bbox 441 1902 488 1934; x_wconf 92' lang='lat' dir='ltr'><strong>ad</strong></span> <span class='ocrx_word' id='word_1_171' title='bbox 510 1903 602 1935; x_wconf 85' lang='lat' dir='ltr'><strong>vina.</strong></span> <span class='ocrx_word' id='word_1_172' title='bbox 643 1903 748 1934; x_wconf 86' lang='lat' dir='ltr'><strong>Simi-</strong></span> 
     </span>
     <span class='ocr_line' id='line_1_35' title="bbox 52 1953 749 1987; baseline -0.005 -0.278"><span class='ocrx_word' id='word_1_173' title='bbox 52 1953 132 1987; x_wconf 88' lang='lat' dir='ltr'><strong>liter</strong></span> <span class='ocrx_word' id='word_1_174' title='bbox 153 1953 416 1986; x_wconf 80' lang='lat' dir='ltr'><strong>confunduntur</strong></span> <span class='ocrx_word' id='word_1_175' title='bbox 428 1953 552 1984; x_wconf 74' lang='lat' dir='ltr'><strong>rediret</strong></span> <span class='ocrx_word' id='word_1_176' title='bbox 567 1953 604 1983; x_wconf 89' lang='lat' dir='ltr'><strong>et</strong></span> <span class='ocrx_word' id='word_1_177' title='bbox 622 1953 749 1983; x_wconf 74' lang='lat' dir='ltr'><strong>veniret</strong></span> 
     </span>
     <span class='ocr_line' id='line_1_36' title="bbox 0 1994 750 2050; baseline -0.008 -12"><span class='ocrx_word' id='word_1_178' title='bbox 0 1994 25 2050; x_wconf 67' lang='grc' dir='ltr'><strong>Ξζῖ</strong></span> <span class='ocrx_word' id='word_1_179' title='bbox 53 2005 141 2046; x_wconf 77' lang='lat' dir='ltr'><strong>Epp.</strong></span> <span class='ocrx_word' id='word_1_180' title='bbox 165 2005 205 2043; x_wconf 78' lang='lat'><strong>2,</strong></span> <span class='ocrx_word' id='word_1_181' title='bbox 228 2004 267 2042; x_wconf 79' lang='lat'><strong>2,</strong></span> <span class='ocrx_word' id='word_1_182' title='bbox 290 2003 344 2035; x_wconf 76' lang='lat'><strong>22.</strong></span> <span class='ocrx_word' id='word_1_183' title='bbox 366 2021 403 2025; x_wconf 94' lang='lat'><em>-</em></span> <span class='ocrx_word' id='word_1_184' title='bbox 426 2001 545 2034; x_wconf 84' lang='lat' dir='ltr'><strong>Verba</strong></span> <span class='ocrx_word' id='word_1_185' title='bbox 570 2002 611 2033; x_wconf 71' lang='lat' dir='ltr'><strong>To</strong></span> <span class='ocrx_word' id='word_1_186' title='bbox 630 2002 750 2033; x_wconf 61' lang='lat' dir='ltr'><strong>mansis</strong></span> 
     </span>
     <span class='ocr_line' id='line_1_37' title="bbox 53 2050 748 2093; baseline -0.004 -8.209"><span class='ocrx_word' id='word_1_187' title='bbox 53 2050 184 2086; x_wconf 69' lang='lat' dir='ltr'><strong>adhibet</strong></span> <span class='ocrx_word' id='word_1_188' title='bbox 204 2053 302 2084; x_wconf 80' lang='lat' dir='ltr'><strong>deum</strong></span> <span class='ocrx_word' id='word_1_189' title='bbox 323 2050 543 2093; x_wconf 81' lang='lat' dir='ltr'><strong>explicantur</strong></span> <span class='ocrx_word' id='word_1_190' title='bbox 565 2051 748 2091; x_wconf 90' lang='lat' dir='ltr'><strong>sequenti-</strong></span> 
     </span>
     <span class='ocr_line' id='line_1_38' title="bbox 0 2100 749 2142; baseline -0.005 -8"><span class='ocrx_word' id='word_1_191' title='bbox 0 2112 17 2129; x_wconf 57' lang='lat' dir='ltr'><strong>=r</strong></span> <span class='ocrx_word' id='word_1_192' title='bbox 53 2102 135 2134; x_wconf 87' lang='lat' dir='ltr'><strong>bus.</strong></span> <span class='ocrx_word' id='word_1_193' title='bbox 158 2102 253 2142; x_wconf 81' lang='lat' dir='ltr'><strong>virg.</strong></span> <span class='ocrx_word' id='word_1_194' title='bbox 276 2102 364 2134; x_wconf 81' lang='lat' dir='ltr'><strong>Aen.</strong></span> <span class='ocrx_word' id='word_1_195' title='bbox 380 2101 417 2140; x_wconf 88' lang='lat'><strong>5,</strong></span> <span class='ocrx_word' id='word_1_196' title='bbox 442 2101 506 2132; x_wconf 71' lang='lat'><strong>62:</strong></span> <span class='ocrx_word' id='word_1_197' title='bbox 531 2100 678 2131; x_wconf 79' lang='lat' dir='ltr'><strong>adhibete</strong></span> <span class='ocrx_word' id='word_1_198' title='bbox 691 2101 749 2131; x_wconf 84' lang='lat' dir='ltr'><strong>Pe-</strong></span> 
     </span>
     <span class='ocr_line' id='line_1_39' title="bbox 0 2142 749 2191; baseline -0.004 -8"><span class='ocrx_word' id='word_1_199' title='bbox 0 2142 13 2187; x_wconf 68' lang='grc' dir='ltr'>Ξ</span> <span class='ocrx_word' id='word_1_200' title='bbox 51 2154 146 2183; x_wconf 70' lang='lat' dir='ltr'><strong>nates</strong></span> <span class='ocrx_word' id='word_1_201' title='bbox 171 2151 215 2183; x_wconf 78' lang='lat' dir='ltr'><strong>Et</strong></span> <span class='ocrx_word' id='word_1_202' title='bbox 237 2151 370 2191; x_wconf 72' lang='lat' dir='ltr'><strong>patrios</strong></span> <span class='ocrx_word' id='word_1_203' title='bbox 391 2150 496 2190; x_wconf 76' lang='lat' dir='ltr'><strong>epulis</strong></span> <span class='ocrx_word' id='word_1_204' title='bbox 516 2152 547 2181; x_wconf 77' lang='lat' dir='ltr'><strong>el</strong></span> <span class='ocrx_word' id='word_1_205' title='bbox 569 2158 651 2189; x_wconf 80' lang='lat' dir='ltr'><strong>quos</strong></span> <span class='ocrx_word' id='word_1_206' title='bbox 672 2149 749 2180; x_wconf 73' lang='lat' dir='ltr'><strong>colit</strong></span> 
     </span>
     <span class='ocr_line' id='line_1_40' title="bbox 16 2188 747 2242; baseline -0.005 -9"><span class='ocrx_word' id='word_1_207' title='bbox 16 2188 167 2240; x_wconf 51' lang='lat' dir='ltr'><strong>Laome</strong></span> <span class='ocrx_word' id='word_1_208' title='bbox 186 2200 325 2232; x_wconf 62' lang='lat' dir='ltr'><strong>Acestes.</strong></span> <span class='ocrx_word' id='word_1_209' title='bbox 370 2200 423 2231; x_wconf 85' lang='lat' dir='ltr'><strong>ne</strong></span> <span class='ocrx_word' id='word_1_210' title='bbox 454 2197 572 2239; x_wconf 75' lang='lat' dir='ltr'><strong>sigillis</strong></span> <span class='ocrx_word' id='word_1_211' title='bbox 594 2197 747 2242; x_wconf 71' lang='grc' dir='ltr'><strong><em>ἐπιτρα-</em></strong></span> 
     </span>
     <span class='ocr_line' id='line_1_41' title="bbox 54 2246 745 2291; baseline -0.003 -9"><span class='ocrx_word' id='word_1_212' title='bbox 54 2250 195 2291; x_wconf 70' lang='grc' dir='ltr'><strong><em>πεζίοις</em></strong></span> <span class='ocrx_word' id='word_1_213' title='bbox 222 2248 367 2289; x_wconf 77' lang='lat' dir='ltr'><strong>Augusti</strong></span> <span class='ocrx_word' id='word_1_214' title='bbox 395 2248 445 2288; x_wconf 91' lang='lat' dir='ltr'><strong>(ut</strong></span> <span class='ocrx_word' id='word_1_215' title='bbox 473 2249 550 2279; x_wconf 89' lang='lat' dir='ltr'><strong>erat</strong></span> <span class='ocrx_word' id='word_1_216' title='bbox 576 2246 745 2280; x_wconf 88' lang='lat' dir='ltr'><strong>Hercules</strong></span> 
     </span>
     <span class='ocr_line' id='line_1_42' title="bbox 26 2296 744 2341; baseline -0.006 -9"><span class='ocrx_word' id='word_1_217' title='bbox 26 2324 29 2326; x_wconf 82' lang='lat'><em>-</em></span> <span class='ocrx_word' id='word_1_218' title='bbox 53 2299 288 2341; x_wconf 85' lang='lat' dir='ltr'><strong>epitrapezius</strong></span> <span class='ocrx_word' id='word_1_219' title='bbox 314 2296 469 2329; x_wconf 71' lang='lat' dir='ltr'><strong>Vindicis</strong></span> <span class='ocrx_word' id='word_1_220' title='bbox 496 2297 580 2328; x_wconf 88' lang='lat' dir='ltr'><strong>Stat.</strong></span> <span class='ocrx_word' id='word_1_221' title='bbox 606 2296 686 2329; x_wconf 91' lang='lat' dir='ltr'><strong>Silv.</strong></span> <span class='ocrx_word' id='word_1_222' title='bbox 712 2296 744 2336; x_wconf 75' lang='lat'><strong>4,</strong></span> 
     </span>
     <span class='ocr_line' id='line_1_43' title="bbox 26 2346 747 2389; baseline -0.008 -7"><span class='ocrx_word' id='word_1_223' title='bbox 26 2365 31 2372; x_wconf 87' lang='lat'><em>-</em></span> <span class='ocrx_word' id='word_1_224' title='bbox 53 2348 93 2389; x_wconf 84' lang='lat'><strong>6,</strong></span> <span class='ocrx_word' id='word_1_225' title='bbox 116 2347 176 2380; x_wconf 78' lang='lat'><strong>32:</strong></span> <span class='ocrx_word' id='word_1_226' title='bbox 199 2347 302 2388; x_wconf 76' lang='lat' dir='ltr'><strong>festae</strong></span> <span class='ocrx_word' id='word_1_227' title='bbox 324 2346 446 2378; x_wconf 72' lang='lat' dir='ltr'><strong>Genius</strong></span> <span class='ocrx_word' id='word_1_228' title='bbox 467 2346 633 2385; x_wconf 73' lang='lat' dir='ltr'><strong>tutelaqiae</strong></span> <span class='ocrx_word' id='word_1_229' title='bbox 651 2354 747 2377; x_wconf 83' lang='lat' dir='ltr'><strong>men-</strong></span> 
     </span>
     <span class='ocr_line' id='line_1_44' title="bbox 6 2393 745 2445; baseline -0.005 -15"><span class='ocrx_word' id='word_1_230' title='bbox 6 2406 20 2445; x_wconf 67' lang='grc' dir='ltr'><em>ξ</em></span> <span class='ocrx_word' id='word_1_231' title='bbox 47 2396 142 2438; x_wconf 68' lang='grc' dir='ltr'><strong>ωε.)</strong></span> <span class='ocrx_word' id='word_1_232' title='bbox 164 2395 260 2438; x_wconf 90' lang='lat' dir='ltr'><strong>apud</strong></span> <span class='ocrx_word' id='word_1_233' title='bbox 280 2395 431 2427; x_wconf 88' lang='lat' dir='ltr'><strong>rusticos</strong></span> <span class='ocrx_word' id='word_1_234' title='bbox 451 2393 559 2426; x_wconf 90' lang='lat' dir='ltr'><strong>nolim</strong></span> <span class='ocrx_word' id='word_1_235' title='bbox 578 2394 745 2435; x_wconf 89' lang='lat' dir='ltr'><strong>equidem</strong></span> 
     </span>
     <span class='ocr_line' id='line_1_45' title="bbox 7 2445 424 2488; baseline -0.01 -8"><span class='ocrx_word' id='word_1_236' title='bbox 7 2447 28 2488; x_wconf 58' lang='grc' dir='ltr'><strong>ἕξ</strong></span> <span class='ocrx_word' id='word_1_237' title='bbox 53 2454 136 2479; x_wconf 76' lang='lat' dir='ltr'><strong>cum</strong></span> <span class='ocrx_word' id='word_1_238' title='bbox 158 2445 234 2478; x_wconf 87' lang='lat' dir='ltr'><strong>aliis</strong></span> <span class='ocrx_word' id='word_1_239' title='bbox 256 2445 424 2485; x_wconf 85' lang='lat' dir='ltr'><strong>cogitare.</strong></span> 
     </span>
     <span class='ocr_line' id='line_1_46' title="bbox 15 2490 747 2534; baseline -0.01 -4"><span class='ocrx_word' id='word_1_240' title='bbox 15 2490 31 2503; x_wconf 77' lang='lat'><em>‘</em></span> <span class='ocrx_word' id='word_1_241' title='bbox 97 2495 214 2528; x_wconf 80' lang='lat'><strong>33—36.</strong></span> <span class='ocrx_word' id='word_1_242' title='bbox 236 2494 449 2534; x_wconf 69' lang='lat' dir='ltr'><strong>prosequitur</strong></span> <span class='ocrx_word' id='word_1_243' title='bbox 469 2492 571 2533; x_wconf 86' lang='lat' dir='ltr'><strong>mero]</strong></span> <span class='ocrx_word' id='word_1_244' title='bbox 595 2493 637 2526; x_wconf 87' lang='lat' dir='ltr'><strong>Ut</strong></span> <span class='ocrx_word' id='word_1_245' title='bbox 658 2492 747 2524; x_wconf 92' lang='lat' dir='ltr'><strong>dici-</strong></span> 
     </span>
     <span class='ocr_line' id='line_1_47' title="bbox 12 2542 745 2582; baseline -0.003 -5"><span class='ocrx_word' id='word_1_246' title='bbox 12 2543 23 2568; x_wconf 50' lang='lat'><em>?</em></span> <span class='ocrx_word' id='word_1_247' title='bbox 54 2552 136 2577; x_wconf 87' lang='lat' dir='ltr'><strong>mus</strong></span> <span class='ocrx_word' id='word_1_248' title='bbox 158 2542 360 2582; x_wconf 77' lang='lat' dir='ltr'><strong>«laudibus,</strong></span> <span class='ocrx_word' id='word_1_249' title='bbox 383 2543 630 2581; x_wconf 85' lang='lat' dir='ltr'><strong>veneratione,</strong></span> <span class='ocrx_word' id='word_1_250' title='bbox 653 2542 745 2575; x_wconf 80' lang='lat' dir='ltr'><strong>votis</strong></span> 
     </span>
     <span class='ocr_line' id='line_1_48' title="bbox 15 2590 745 2634; baseline -0.005 -8"><span class='ocrx_word' id='word_1_251' title='bbox 15 2590 17 2592; x_wconf 69' lang='grc'><strong>’</strong></span> <span class='ocrx_word' id='word_1_252' title='bbox 42 2591 208 2634; x_wconf 56' lang='lat' dir='ltr'><strong>‘aliquem</strong></span> <span class='ocrx_word' id='word_1_253' title='bbox 230 2592 430 2633; x_wconf 73' lang='lat' dir='ltr'><strong>prosequi»,</strong></span> <span class='ocrx_word' id='word_1_254' title='bbox 460 2592 510 2623; x_wconf 89' lang='lat' dir='ltr'><strong>sic</strong></span> <span class='ocrx_word' id='word_1_255' title='bbox 536 2591 572 2623; x_wconf 92' lang='lat' dir='ltr'><strong>h.</strong></span> <span class='ocrx_word' id='word_1_256' title='bbox 597 2590 620 2623; x_wconf 92' lang='lat' dir='ltr'><strong>l.</strong></span> <span class='ocrx_word' id='word_1_257' title='bbox 645 2599 745 2623; x_wconf 88' lang='lat' dir='ltr'><strong>mero</strong></span> 
     </span>
     <span class='ocr_line' id='line_1_49' title="bbox 54 2641 746 2682; baseline -0.004 -6"><span class='ocrx_word' id='word_1_258' title='bbox 54 2644 92 2675; x_wconf 84' lang='lat' dir='ltr'><strong>et</strong></span> <span class='ocrx_word' id='word_1_259' title='bbox 105 2642 280 2676; x_wconf 83' lang='lat' dir='ltr'><strong>libationis</strong></span> <span class='ocrx_word' id='word_1_260' title='bbox 295 2642 442 2674; x_wconf 87' lang='lat' dir='ltr'><strong>bonore.</strong></span> <span class='ocrx_word' id='word_1_261' title='bbox 459 2641 521 2674; x_wconf 89' lang='lat' dir='ltr'><strong>Est</strong></span> <span class='ocrx_word' id='word_1_262' title='bbox 535 2649 635 2682; x_wconf 88' lang='lat' dir='ltr'><strong>ergo:</strong></span> <span class='ocrx_word' id='word_1_263' title='bbox 655 2649 746 2673; x_wconf 79' lang='lat' dir='ltr'><strong>«una</strong></span> 
     </span>
     <span class='ocr_line' id='line_1_50' title="bbox 541 2700 709 2731; baseline -0.012 -1"><span class='ocrx_word' id='word_1_264' title='bbox 541 2708 642 2731; x_wconf 70' lang='lat' dir='ltr'><strong>:anon</strong></span> <span class='ocrx_word' id='word_1_265' title='bbox 664 2700 709 2729; x_wconf 86' lang='lat' dir='ltr'><strong>m.</strong></span> 
     </span>
    </p>
   </div>
   <div class='ocr_carea' id='block_1_15' title="bbox 0 2212 33 2554">
    <p class='ocr_par' dir='ltr' id='par_1_15' title="bbox 0 2212 33 2554">
     <span class='ocr_line' id='line_1_51' title="bbox 0 2212 33 2554; baseline 0 350"><span class='ocrx_word' id='word_1_266' title='bbox 0 2212 33 2554; x_wconf 95' lang='lat' dir='ltr'><strong> </strong></span> 
     </span>
    </p>
   </div>
   <div class='ocr_carea' id='block_1_16' title="bbox 166 2702 517 2732">
    <p class='ocr_par' dir='ltr' id='par_1_16' title="bbox 166 2702 517 2732">
     <span class='ocr_line' id='line_1_52' title="bbox 166 2702 517 2732; baseline 0 -1"><span class='ocrx_word' id='word_1_267' title='bbox 166 2702 288 2732; x_wconf 73' lang='lat' dir='ltr'><strong>Hom-r.</strong></span> <span class='ocrx_word' id='word_1_268' title='bbox 312 2710 383 2732; x_wconf 72' lang='lat' dir='ltr'><strong>vot..</strong></span> <span class='ocrx_word' id='word_1_269' title='bbox 402 2703 424 2731; x_wconf 83' lang='grc' dir='ltr'><strong>Ι.</strong></span> <span class='ocrx_word' id='word_1_270' title='bbox 467 2710 517 2732; x_wconf 80' lang='lat' dir='ltr'><strong>izo.</strong></span> 
     </span>
    </p>
   </div>
   <div class='ocr_carea' id='block_1_17' title="bbox 793 1064 1495 1667">
    <p class='ocr_par' dir='ltr' id='par_1_17' title="bbox 793 1064 1495 1651">
     <span class='ocr_line' id='line_1_53' title="bbox 796 1064 1494 1101; baseline 0.007 -5"><span class='ocrx_word' id='word_1_271' title='bbox 796 1073 879 1096; x_wconf 90' lang='lat' dir='ltr'><strong>cum</strong></span> <span class='ocrx_word' id='word_1_272' title='bbox 901 1064 1050 1097; x_wconf 82' lang='lat' dir='ltr'><strong>Laribus</strong></span> <span class='ocrx_word' id='word_1_273' title='bbox 1078 1065 1152 1098; x_wconf 87' lang='lat' dir='ltr'><strong>suis</strong></span> <span class='ocrx_word' id='word_1_274' title='bbox 1180 1066 1215 1098; x_wconf 87' lang='lat' dir='ltr'><strong>te</strong></span> <span class='ocrx_word' id='word_1_275' title='bbox 1237 1068 1428 1099; x_wconf 82' lang='lat' dir='ltr'><strong>veneratur</strong></span> <span class='ocrx_word' id='word_1_276' title='bbox 1449 1077 1494 1101; x_wconf 82' lang='lat' dir='ltr'><strong>ac</strong></span> 
     </span>
     <span class='ocr_line' id='line_1_54' title="bbox 794 1115 1490 1154; baseline 0.007 -9"><span class='ocrx_word' id='word_1_277' title='bbox 794 1122 923 1154; x_wconf 87' lang='lat' dir='ltr'><strong>pacem</strong></span> <span class='ocrx_word' id='word_1_278' title='bbox 945 1117 1044 1147; x_wconf 88' lang='lat' dir='ltr'><strong>tuam</strong></span> <span class='ocrx_word' id='word_1_279' title='bbox 1066 1115 1240 1147; x_wconf 74' lang='lat' dir='ltr'><strong>invocat.»</strong></span> <span class='ocrx_word' id='word_1_280' title='bbox 1272 1116 1373 1149; x_wconf 87' lang='lat' dir='ltr'><strong>ovid.</strong></span> <span class='ocrx_word' id='word_1_281' title='bbox 1398 1118 1490 1150; x_wconf 83' lang='lat' dir='ltr'><strong>Fast.</strong></span> 
     </span>
     <span class='ocr_line' id='line_1_55' title="bbox 795 1163 1493 1207; baseline 0.006 -13"><span class='ocrx_word' id='word_1_282' title='bbox 795 1163 835 1202; x_wconf 79' lang='lat'><strong>2,</strong></span> <span class='ocrx_word' id='word_1_283' title='bbox 860 1163 941 1195; x_wconf 74' lang='lat'><strong>63⁴:</strong></span> <span class='ocrx_word' id='word_1_284' title='bbox 974 1163 1151 1205; x_wconf 88' lang='lat' dir='ltr'><strong>(Caristiis)</strong></span> <span class='ocrx_word' id='word_1_285' title='bbox 1174 1165 1219 1197; x_wconf 76' lang='lat' dir='ltr'><strong>Et</strong></span> <span class='ocrx_word' id='word_1_286' title='bbox 1245 1165 1346 1197; x_wconf 71' lang='lat' dir='ltr'><strong>libate</strong></span> <span class='ocrx_word' id='word_1_287' title='bbox 1373 1167 1493 1207; x_wconf 75' lang='lat' dir='ltr'><strong>dapes,</strong></span> 
     </span>
     <span class='ocr_line' id='line_1_56' title="bbox 794 1213 1495 1255; baseline 0.007 -12"><span class='ocrx_word' id='word_1_288' title='bbox 794 1216 832 1244; x_wconf 78' lang='lat' dir='ltr'><strong>ut</strong></span> <span class='ocrx_word' id='word_1_289' title='bbox 844 1213 944 1255; x_wconf 64' lang='lat' dir='ltr'><strong>,qratt&#39;</strong></span> <span class='ocrx_word' id='word_1_290' title='bbox 966 1214 1091 1254; x_wconf 65' lang='lat' dir='ltr'><strong>pignus</strong></span> <span class='ocrx_word' id='word_1_291' title='bbox 1116 1214 1251 1246; x_wconf 70' lang='lat' dir='ltr'><strong>horiens</strong></span> <span class='ocrx_word' id='word_1_292' title='bbox 1273 1215 1413 1247; x_wconf 64' lang='grc' dir='ltr'><strong>Ναίν-ἰαί</strong></span> <span class='ocrx_word' id='word_1_293' title='bbox 1439 1217 1495 1248; x_wconf 76' lang='lat' dir='ltr'><strong>in-</strong></span> 
     </span>
     <span class='ocr_line' id='line_1_57' title="bbox 794 1262 1494 1304; baseline 0.006 -11"><span class='ocrx_word' id='word_1_294' title='bbox 794 1262 918 1293; x_wconf 78' lang='lat' dir='ltr'><strong>cinctos</strong></span> <span class='ocrx_word' id='word_1_295' title='bbox 937 1263 1040 1293; x_wconf 78' lang='lat' dir='ltr'><strong>missa</strong></span> <span class='ocrx_word' id='word_1_296' title='bbox 1056 1263 1185 1302; x_wconf 77' lang='lat' dir='ltr'><strong>patella</strong></span> <span class='ocrx_word' id='word_1_297' title='bbox 1198 1264 1313 1295; x_wconf 79' lang='lat' dir='ltr'><strong>Lares.</strong></span> <span class='ocrx_word' id='word_1_298' title='bbox 1355 1265 1494 1304; x_wconf 72' lang='lat' dir='ltr'><strong>Imque</strong></span> 
     </span>
     <span class='ocr_line' id='line_1_58' title="bbox 794 1310 1495 1352; baseline 0.007 -11"><span class='ocrx_word' id='word_1_299' title='bbox 794 1310 851 1342; x_wconf 75' lang='lat' dir='ltr'><strong>ubi</strong></span> <span class='ocrx_word' id='word_1_300' title='bbox 887 1310 1036 1342; x_wconf 70' lang='lat' dir='ltr'><strong>suadebit</strong></span> <span class='ocrx_word' id='word_1_301' title='bbox 1068 1312 1220 1352; x_wconf 79' lang='lat' dir='ltr'><strong>placidos</strong></span> <span class='ocrx_word' id='word_1_302' title='bbox 1254 1322 1325 1344; x_wconf 77' lang='lat' dir='ltr'><strong>naz·</strong></span> <span class='ocrx_word' id='word_1_303' title='bbox 1357 1314 1495 1346; x_wconf 74' lang='lat' dir='ltr'><strong>humida</strong></span> 
     </span>
     <span class='ocr_line' id='line_1_59' title="bbox 794 1361 1493 1402; baseline 0.006 -11"><span class='ocrx_word' id='word_1_304' title='bbox 794 1368 942 1399; x_wconf 77' lang='lat' dir='ltr'><strong>somnos,</strong></span> <span class='ocrx_word' id='word_1_305' title='bbox 957 1361 1074 1402; x_wconf 72' lang='lat' dir='ltr'><strong>Larya</strong></span> <span class='ocrx_word' id='word_1_306' title='bbox 1091 1362 1266 1401; x_wconf 68' lang='lat' dir='ltr'><strong>precatur-i·</strong></span> <span class='ocrx_word' id='word_1_307' title='bbox 1281 1363 1398 1395; x_wconf 73' lang='lat' dir='ltr'><strong>sumite</strong></span> <span class='ocrx_word' id='word_1_308' title='bbox 1411 1364 1493 1395; x_wconf 79' lang='lat' dir='ltr'><strong>vina</strong></span> 
     </span>
     <span class='ocr_line' id='line_1_60' title="bbox 793 1410 1495 1451; baseline 0.009 -12"><span class='ocrx_word' id='word_1_309' title='bbox 793 1417 900 1440; x_wconf 80' lang='lat' dir='ltr'><strong>manu</strong></span> <span class='ocrx_word' id='word_1_310' title='bbox 925 1410 1003 1449; x_wconf 50' lang='lat' dir='ltr'><strong>Ek.—</strong></span> <span class='ocrx_word' id='word_1_311' title='bbox 1023 1410 1110 1442; x_wconf 85' lang='lat' dir='ltr'><strong>Bene</strong></span> <span class='ocrx_word' id='word_1_312' title='bbox 1137 1419 1197 1442; x_wconf 83' lang='lat' dir='ltr'><strong>nos</strong></span> <span class='ocrx_word' id='word_1_313' title='bbox 1227 1412 1380 1451; x_wconf 74' lang='lat' dir='ltr'><strong>Patriae,</strong></span> <span class='ocrx_word' id='word_1_314' title='bbox 1414 1412 1495 1445; x_wconf 79' lang='lat' dir='ltr'><strong>bene</strong></span> 
     </span>
     <span class='ocr_line' id='line_1_61' title="bbox 794 1458 1494 1503; baseline 0.006 -14"><span class='ocrx_word' id='word_1_315' title='bbox 794 1461 842 1497; x_wconf 78' lang='lat' dir='ltr'><strong>te,</strong></span> <span class='ocrx_word' id='word_1_316' title='bbox 865 1458 983 1498; x_wconf 76' lang='lat' dir='ltr'><strong>Pater,</strong></span> <span class='ocrx_word' id='word_1_317' title='bbox 1000 1460 1122 1499; x_wconf 72' lang='lat' dir='ltr'><strong>optime</strong></span> <span class='ocrx_word' id='word_1_318' title='bbox 1136 1460 1277 1500; x_wconf 78' lang='lat' dir='ltr'><strong>Caesar,</strong></span> <span class='ocrx_word' id='word_1_319' title='bbox 1303 1461 1411 1493; x_wconf 74' lang='lat' dir='ltr'><strong>Dicite</strong></span> <span class='ocrx_word' id='word_1_320' title='bbox 1423 1463 1494 1503; x_wconf 72' lang='lat' dir='ltr'><strong>sus-</strong></span> 
     </span>
     <span class='ocr_line' id='line_1_62' title="bbox 794 1508 1491 1551; baseline 0.006 -12"><span class='ocrx_word' id='word_1_321' title='bbox 794 1508 868 1548; x_wconf 70' lang='lat' dir='ltr'><strong>fuso</strong></span> <span class='ocrx_word' id='word_1_322' title='bbox 886 1517 951 1547; x_wconf 82' lang='lat' dir='ltr'><strong>per</strong></span> <span class='ocrx_word' id='word_1_323' title='bbox 972 1509 1197 1541; x_wconf 83' lang='lat' dir='ltr'><strong>sacra-verba</strong></span> <span class='ocrx_word' id='word_1_324' title='bbox 1217 1519 1321 1542; x_wconf 77' lang='lat' dir='ltr'><strong>mero.</strong></span> <span class='ocrx_word' id='word_1_325' title='bbox 1354 1511 1420 1543; x_wconf 91' lang='lat' dir='ltr'><strong>Dio</strong></span> <span class='ocrx_word' id='word_1_326' title='bbox 1436 1512 1491 1551; x_wconf 75' lang='lat'><strong>54,</strong></span> 
     </span>
     <span class='ocr_line' id='line_1_63' title="bbox 798 1558 1495 1602; baseline 0.007 -14"><span class='ocrx_word' id='word_1_327' title='bbox 798 1558 851 1589; x_wconf 76' lang='grc'><strong>49.</strong></span> <span class='ocrx_word' id='word_1_328' title='bbox 867 1559 949 1598; x_wconf 89' lang='lat' dir='ltr'><strong>post</strong></span> <span class='ocrx_word' id='word_1_329' title='bbox 963 1566 1119 1598; x_wconf 86' lang='lat' dir='ltr'><strong>pugnam</strong></span> <span class='ocrx_word' id='word_1_330' title='bbox 1134 1559 1332 1591; x_wconf 80' lang='lat' dir='ltr'><strong>Actiacam:</strong></span> <span class='ocrx_word' id='word_1_331' title='bbox 1354 1559 1396 1592; x_wconf 82' lang='grc' dir='ltr'><strong>ἐν</strong></span> <span class='ocrx_word' id='word_1_332' title='bbox 1410 1563 1495 1602; x_wconf 85' lang='grc' dir='ltr'><strong><em>τοῖς</em></strong></span> 
     </span>
     <span class='ocr_line' id='line_1_64' title="bbox 796 1602 1492 1667; baseline 0.004 -28"><span class='ocrx_word' id='word_1_333' title='bbox 796 1607 1027 1665; x_wconf 80' lang='grc' dir='ltr'><strong><em>συσσιτίοις,</em></strong></span> <span class='ocrx_word' id='word_1_334' title='bbox 1052 1602 1126 1645; x_wconf 77' lang='grc' dir='ltr'><strong>οὐχ</strong></span> <span class='ocrx_word' id='word_1_335' title='bbox 1150 1603 1211 1639; x_wconf 85' lang='grc' dir='ltr'><strong>ὅτι</strong></span> <span class='ocrx_word' id='word_1_336' title='bbox 1225 1611 1309 1648; x_wconf 77' lang='grc' dir='ltr'><strong><em>τοῖς</em></strong></span> <span class='ocrx_word' id='word_1_337' title='bbox 1331 1613 1492 1667; x_wconf 44' lang='grc' dir='ltr'><strong><em>κοινοῖς,</em></strong></span> 
     </span>
    </p>
   </div>
   <div class='ocr_carea' id='block_1_18' title="bbox 796 1652 1566 1704">
    <p class='ocr_par' dir='ltr' id='par_1_18' title="bbox 796 1652 1566 1704">
     <span class='ocr_line' id='line_1_65' title="bbox 796 1652 1566 1704; baseline 0.006 -17"><span class='ocrx_word' id='word_1_338' title='bbox 796 1652 894 1687; x_wconf 83' lang='grc' dir='ltr'><strong><em>ἀλλὰ</em></strong></span> <span class='ocrx_word' id='word_1_339' title='bbox 916 1656 981 1687; x_wconf 85' lang='grc' dir='ltr'><strong>καὶ</strong></span> <span class='ocrx_word' id='word_1_340' title='bbox 1000 1659 1084 1696; x_wconf 81' lang='grc' dir='ltr'><strong><em>τοῖς</em></strong></span> <span class='ocrx_word' id='word_1_341' title='bbox 1105 1654 1215 1697; x_wconf 81' lang='grc' dir='ltr'><strong><em>ἰδίοις</em></strong></span> <span class='ocrx_word' id='word_1_342' title='bbox 1228 1654 1375 1698; x_wconf 78' lang='grc' dir='ltr'><strong><em>πάντας</em></strong></span> <span class='ocrx_word' id='word_1_343' title='bbox 1388 1655 1493 1704; x_wconf 78' lang='grc' dir='ltr'><strong>αὗτῷ</strong></span> <span class='ocrx_word' id='word_1_344' title='bbox 1555 1687 1566 1691; x_wconf 79' lang='grc'><strong>-</strong></span> 
     </span>
    </p>
   </div>
   <div class='ocr_carea' id='block_1_19' title="bbox 794 1702 1495 2681">
    <p class='ocr_par' dir='ltr' id='par_1_19' title="bbox 794 1702 1495 2681">
     <span class='ocr_line' id='line_1_66' title="bbox 797 1702 1495 1750; baseline 0.007 -13"><span class='ocrx_word' id='word_1_345' title='bbox 797 1704 971 1738; x_wconf 78' lang='grc' dir='ltr'><strong><em>σπένδειν</em></strong></span> <span class='ocrx_word' id='word_1_346' title='bbox 1003 1703 1227 1745; x_wconf 79' lang='grc' dir='ltr'><strong><em>ἐκέλευσαν,</em></strong></span> <span class='ocrx_word' id='word_1_347' title='bbox 1261 1702 1303 1747; x_wconf 77' lang='grc' dir='ltr'><strong>ἔς</strong></span> <span class='ocrx_word' id='word_1_348' title='bbox 1329 1717 1370 1739; x_wconf 83' lang='grc' dir='ltr'><strong>τε</strong></span> <span class='ocrx_word' id='word_1_349' title='bbox 1402 1707 1495 1750; x_wconf 74' lang='grc' dir='ltr'><strong><em>τοὺς</em></strong></span> 
     </span>
     <span class='ocr_line' id='line_1_67' title="bbox 798 1750 1495 1800; baseline 0.003 -12"><span class='ocrx_word' id='word_1_350' title='bbox 798 1751 944 1797; x_wconf 77' lang='grc' dir='ltr'><strong><em>ὕανους</em></strong></span> <span class='ocrx_word' id='word_1_351' title='bbox 966 1750 1085 1786; x_wconf 80' lang='grc' dir='ltr'><strong><em>αὖτὸν</em></strong></span> <span class='ocrx_word' id='word_1_352' title='bbox 1107 1753 1191 1796; x_wconf 71' lang='grc' dir='ltr'><strong>ἐξ’</strong></span> <span class='ocrx_word' id='word_1_353' title='bbox 1172 1765 1260 1787; x_wconf 75' lang='lat' dir='ltr'><strong>acron</strong></span> <span class='ocrx_word' id='word_1_354' title='bbox 1283 1759 1365 1797; x_wconf 80' lang='grc' dir='ltr'><strong><em>τοῖς</em></strong></span> <span class='ocrx_word' id='word_1_355' title='bbox 1386 1757 1495 1800; x_wconf 79' lang='grc' dir='ltr'><strong><em>θεοῖς</em></strong></span> 
     </span>
     <span class='ocr_line' id='line_1_68' title="bbox 796 1802 1495 1850; baseline 0.006 -13"><span class='ocrx_word' id='word_1_356' title='bbox 796 1802 1069 1850; x_wconf 80' lang='grc' dir='ltr'><strong><em>ἐγγράφεσθαι.</em></strong></span> <span class='ocrx_word' id='word_1_357' title='bbox 1102 1806 1191 1836; x_wconf 81' lang='lat' dir='ltr'><strong>Non</strong></span> <span class='ocrx_word' id='word_1_358' title='bbox 1202 1806 1258 1836; x_wconf 92' lang='lat' dir='ltr'><strong>est</strong></span> <span class='ocrx_word' id='word_1_359' title='bbox 1279 1806 1384 1846; x_wconf 84' lang='lat' dir='ltr'><strong>igitur</strong></span> <span class='ocrx_word' id='word_1_360' title='bbox 1403 1817 1495 1841; x_wconf 72' lang='lat' dir='ltr'><strong>vana</strong></span> 
     </span>
     <span class='ocr_line' id='line_1_69' title="bbox 796 1853 1495 1896; baseline 0.004 -11"><span class='ocrx_word' id='word_1_361' title='bbox 796 1853 961 1886; x_wconf 88' lang='lat' dir='ltr'><strong>adulatio.</strong></span> <span class='ocrx_word' id='word_1_362' title='bbox 1000 1871 1037 1876; x_wconf 97' lang='lat'><strong>—</strong></span> <span class='ocrx_word' id='word_1_363' title='bbox 1070 1853 1206 1894; x_wconf 78' lang='lat' dir='ltr'><strong>Defuso]</strong></span> <span class='ocrx_word' id='word_1_364' title='bbox 1240 1863 1274 1886; x_wconf 85' lang='lat' dir='ltr'><strong>v.</strong></span> <span class='ocrx_word' id='word_1_365' title='bbox 1310 1857 1495 1896; x_wconf 85' lang='lat' dir='ltr'><strong>proprium</strong></span> 
     </span>
     <span class='ocr_line' id='line_1_70' title="bbox 797 1901 1492 1947; baseline 0.004 -12"><span class='ocrx_word' id='word_1_366' title='bbox 797 1904 842 1935; x_wconf 92' lang='lat' dir='ltr'><strong>de</strong></span> <span class='ocrx_word' id='word_1_367' title='bbox 864 1902 1101 1935; x_wconf 89' lang='lat' dir='ltr'><strong>libationibus.</strong></span> <span class='ocrx_word' id='word_1_368' title='bbox 1137 1901 1253 1935; x_wconf 90' lang='lat' dir='ltr'><strong>Valer.</strong></span> <span class='ocrx_word' id='word_1_369' title='bbox 1277 1904 1368 1936; x_wconf 78' lang='lat' dir='ltr'><strong>Max.</strong></span> <span class='ocrx_word' id='word_1_370' title='bbox 1389 1906 1428 1944; x_wconf 72' lang='lat'><strong>2,</strong></span> <span class='ocrx_word' id='word_1_371' title='bbox 1454 1907 1492 1947; x_wconf 85' lang='lat'><strong>6,</strong></span> 
     </span>
     <span class='ocr_line' id='line_1_71' title="bbox 796 1951 1491 1993; baseline 0.004 -8"><span class='ocrx_word' id='word_1_372' title='bbox 796 1954 836 1985; x_wconf 88' lang='lat'><strong>8:</strong></span> <span class='ocrx_word' id='word_1_373' title='bbox 863 1953 943 1984; x_wconf 86' lang='lat' dir='ltr'><strong>Tum</strong></span> <span class='ocrx_word' id='word_1_374' title='bbox 965 1951 1086 1993; x_wconf 73' lang='lat' dir='ltr'><strong>defusis</strong></span> <span class='ocrx_word' id='word_1_375' title='bbox 1106 1952 1274 1983; x_wconf 77' lang='lat' dir='ltr'><strong>Mercurio</strong></span> <span class='ocrx_word' id='word_1_376' title='bbox 1296 1953 1491 1988; x_wconf 76' lang='lat' dir='ltr'><strong>libamentis.</strong></span> 
     </span>
     <span class='ocr_line' id='line_1_72' title="bbox 795 2000 1495 2036; baseline 0.004 -3"><span class='ocrx_word' id='word_1_377' title='bbox 795 2002 835 2033; x_wconf 91' lang='lat' dir='ltr'><strong>In</strong></span> <span class='ocrx_word' id='word_1_378' title='bbox 868 2000 987 2033; x_wconf 89' lang='lat' dir='ltr'><strong>multis</strong></span> <span class='ocrx_word' id='word_1_379' title='bbox 1022 2000 1133 2032; x_wconf 93' lang='lat' dir='ltr'><strong>Codd.</strong></span> <span class='ocrx_word' id='word_1_380' title='bbox 1168 2000 1401 2034; x_wconf 86' lang='lat' dir='ltr'><strong>substitutum</strong></span> <span class='ocrx_word' id='word_1_381' title='bbox 1438 2006 1495 2036; x_wconf 91' lang='lat' dir='ltr'><strong>est</strong></span> 
     </span>
     <span class='ocr_line' id='line_1_73' title="bbox 796 2049 1494 2091; baseline 0.003 -9"><span class='ocrx_word' id='word_1_382' title='bbox 796 2051 913 2082; x_wconf 91' lang='lat' dir='ltr'><strong>notius</strong></span> <span class='ocrx_word' id='word_1_383' title='bbox 946 2049 1098 2082; x_wconf 84' lang='lat' dir='ltr'><strong>verbum</strong></span> <span class='ocrx_word' id='word_1_384' title='bbox 1129 2050 1270 2090; x_wconf 71' lang='lat' dir='ltr'><strong>diffuso,</strong></span> <span class='ocrx_word' id='word_1_385' title='bbox 1307 2051 1404 2091; x_wconf 87' lang='lat' dir='ltr'><strong>quod</strong></span> <span class='ocrx_word' id='word_1_386' title='bbox 1438 2055 1494 2085; x_wconf 89' lang='lat' dir='ltr'><strong>est</strong></span> 
     </span>
     <span class='ocr_line' id='line_1_74' title="bbox 797 2098 1494 2142; baseline 0.007 -14"><span class='ocrx_word' id='word_1_387' title='bbox 797 2109 861 2132; x_wconf 74' lang='lat' dir='ltr'><strong>«ex</strong></span> <span class='ocrx_word' id='word_1_388' title='bbox 877 2098 970 2131; x_wconf 91' lang='lat' dir='ltr'><strong>dolio</strong></span> <span class='ocrx_word' id='word_1_389' title='bbox 987 2108 1016 2131; x_wconf 89' lang='lat' dir='ltr'><strong>s.</strong></span> <span class='ocrx_word' id='word_1_390' title='bbox 1035 2107 1125 2140; x_wconf 87' lang='lat' dir='ltr'><strong>cupa</strong></span> <span class='ocrx_word' id='word_1_391' title='bbox 1141 2100 1264 2131; x_wconf 83' lang='lat' dir='ltr'><strong>vinum</strong></span> <span class='ocrx_word' id='word_1_392' title='bbox 1286 2101 1322 2131; x_wconf 92' lang='grc'><strong>111</strong></span> <span class='ocrx_word' id='word_1_393' title='bbox 1344 2101 1494 2142; x_wconf 77' lang='lat' dir='ltr'><strong>ampho-</strong></span> 
     </span>
     <span class='ocr_line' id='line_1_75' title="bbox 794 2147 1489 2189; baseline -0.004 -8"><span class='ocrx_word' id='word_1_394' title='bbox 794 2158 853 2181; x_wconf 89' lang='lat' dir='ltr'><strong>ras</strong></span> <span class='ocrx_word' id='word_1_395' title='bbox 880 2147 937 2180; x_wconf 89' lang='lat' dir='ltr'><strong>vel</strong></span> <span class='ocrx_word' id='word_1_396' title='bbox 965 2147 1109 2189; x_wconf 87' lang='lat' dir='ltr'><strong>lagenas</strong></span> <span class='ocrx_word' id='word_1_397' title='bbox 1137 2148 1420 2181; x_wconf 77' lang='lat' dir='ltr'><strong>transfundere.»</strong></span> <span class='ocrx_word' id='word_1_398' title='bbox 1453 2169 1489 2174; x_wconf 79' lang='lat'><em>-</em></span> 
     </span>
     <span class='ocr_line' id='line_1_76' title="bbox 794 2197 1494 2238; baseline 0.003 -9"><span class='ocrx_word' id='word_1_399' title='bbox 794 2199 843 2229; x_wconf 76' lang='lat' dir='ltr'><strong>uti</strong></span> <span class='ocrx_word' id='word_1_400' title='bbox 866 2197 1020 2238; x_wconf 81' lang='lat' dir='ltr'><strong>Graecia]</strong></span> <span class='ocrx_word' id='word_1_401' title='bbox 1038 2198 1098 2228; x_wconf 73' lang='lat' dir='ltr'><strong>«ut</strong></span> <span class='ocrx_word' id='word_1_402' title='bbox 1113 2198 1257 2229; x_wconf 86' lang='lat' dir='ltr'><strong>Graecia</strong></span> <span class='ocrx_word' id='word_1_403' title='bbox 1273 2206 1413 2230; x_wconf 89' lang='lat' dir='ltr'><strong>memor</strong></span> <span class='ocrx_word' id='word_1_404' title='bbox 1427 2199 1494 2231; x_wconf 88' lang='lat' dir='ltr'><strong>Ca-</strong></span> 
     </span>
     <span class='ocr_line' id='line_1_77' title="bbox 796 2245 1491 2281; baseline 0.004 -3"><span class='ocrx_word' id='word_1_405' title='bbox 796 2248 901 2279; x_wconf 88' lang='lat' dir='ltr'><strong>storis</strong></span> <span class='ocrx_word' id='word_1_406' title='bbox 932 2248 968 2278; x_wconf 89' lang='lat' dir='ltr'><strong>et</strong></span> <span class='ocrx_word' id='word_1_407' title='bbox 999 2245 1157 2278; x_wconf 87' lang='lat' dir='ltr'><strong>Herculis</strong></span> <span class='ocrx_word' id='word_1_408' title='bbox 1188 2255 1251 2278; x_wconf 90' lang='lat' dir='ltr'><strong>eos</strong></span> <span class='ocrx_word' id='word_1_409' title='bbox 1281 2247 1374 2279; x_wconf 87' lang='lat' dir='ltr'><strong>inter</strong></span> <span class='ocrx_word' id='word_1_410' title='bbox 1402 2247 1491 2281; x_wconf 84' lang='lat' dir='ltr'><strong>deos</strong></span> 
     </span>
     <span class='ocr_line' id='line_1_78' title="bbox 795 2294 1491 2333; baseline 0.003 -6"><span class='ocrx_word' id='word_1_411' title='bbox 795 2296 977 2333; x_wconf 51' lang='lat' dir='ltr'><strong>honoratim</strong></span> <span class='ocrx_word' id='word_1_412' title='bbox 1002 2303 1095 2333; x_wconf 86' lang='lat' dir='ltr'><strong>non,</strong></span> <span class='ocrx_word' id='word_1_413' title='bbox 1117 2297 1156 2326; x_wconf 89' lang='lat' dir='ltr'><strong>ut</strong></span> <span class='ocrx_word' id='word_1_414' title='bbox 1178 2294 1235 2326; x_wconf 87' lang='lat' dir='ltr'><strong>alii</strong></span> <span class='ocrx_word' id='word_1_415' title='bbox 1257 2294 1397 2327; x_wconf 84' lang='lat' dir='ltr'><strong>volunt:</strong></span> <span class='ocrx_word' id='word_1_416' title='bbox 1431 2298 1491 2329; x_wconf 77' lang='lat' dir='ltr'><strong>«ut</strong></span> 
     </span>
     <span class='ocr_line' id='line_1_79' title="bbox 795 2343 1490 2378; baseline 0.004 -3"><span class='ocrx_word' id='word_1_417' title='bbox 795 2344 939 2376; x_wconf 87' lang='lat' dir='ltr'><strong>Graecia</strong></span> <span class='ocrx_word' id='word_1_418' title='bbox 968 2352 1109 2376; x_wconf 86' lang='lat' dir='ltr'><strong>memor</strong></span> <span class='ocrx_word' id='word_1_419' title='bbox 1131 2344 1258 2375; x_wconf 89' lang='lat' dir='ltr'><strong>miscet</strong></span> <span class='ocrx_word' id='word_1_420' title='bbox 1280 2343 1334 2376; x_wconf 91' lang='lat' dir='ltr'><strong>dis</strong></span> <span class='ocrx_word' id='word_1_421' title='bbox 1357 2353 1490 2378; x_wconf 89' lang='lat' dir='ltr'><strong>numen</strong></span> 
     </span>
     <span class='ocr_line' id='line_1_80' title="bbox 796 2392 1491 2433; baseline 0.001 -8"><span class='ocrx_word' id='word_1_422' title='bbox 796 2394 950 2426; x_wconf 87' lang='lat' dir='ltr'><strong>Castoris</strong></span> <span class='ocrx_word' id='word_1_423' title='bbox 976 2394 1012 2424; x_wconf 91' lang='lat' dir='ltr'><strong>et</strong></span> <span class='ocrx_word' id='word_1_424' title='bbox 1045 2392 1238 2425; x_wconf 79' lang='lat' dir='ltr'><strong>Herculis.»</strong></span> <span class='ocrx_word' id='word_1_425' title='bbox 1278 2394 1491 2433; x_wconf 81' lang='lat' dir='ltr'><strong>(Assentitur</strong></span> 
     </span>
     <span class='ocr_line' id='line_1_81' title="bbox 796 2441 1489 2483; baseline 0.003 -9"><span class='ocrx_word' id='word_1_426' title='bbox 796 2443 881 2474; x_wconf 91' lang='lat' dir='ltr'><strong>mihi</strong></span> <span class='ocrx_word' id='word_1_427' title='bbox 896 2441 1142 2483; x_wconf 82' lang='lat' dir='ltr'><strong>Dillenburger</strong></span> <span class='ocrx_word' id='word_1_428' title='bbox 1162 2451 1197 2483; x_wconf 90' lang='lat' dir='ltr'><strong>p.</strong></span> <span class='ocrx_word' id='word_1_429' title='bbox 1223 2442 1284 2474; x_wconf 78' lang='lat'><strong>92:</strong></span> <span class='ocrx_word' id='word_1_430' title='bbox 1311 2443 1489 2476; x_wconf 76' lang='lat' dir='ltr'><strong>«Primum</strong></span> 
     </span>
     <span class='ocr_line' id='line_1_82' title="bbox 796 2490 1489 2532; baseline 0.001 -9"><span class='ocrx_word' id='word_1_431' title='bbox 796 2491 942 2532; x_wconf 89' lang='lat' dir='ltr'><strong>quidem</strong></span> <span class='ocrx_word' id='word_1_432' title='bbox 964 2500 1034 2523; x_wconf 92' lang='lat' dir='ltr'><strong>non</strong></span> <span class='ocrx_word' id='word_1_433' title='bbox 1057 2490 1155 2523; x_wconf 82' lang='lat' dir='ltr'><strong>facile</strong></span> <span class='ocrx_word' id='word_1_434' title='bbox 1179 2491 1274 2530; x_wconf 84' lang='lat' dir='ltr'><strong>fero,</strong></span> <span class='ocrx_word' id='word_1_435' title='bbox 1299 2492 1396 2532; x_wconf 89' lang='lat' dir='ltr'><strong>quod</strong></span> <span class='ocrx_word' id='word_1_436' title='bbox 1416 2501 1489 2524; x_wconf 79' lang='lat' dir='ltr'><strong>mo-</strong></span> 
     </span>
     <span class='ocr_line' id='line_1_83' title="bbox 794 2540 1489 2581; baseline 0.001 -8"><span class='ocrx_word' id='word_1_437' title='bbox 794 2550 869 2573; x_wconf 87' lang='lat' dir='ltr'><strong>mor</strong></span> <span class='ocrx_word' id='word_1_438' title='bbox 886 2540 1101 2573; x_wconf 88' lang='lat' dir='ltr'><strong>adiectivum</strong></span> <span class='ocrx_word' id='word_1_439' title='bbox 1115 2549 1186 2581; x_wconf 90' lang='lat' dir='ltr'><strong>quo</strong></span> <span class='ocrx_word' id='word_1_440' title='bbox 1202 2540 1377 2573; x_wconf 72' lang='lat' dir='ltr'><strong>referatur</strong></span> <span class='ocrx_word' id='word_1_441' title='bbox 1391 2541 1489 2574; x_wconf 81' lang='lat' dir='ltr'><strong>obie-</strong></span> 
     </span>
     <span class='ocr_line' id='line_1_84' title="bbox 796 2590 1489 2632; baseline 0.003 -10"><span class='ocrx_word' id='word_1_442' title='bbox 796 2592 852 2622; x_wconf 88' lang='lat' dir='ltr'><strong>cto</strong></span> <span class='ocrx_word' id='word_1_443' title='bbox 880 2591 1020 2632; x_wconf 84' lang='lat' dir='ltr'><strong>privare</strong></span> <span class='ocrx_word' id='word_1_444' title='bbox 1051 2591 1223 2622; x_wconf 89' lang='lat' dir='ltr'><strong>conantur</strong></span> <span class='ocrx_word' id='word_1_445' title='bbox 1244 2590 1283 2629; x_wconf 92' lang='lat' dir='ltr'><strong>ii,</strong></span> <span class='ocrx_word' id='word_1_446' title='bbox 1317 2591 1378 2631; x_wconf 86' lang='lat' dir='ltr'><strong>qui</strong></span> <span class='ocrx_word' id='word_1_447' title='bbox 1398 2590 1489 2624; x_wconf 86' lang='lat' dir='ltr'><strong>alte-</strong></span> 
     </span>
     <span class='ocr_line' id='line_1_85' title="bbox 795 2639 1489 2681; baseline 0 -9"><span class='ocrx_word' id='word_1_448' title='bbox 795 2649 872 2673; x_wconf 90' lang='lat' dir='ltr'><strong>ram</strong></span> <span class='ocrx_word' id='word_1_449' title='bbox 895 2639 1194 2673; x_wconf 86' lang='lat' dir='ltr'><strong>constructionem</strong></span> <span class='ocrx_word' id='word_1_450' title='bbox 1217 2641 1489 2681; x_wconf 84' lang='lat' dir='ltr'><strong>sequuntur;--</strong></span> 
     </span>
    </p>
   </div>
   <div class='ocr_carea' id='block_1_20' title="bbox 1222 2700 1259 2728">
    <p class='ocr_par' dir='ltr' id='par_1_20' title="bbox 1222 2700 1259 2728">
     <span class='ocr_line' id='line_1_86' title="bbox 1222 2700 1259 2728; baseline -0.027 0"><span class='ocrx_word' id='word_1_451' title='bbox 1222 2700 1259 2728; x_wconf 77' lang='lat'><strong>36</strong></span> 
     </span>
    </p>
   </div>
  </div>
 </body>
</html>
