1722 2904
559 130 639 163 Lm.
663 129 720 162 lu.
767 129 806 161 C.
830 128 886 160 lv.

1418 119 1501 162 363

346 234 508 292 Pingue
536 239 682 277 tenent
712 229 883 274 humilis
911 229 1103 276 Forenti,

230 328 282 372 Ut
310 334 400 370 tuto
430 326 485 370 ab
514 326 617 390 atrjs
647 337 831 382 corpore
859 322 1022 380 viperis

155 406 166 414 ”
228 397 472 451 'fini-mirem
501 413 545 450 et
571 405 704 454 ursis,
736 411 782 447 ut
810 416 1033 465 premerer
1062 415 1186 445 sacra

286 489 515 544 Lauroque
544 485 784 543 collataque
814 466 976 542 myrto,

342 570 434 611 Non
467 567 561 611 sine
590 566 658 610 dis
687 566 907 609 animosus
940 564 1087 607 infans.

1450 562 1505 602 ‘20

234 675 404 723 Vester,
437 674 667 720 Camenae,
699 677 843 714 vester
872 670 915 712 in
944 669 1104 712 arduos

234 754 376 798 ΤοΠοι·
405 753 606 803 Sabinos,
639 766 718 796 seu
746 750 847 794 mihi
877 749 1075 807 frigidum

292 836 524 878 Praeneste
554 847 633 876 seu
663 831 793 875 Tibur
821 831 1024 888 supinum

347 903 434 959 Seu
452 906 655 972 ‘liquidae
685 912 888 970 placuere
920 911 1062 954 Baiae.

155 1049 207 1080 46.
231 1047 385 1080 For-renti
405 1047 451 1084 B,
481 1045 612 1078 Ferenti
634 1045 695 1082 Sc,
721 1044 807 1076 item
829 1052 883 1085 pr.
909 1043 935 1075 T
960 1044 996 1074 et
1018 1050 1112 1074 corr.
1138 1041 1173 1072 b.
1225 1042 1314 1074 Tum
1337 1042 1406 1074 lici
1430 1043 1465 1074 et

112 1096 222 1130 Bentl.
249 1097 302 1138 (Ut
323 1104 406 1134 nos,
431 1094 481 1136 d.)
507 1113 542 1118 -
569 1094 631 1125 Vv.
659 1093 799 1125 47-20.
826 1093 861 1124 in
883 1093 909 1124 B
933 1091 1074 1123 desunt.

0 1219 9 1251 ,“
69 1214 182 1247 tribus
211 1213 267 1246 his
294 1211 440 1255 Apuliae
470 1211 626 1253 oppidis,
659 1211 763 1243 Ache-

0 1265 10 1299 ?
69 1263 202 1303 maia,
225 1262 331 1296 hodie
351 1262 535 1300 Acerenza,
558 1260 699 1298 Banna,
724 1259 760 1291 h.

71 1313 181 1346 Banzi
212 1321 242 1345 s.
282 1312 402 1351 Vani,
442 1312 599 1349 Forento,
639 1309 761 1347 hodie,

0 1370 7 1407 3
70 1363 112 1395 ut
130 1361 289 1400 videtur,
313 1361 414 1393 vicus
429 1360 545 1392 dictus
561 1360 573 1391 i
588 1359 766 1392 Castellani

0 1412 9 1437 ἶ·-
71 1410 329 1449 siveicastelli,
345 1409 411 1442 tria
425 1408 483 1441 vel
499 1410 666 1449 quattuor
679 1396 763 1440 mill.

70 1469 166 1503 pass.
200 1458 247 1491 ab
278 1458 451 1491 hodierna
487 1459 658 1497 For-enm,
699 1456 763 1490 cir.

4 1516 14 1524 ³
72 1507 264 1542 Romanelli
293 1508 492 1549 Topoffrafia
521 1507 574 1539 del
600 1515 704 1548 requio
733 1506 767 1538 di

71 1558 196 1600 Navali
222 1559 265 1590 11.
295 1566 376 1599 pag.
404 1556 481 1589 234.
511 1557 548 1588 et
578 1555 767 1588 Lombardi

0 1623 23 1755 i

0 1924 26 1982 {z

0 2005 27 2058 ,ἡ

0 1608 3 1619 ¹
72 1607 239 1641 medaea
259 1607 295 1639 di
314 1606 501 1639 Basilicam
522 1606 558 1638 in
577 1606 676 1638 Mem.
694 1604 766 1636 dell'

9 1678 18 1695 ;
71 1658 152 1691 lust.
180 1657 216 1689 di
241 1665 387 1696 cim-esp.
417 1655 560 1687 archeol.
589 1656 685 1686 Fase.
709 1655 766 1686 111.

12 1715 15 1723 s
74 1716 111 1749 p.
125 1707 164 1739 2⁴
170 1706 204 1738 0.
227 1707 380 1746 Uterque
395 1706 516 1737 autem
531 1705 682 1746 scriptor
696 1712 772 1736 ser-

74 1758 137 1789 vat
159 1755 372 1797 scripturam
396 1755 589 1792 Forentum,
621 1763 664 1786 ac
684 1762 770 1786 sane

75 1804 172 1848 apud
180 1803 376 1837 Diodorum
387 1804 441 1843 49,
459 1804 513 1836 65.
527 1804 583 1836 est
594 1803 768 1848 Φερέντη.

77 1855 149 1887 Nos
169 1853 250 1886 eod.
274 1853 459 1894 antiquiss.
482 1853 521 1885 B.
540 1854 577 1885 et
590 1853 697 1885 Feam
712 1861 773 1885 se-

77 1903 149 1936 cuti
171 1911 307 1936 sumus.

122 1953 175 1985 47.
198 1953 238 1985 Ut
251 1961 324 1985 non
340 1953 397 1984 est
410 1950 531 1991 finale,
549 1951 615 1983 sed
631 1951 776 1984 coniun-

79 2001 235 2043 gendam
256 2010 339 2034 cum
359 2010 417 2033 vv.
434 2001 558 2033 miv-iam
573 2001 661 2041 qaod
673 2001 775 2042 foret.

79 2051 137 2084 Sic
151 2051 258 2084 Tacit.
276 2051 362 2084 Hist.
381 2051 395 2082 4
412 2075 421 2089 ,
445 2050 507 2082 7⁹:
530 2051 658 2083 Mirum
672 2050 774 2090 dictu,

79 2102 119 2132 ut
135 2100 179 2132 sit
191 2099 298 2131 onmis
311 2100 551 2132 Sarmatam
569 2099 676 2131 virtus
689 2099 778 2131 velat

81 2150 291 2190 Μᾶρκε.
309 2148 396 2181 Plin.
414 2149 503 2190 Epp.
522 2149 536 2180 4
554 2174 561 2188 ,
587 2149 626 2180 6:
650 2149 778 2180 Mirum

82 2202 146 2238 αἱ,
178 2202 216 2231 ιιι
244 2199 378 2231 ananus
406 2199 591 2239 aquatione
621 2201 778 2238 motuque

82 2249 231 2289 eorporis
250 2248 423 2280 evoiwtur.
444 2264 482 2270 -
499 2247 594 2288 atris]
617 2256 778 2280 veneno-

83 2298 133 2331 sis
174 2299 398 2338 mortemque
436 2296 693 2335 minitantibus,
739 2298 779 2328 ut

84 2346 177 2387 virg.
201 2347 263 2379 Ge.
288 2346 325 2385 4,
351 2345 519 2378 nmmo
538 2345 666 2377 malvam
686 2346 781 2377 viras

130 2443 184 2476 48.
206 2443 305 2485 ursis]
328 2442 426 2475 ovid.
449 2442 597 2475 Halieut.
615 2443 676 2474 57:
702 2442 782 2474 Foe-

85 2492 148 2524 dus
167 2493 310 2525 Lucanis
325 2492 536 2532 provolvitur
550 2500 648 2523 ιιι-ενδ
663 2491 705 2522 ab
721 2499 783 2522 an-

88 2541 159 2573 uis.
185 2557 221 2564 —
246 2545 285 2574 ut
299 2541 481 2583 premerer]
507 2542 621 2573 «totus
641 2542 782 2581 tegerer

89 2592 256 2631 congesta
278 2590 375 2623 lauro
399 2589 559 2632 Apollini,
584 2591 701 2630 myrto
716 2589 783 2621 Ve-

91 2640 166 2671 neri
189 2648 324 2673 sacra.»

132 2688 187 2720 20.
219 2689 294 2721 Non
322 2690 390 2721 sine
420 2688 487 2730 dis]
520 2690 557 2720 ut
587 2688 708 2720 Graeci
736 2683 782 2720 οὗ

812 1205 914 1241 θεῶν
934 1203 1045 1253 ἄτερ,
1076 1203 1150 1239 οὐκ
1171 1203 1292 1239 ἀθεεὶ.
1318 1207 1446 1248 Odyss
1472 1216 1509 1242 σ,

812 1258 889 1291 353.
915 1256 1021 1299 (Iliad.
1040 1266 1076 1296 ε,
1102 1257 1182 1289 ⁴85:
1208 1252 1282 1294 οὐχ
1299 1251 1356 1299 ὅγ’
1371 1252 1512 1289 ἄνευθε

811 1305 906 1340 θεοῦ
922 1304 1013 1339 τάδε
1025 1307 1213 1349 μαίνεται.
1238 1307 1346 1338 HAu.
1350 1306 1360 1347 )
1386 1322 1421 1328 —
1440 1315 1514 1337 ank

812 1358 975 1400 mosas]«
959 1358 1039 1390 «Dis
1059 1365 1116 1388 me
1133 1356 1313 1388 tuentibus
1329 1357 1515 1397 imperter-

815 1408 903 1440 ritus
922 1415 1048 1439 somno
1066 1405 1254 1447 tranquillo
1276 1405 1513 1446 gaudebam.-

857 1457 912 1499 2⁴-
941 1457 1077 1498 Vester-1„
1086 1457 1144 1488 «ln
1165 1457 1287 1488 vestra
1311 1456 1514 1488 etiamnunc

815 1515 896 1539 sum
920 1505 1045 1544 tutela,
1070 1514 1178 1547 quam
1193 1506 1265 1537 iam
1280 1505 1394 1537 infans
1410 1506 1516 1537 mira-

817 1555 897 1589 culo
920 1554 978 1587 illo
1001 1557 1165 1588 servatus
1188 1556 1356 1596 expertus
1380 1563 1514 1586 eram.»

859 1605 914 1636 22.
939 1605 993 1637 23.
1021 1604 1140 1646 Tollor]
1166 1605 1329 1636 «montes
1351 1602 1430 1635 illos
1450 1602 1516 1634 ad-

818 1653 987 1686 scendo.»
1016 1653 1115 1685 Ovid.
1135 1654 1217 1686 Met.
1236 1653 1274 1691 7,
1300 1653 1382 1684 779:
1419 1652 1518 1684 Collis

818 1711 908 1743 apen
937 1703 1036 1734 medii
1062 1702 1213 1734 subiectis
1241 1702 1389 1733 irrmiinet
1403 1701 1516 1733 areis:

821 1752 930 1785 Tollor
954 1761 1003 1784 eo.
1035 1768 1072 1774 —
1102 1751 1287 1793 Praeneste]
1318 1750 1425 1783 hodie
1451 1751 1518 1782 Pa—

819 1802 976 1840 lem-ina,
1013 1801 1098 1833 Latii
1129 1800 1321 1842 oppidum,
1357 1801 1392 1832 in
1416 1800 1518 1832 cuius

820 1850 920 1883 villas
934 1851 1070 1882 aestate
1087 1849 1261 1882 secedere
1277 1848 1443 1881 solebant
1453 1849 1521 1881 Ro-

776 1923 781 1926 ·
822 1900 929 1938 mani,
947 1899 1086 1940 trigoris
1102 1898 1265 1940 captandi
1281 1899 1403 1939 gratia.
1421 1898 1517 1938 Virg.

822 1951 911 1982 Aen.
936 1949 974 1987 7,
1006 1948 1087 1980 682:
1126 1948 1232 1979 alliam
1260 1948 1445 1979 Praeneste.
1480 1964 1517 1968 —

822 1997 988 2039 supinum]
1016 1998 1050 2029 in
1075 1995 1201 2028 declivi
1225 1995 1324 2028 collis
1347 1997 1447 2037 parte
1471 1995 1521 2027 si-

824 2049 912 2080 tum.
946 2046 1016 2079 Cfr.
1042 2045 1158 2078 strab.
1183 2046 1221 2084 5,
1254 2053 1290 2086 p.
1314 2044 1390 2077 238.
1436 2044 1521 2076 Imi—

825 2099 918 2130 tatus
941 2098 997 2129 est
1018 2098 1053 2128 in
1077 2094 1269 2134 ἐπιθέτοις
1290 2092 1464 2126 Iuvenalis
1485 2093 1518 2131 3,

827 2146 907 2178 ⁴90:
930 2146 1041 2186 gelida
1061 2146 1245 2176 Praeneste.
1263 2152 1298 2175 v.
1318 2143 1399 2175 ⁴92:
1420 2142 1522 2183 proni

828 2196 955 2228 Tiburis
975 2203 1065 2226 arce.
1091 2192 1256 2225 Similiter
1266 2192 1447 2233 pendulam
1461 2192 1523 2223 Se—

825 2246 909 2277 tiam
938 2244 1025 2276 dixit
1054 2241 1221 2275 Martialis
1243 2242 1282 2281 4,
1315 2241 1375 2281 64,
1407 2241 1461 2274 33.
1487 2243 1523 2273 et

829 2295 882 2333 43,
896 2295 971 2332 442,
991 2294 1021 2324 4.
1037 2292 1108 2325 Csr.
1125 2292 1231 2324 etiam
1247 2291 1293 2323 ad
1309 2291 1372 2324 Od.
1388 2292 1420 2330 2,
1437 2291 1470 2330 6,
1488 2292 1520 2323 5.

870 2343 924 2376 24.
950 2340 1233 2383 liquidae—Baiae]
1259 2342 1349 2373 «Aut
1371 2342 1406 2373 in
1422 2341 1523 2382 aquis

829 2393 1052 2429 constitutae,
1078 2392 1139 2423 aut
1152 2389 1354 2430 deliciosae,
1372 2391 1447 2423 sive
1462 2394 1524 2422 ae-

829 2442 878 2473 ris
900 2441 1014 2482 puri.»
1053 2441 1174 2472 Scuoi..
1201 2441 1305 2477 Cimo.
1342 2441 1523 2472 Postrema

829 2490 1071 2531 interpretatio
1114 2490 1280 2531 praestat.
1325 2489 1434 2521 Voss:
1474 2488 1526 2520 die

829 2540 941 2572 Heitre
973 2548 1030 2571 um
1063 2539 1180 2571 Baiae.
1218 2538 1293 2579 (das
1328 2537 1525 2569 lichtst-him-

830 2589 966 2620 mernde
994 2589 1101 2620 Baiae
1130 2587 1276 2627 Platen.)
1314 2587 1455 2619 Curtius
1486 2586 1523 2623 8,

832 2637 892 2670 47:
946 2637 1121 2677 liquidiore
1156 2637 1227 2669 luce
1263 2636 1431 2676 aperiente
1465 2635 1526 2666 ho-

832 2690 922 2718 stem.
943 2687 1154 2728 Campaniae
1168 2688 1242 2718 erat
1259 2684 1430 2726 oppidum
1446 2693 1527 2726 pro-
