1722 2904
563 93 700 127 LIBER.
745 93 876 126 CARH.
899 92 985 125 XVI.

1426 90 1509 133 725

171 198 271 243 Suis
300 204 344 242 et
371 198 466 256 ipsa
491 199 629 242 Roma
653 195 819 240 viribus
847 196 951 239 ruit:

116 281 255 332 Quam
282 292 427 337 neque
454 277 619 321 finitimi
647 276 875 322 valuerunt
902 275 1088 334 perdere
1117 276 1244 319 Marsi

171 359 347 404 uiuacis
376 366 450 403 aut
478 359 657 402 Etrusca
686 359 903 401 Porsenae
932 370 1111 407 manus,

115 439 294 484 Aemula
321 453 403 484 uec
430 439 566 483 virtus
596 440 771 497 Capuae
801 451 882 482 nec
912 438 1144 495 Spartacus
1174 452 1276 482 acer
1479 440 1506 479 ὃ

126 576 128 578 Υ
174 521 392 578 Novisque
422 519 554 563 rebus
583 519 767 563 infidelis
795 518 1016 567 Allobrox,

117 603 205 645 Nec
234 601 326 645 fera
352 599 556 644 caerulea
584 600 749 643 domuit
779 599 1007 643 Germania
1034 599 1151 656 pube

166 752 200 784 2.
218 751 476 792 por-itPottierii
490 750 528 791 4,
547 750 599 783 43.
621 768 657 773 -
675 749 708 783 4.
720 758 908 790 porsennae
922 750 960 781 B.
979 766 1016 772 -
1042 749 1074 781 6.
1092 749 1233 782 Νουίευσ
1244 749 1357 783 Bentl.
1375 752 1467 784 coni.

62 880 205 922 gnificat
225 881 322 913 enim
336 879 383 912 nil
404 881 550 922 praeter
566 880 680 921 ipsam
695 879 757 911 Ro-
783 882 788 938 ί
810 879 1021 920 Spartacum
1044 879 1237 911 memorari
1259 880 1296 911 et
1317 881 1510 923 unumque

62 937 160 963 mam
185 931 326 969 stare„
357 934 440 962 cum
466 927 673 970 simpliciter
698 928 757 960 sit:
811 936 942 960 nomen
974 928 1151 961 artissime
1179 928 1398 970 iungendum
1428 938 1510 964 esse

63 980 191 1021 uatque
228 979 339 1012 Roma
375 979 449 1011 suis
479 978 589 1020 ipsius
625 976 761 1010 viribus

62 1028 343 1070 intemperanter
382 1035 447 1060 usa
489 1026 536 1059 ad
580 1027 761 1059 interitum

64 1077 213 1118 vergit.»
451 1086 459 1091 ·

106 1126 203 1158 3-6.
241 1126 366 1168 Mani]
388 1124 525 1159 Bellum
555 1125 641 1158 dicit
668 1125 763 1158 Mar-

63 1175 180 1208 sicum
210 1183 242 1208 s.
269 1174 400 1208 sociale
433 1176 574 1216 gestum
600 1183 634 1206 a.
662 1182 698 1205 u.
727 1183 759 1206 c.

64 1224 226 1258 663-666.
245 1242 283 1248 -
299 1224 473 1265 Porsenae]
497 1224 592 1265 regis
615 1223 760 1261 Clusini,

66 1273 128 1315 qui
149 1282 182 1306 a.
198 1282 235 1306 u.
253 1282 287 1306 c.
303 1273 380 1307 246.
413 1274 562 1306 Romam
576 1272 761 1305 obsidione

63 1323 214 1364 pressit,
245 1322 293 1355 ad
321 1322 540 1355 deditionem
562 1321 680 1363 adegit
706 1323 762 1354 at-

5 1388 14 1414 ς
65 1380 138 1414 que
159 1380 327 1413 agrorum
347 1374 450 1414 parte
474 1372 576 1404 tertia
595 1371 762 1412 adempta

66 1421 245 1454 infirmam
259 1430 377 1463 neque
393 1424 514 1454 tamen
524 1420 669 1462 regibus
680 1419 765 1452 sub-

65 1471 196 1503 iectam
223 1471 402 1503 civitatem
428 1469 583 1511 reliquit.
625 1470 687 1511 (De
710 1469 764 1502 fa-

64 1519 191 1553 buloso
222 1518 281 1552 illo
314 1519 410 1562 apud
444 1518 600 1552 Clusium
633 1527 764 1551 monu-

65 1571 187 1602 mento
210 1570 404 1608 Porsenae,
434 1568 480 1600 de
503 1577 575 1609 quo
596 1567 763 1600 Varronis

65 1618 304 1651 narrationem
321 1618 498 1659 excerpsit
516 1616 646 1650 Plinius
664 1618 705 1649 H.
719 1618 761 1649 N.

66 1667 128 1707 36,
153 1666 213 1706 43,
237 1666 294 1707 4.,
325 1668 458 1709 optime
485 1666 676 1708 disputavit
700 1667 766 1698 Le-

67 1718 192 1751 tronne
221 1717 259 1749 in
287 1716 411 1749 Annal.
440 1717 514 1749 dell’
537 1717 643 1748 Instit.
669 1716 761 1747 arch.

67 1766 165 1798 ⁴829.
188 1775 226 1808 p.
251 1766 341 1807 394.)
378 1785 415 1790 -
451 1766 616 1807 (Porsena
647 1774 719 1798 una
741 1775 764 1797 n

67 1816 175 1848 etiam
197 1814 300 1848 Silius
321 1816 355 1856 8,
379 1816 456 1849 389.
482 1815 558 1849 478.
585 1816 639 1855 40,
665 1815 762 1853 483.;

66 1863 197 1906 duplici
218 1865 312 1906 Virg.
335 1867 423 1898 Aen.
448 1866 487 1905 8,
512 1865 602 1906 646.)
632 1883 669 1888 -
698 1865 766 1897 Ca—

62 1922 153 1954 pua,
174 1913 284 1946 altera
295 1913 353 1947 illa
368 1916 473 1947 Roma
498 1915 584 1956 (Cic.
602 1913 689 1946 Phil.
709 1914 763 1953 ⁴2,

67 1963 128 2003 3.),
151 1965 338 2006 cum-post
358 1966 515 2005 stragem
538 1964 765 1996 Cannensem

69 2012 112 2054 (a.
129 2021 166 2045 u.
182 2021 215 2045 c.
232 2013 322 2054 538.)
356 2013 538 2045 luxurians
569 2013 671 2054 longa
688 2013 767 2053 feli-

66 2058 166 2096 citato
179 2065 279 2102 atquo
292 2062 498 2104 &adamata
511 2063 668 2103 fortunae
680 2062 763 2103 (Liv.

68 2110 128 2150 23,
151 2111 200 2152 2.)
223 2111 414 2153 imperium
436 2112 544 2144 totius
566 2110 685 2143 ltaliae
712 2110 767 2142 af-

69 2159 238 2193 fectasset
260 2160 345 2201 (Liv.
370 2160 432 2200 23,
466 2161 526 2202 6.),
550 2160 597 2192 ad
623 2160 767 2202 praefe-

69 2210 192 2242 cturae
225 2211 405 2242 Romanae
438 2210 590 2243 formam
622 2210 765 2242 redacta

69 2259 127 2291 est
139 2267 171 2290 a.
189 2267 226 2290 u.
244 2267 276 2291 c.
290 2258 366 2291 543.
387 2277 425 2282 -
443 2259 516 2291 Cic.
534 2259 580 2291 de
595 2258 673 2300 lege
690 2267 764 2300 agr.

68 2307 109 2346 2,
133 2307 195 2340 32:
219 2308 373 2341 Maiores
398 2311 465 2340 tres
486 2308 592 2340 solam
612 2307 710 2340 urbes
730 2308 766 2339 in

69 2356 348 2397 momnibus,
365 2358 622 2399 Karthaginem,
647 2357 768 2390 Corin—

70 2405 181 2445 thum,
205 2405 358 2446 Capuam
378 2409 565 2439 statuenmt
583 2415 680 2446 posse
701 2407 767 2437 im-

67 2454 155 2494 per-ia·
175 2455 377 2496 gravitatem
397 2464 439 2487 ac
459 2464 577 2488 nomen
593 2456 764 2487 sustinere.

73 2503 346 2544 (Campanorum
368 2505 527 2546 ipsorum
549 2514 632 2537 cum
652 2503 766 2536 nullae

52 2553 192 2594 partes
225 2552 354 2586 tuerint
385 2553 421 2585 in
443 2553 538 2586 bello
571 2553 764 2595 Spartacio,

73 2601 159 2633 satis
181 2601 343 2643 imperite
366 2611 544 2634 nonnemo
560 2603 768 2644 Spartacum

73 2652 219 2693 propter
241 2651 415 2693 Capuam,
442 2652 599 2693 Capuam
621 2653 767 2693 propter

811 976 1017 1018 contendit.)
1045 996 1081 1000 —
1106 978 1309 1018 Spartacum]
1339 977 1513 1019 gladiator

810 1026 937 1065 Thrax,
955 1026 1181 1067 fugitivorum
1192 1026 1276 1066 dux,
1294 1029 1511 1061 acerrimum

811 1083 896 1108 cum
917 1076 1084 1108 Romanis
1098 1074 1233 1108 bellum
1248 1077 1357 1116 gessit
1371 1086 1405 1109 a.
1422 1086 1458 1110 u.
1477 1087 1509 1110 c.

811 1124 974 1157 684-683.
1000 1142 1036 1148 -
1063 1125 1161 1163 Quae
1184 1124 1231 1157 de
1260 1126 1508 1168 Allobrogibus,

811 1173 941 1206 Galliae
963 1172 1095 1215 populo
1121 1174 1281 1206 Rhodani
1302 1183 1324 1206 a
1345 1174 1426 1208 lacu
1448 1177 1514 1209 Le-

811 1231 918 1255 mano
929 1222 1126 1256 acl-Isaram
1137 1231 1252 1264 usque
1263 1223 1397 1264 accola,
1413 1225 1511 1266 dicit,

812 1273 1019 1314 neutiquam
1042 1272 1166 1305 referri
1196 1273 1332 1306 debent
1353 1275 1400 1307 ad
1427 1274 1513 1308 illud

812 1323 972 1363 tempus,
1011 1330 1083 1363 quo
1115 1322 1240 1354 hostes
1273 1323 1513 1357 Romanorum

812 1370 959 1403 tandem
985 1380 1020 1403 a.
1050 1380 1086 1403 u.
1117 1380 1149 1403 c.
1175 1371 1251 1404 633.
1277 1381 1310 1403 a.
1336 1373 1377 1411 Q.
1405 1373 1512 1406 Fabio

812 1421 964 1453 Maximo
978 1419 1200 1461 Allobrogico
1218 1422 1255 1453 et
1276 1422 1341 1454 Cn.
1359 1422 1513 1455 Domitio

811 1469 1024 1502 Aenobarbo
1054 1469 1178 1502 domiti
1210 1472 1309 1509 sunt3
1350 1471 1386 1503 id
1415 1472 1513 1513 quod

812 1527 884 1551 non
913 1519 1095 1560 patiuntur
1114 1527 1172 1551 W.
1199 1519 1271 1560 (in)
1295 1521 1390 1552 novis
1418 1521 1516 1554 rebus

814 1566 954 1608 (ablat.,
979 1576 1050 1599 nou
1080 1567 1221 1608 dativ.);
1253 1569 1318 1600 sed
1349 1569 1395 1601 ad
1426 1578 1515 1602 cou-

812 1617 1023 1648 iurationem
1065 1616 1303 1650 Catilinariam
1336 1627 1369 1650 a.
1405 1628 1441 1651 u.
1477 1629 1511 1652 c.

813 1666 904 1705 694.,
931 1666 967 1697 in
996 1674 1066 1706 qua
1101 1666 1225 1698 tentati
1251 1675 1273 1698 a
1301 1669 1338 1699 P.
1363 1667 1513 1701 Lentulo

812 1715 901 1746 Sura
936 1723 1060 1746 eorum
1095 1714 1199 1756 legati
1233 1716 1291 1748 dia
1323 1717 1360 1749 in
1388 1718 1514 1750 incerto

812 1763 970 1803 habuere,
1006 1764 1167 1803 quidnam
1194 1765 1311 1797 consili
1342 1771 1510 1807 caperent,

814 1814 1006 1854 antequam
1022 1814 1133 1845 totam
1148 1822 1226 1845 rem
1242 1814 1284 1852 Q.
1301 1814 1409 1847 Fabio
1423 1817 1514 1848 San-

814 1871 879 1904 gae
891 1862 1083 1903 aperirent.
1099 1861 1178 1903 (Sal.
1189 1862 1288 1894 Catil.
1297 1863 1334 1895 44
1344 1864 1366 1904 .)
1376 1865 1514 1899 Deinde

814 1912 1380 1953 C.Pomptinius--ortumrepemo
1393 1914 1514 1948 bellum

812 1962 1026 2003 Auobroqmn
1046 1964 1147 2001 atque
1165 1962 1230 1993 hac
1250 1963 1412 1995 scelerata
1433 1973 1517 1996 con-

813 2011 980 2043 iuratione
992 2009 1212 2051 (Catilinaria)
1223 2012 1407 2044 evcitatmn
1415 2022 1515 2053 proo-

814 2061 867 2092 liz's
886 2060 988 2101 [regit
1008 2069 1127 2100 cosque
1148 2061 1291 2100 domuit,
1329 2062 1387 2101 qm·
1408 2062 1515 2094 lacm-

814 2110 951 2141 sierant.
977 2109 1049 2142 Cic.
1074 2109 1121 2141 de
1143 2118 1244 2150 prov.
1271 2118 1371 2142 cons.
1398 2111 1451 2143 43.
1474 2130 1512 2135 -

815 2159 984 2191 Ceterum
1006 2160 1090 2190 nota
1104 2167 1162 2190 vv.
1179 2158 1254 2190 5-8.
1274 2158 1332 2191 bis
1352 2169 1518 2200 noc-quo

815 2216 881 2249 pro
902 2216 1118 2248 nec-neque
1138 2206 1195 2239 vel
1223 2212 1437 2248 nequae-aut
1456 2209 1515 2242 vel

815 2265 1001 2296 noque·oe;
1015 2255 1179 2298 exempla
1190 2259 1275 2289 sunt
1285 2257 1381 2298 apud
1394 2258 1514 2291 Iohns.

815 2307 919 2338 Arist.
948 2307 981 2338 2.
1008 2314 1047 2347 p.
1070 2306 1125 2338 62.
1171 2307 1329 2347 Wagner
1355 2308 1513 2346 Quaestt.

815 2355 910 2396 Virg.
932 2355 986 2387 36.
1009 2364 1088 2396 pag.
1103 2356 1180 2387 575.
1198 2355 1269 2388 Csr.
1284 2356 1392 2389 etiam
1408 2357 1517 2390 Hein-

817 2405 895 2437 rich
918 2404 964 2437 ad
990 2406 1110 2437 luven.
1135 2413 1171 2445 p.
1189 2404 1265 2437 460.
1284 2407 1321 2437 et
1343 2406 1516 2447 imprimis

819 2453 1014 2494 Hertzberg
1046 2454 1184 2486 Comm.
1211 2454 1246 2485 in
1269 2455 1372 2495 Prop.
1397 2463 1433 2495 p.
1459 2455 1514 2487 82.

861 2503 958 2535 7-40.
984 2502 1178 2544 Germania]
1200 2502 1363 2535 Cimbros
1379 2505 1414 2534 et
1429 2504 1518 2535 Teu-

820 2553 923 2584 tonos
954 2552 1039 2584 dicit
1072 2551 1229 2584 devictos
1263 2551 1408 2584 tandem
1431 2561 1450 2583 a
1475 2553 1514 2585 C.

818 2601 926 2634 Mario
961 2603 996 2632 ct
1031 2601 1072 2639 Q.
1102 2599 1225 2632 Catulo
1258 2610 1290 2632 a.
1320 2609 1355 2632 u.
1381 2609 1412 2632 c.
1438 2601 1514 2634 653.

818 2649 888 2683 Crr.
915 2649 1002 2682 Plut.
1026 2651 1110 2683 Mar.
1138 2651 1189 2681 44.
1217 2649 1261 2682 de
1288 2650 1455 2683 Teutonis
1480 2653 1517 2683 et
