1722 2904
152 97 234 141 746

690 99 860 133 HORATII
884 100 1054 133 EPODON

266 202 449 246 Findunt
480 203 730 247 Scamandri
762 203 938 247 flumina
967 203 1159 247 lubricus
1190 209 1233 247 et
1262 203 1437 253 Simois,

210 284 330 329 Unde
361 284 435 328 tibi
467 284 651 328 reditum
682 291 799 328 certo
831 284 1078 328 subtemine
1108 285 1284 328 Parcae

1547 283 1600 326 45

268 367 458 423 Rupere,
491 379 573 410 nec
602 372 740 409 mater
769 365 945 409 domum
975 364 1150 409 caerula
1178 371 1220 409 te
1250 365 1438 409 revehet.

235 512 287 543 45.
313 513 408 543 curto
432 509 588 543 malebat
611 509 802 543 Bentleius.
831 510 958 551 (Nostri
981 510 1098 552 certo.)

146 639 188 674 δὲ
217 638 482 687 Σκάμανδρον.
538 641 672 673 Verum
701 649 850 682 progre-

148 692 267 724 diente
302 692 465 733 tempore
494 689 550 723 vel
582 700 626 723 ex
648 691 749 732 parte
774 691 851 722 erat

148 742 347 774 exsiccatus
363 740 419 773 vel
436 740 640 773 hominibus
657 740 760 781 longe
780 740 850 772 mi—

148 799 212 823 nor
227 790 320 823 fama
337 790 525 823 Homerica
540 789 729 822 videbatur
744 815 751 829 ,
781 798 849 822 un-

147 840 192 872 de
217 841 346 873 Lucan.
379 840 416 880 9,
442 840 517 872 972.
554 840 751 872 rhetorice:
791 840 850 871 In-

145 891 232 922 scius
261 890 298 922 in
330 890 415 922 sicco
437 893 620 930 serpentem
636 889 776 930 pulvere
796 889 849 920 ri-

145 949 224 972 vwm
255 940 465 980 Transierat,
502 939 560 979 qui
581 939 733 971 Xanthus
760 942 846 971 erat.

146 991 260 1030 Atque
285 990 428 1021 omnino
463 990 498 1021 in
530 987 658 1021 talibus
682 988 848 1030 epithetis

145 1038 305 1071 locorum
350 1039 563 1080 praesertim
601 1047 621 1070 a
659 1037 848 1070 scribentis

145 1088 258 1130 patria
290 1089 513 1120 remotorum
542 1087 747 1120 libertatem
780 1087 848 1120 fin-

145 1137 251 1180 gendi
306 1137 374 1170 sibi
418 1136 642 1170 indulserunt
692 1138 845 1179 poetae;

144 1187 239 1219 unde
263 1187 454 1219 reiicienda
479 1188 534 1220 est
556 1187 625 1219 ΗΡ.
643 1187 846 1219 coniectura

141 1238 232 1278 puri.
283 1237 354 1269 Cfr.
380 1236 485 1269 Iacob
510 1236 668 1275 Quaestt.
689 1245 746 1277 ep.
765 1244 844 1277 pag.

145 1287 221 1319 464.
246 1287 286 1318 In
310 1286 471 1319 Meinekii
495 1286 616 1318 autem
640 1286 731 1317 coni.
751 1284 847 1316 haud

144 1344 362 1377 magnopere
385 1334 503 1377 placet
525 1331 719 1375 ἀντίθεσις
746 1343 845 1366 mere

144 1385 312 1418 Ovidiana
329 1385 420 1416 tardi
434 1403 454 1408 -
469 1402 488 1407 -
503 1384 664 1425 lubricus,
691 1394 782 1426 quae
800 1384 845 1416 ab

145 1435 278 1467 Horatii
312 1433 429 1466 indole
465 1433 660 1467 abhorrere
692 1434 844 1467 videtur.

146 1484 356 1526 (Altyemeine
378 1484 516 1525 Zeituny
540 1483 637 1516 4843.
663 1492 743 1525 pag.
763 1484 843 1516 309:

142 1535 214 1566 Der
228 1533 371 1572 Simois,
395 1534 480 1573 jetzt
502 1532 761 1573 Bunarbaschi,
787 1534 848 1566 das

142 1585 200 1623 ist,
226 1585 300 1615 das
321 1584 458 1623 Haupt
480 1584 550 1615 der
577 1583 757 1623 Quetlen,
806 1584 849 1615 ist

143 1634 196 1665 ein
228 1634 356 1675 Zufluss
395 1634 449 1665 des
483 1633 724 1673 Scamander,
761 1634 847 1673 jetzt

143 1683 326 1716 Mendere.
348 1701 383 1706 —
412 1684 581 1716 Ceterum
604 1683 650 1715 de
676 1684 846 1725 oppositis

143 1733 322 1765 interdum
347 1733 543 1765 eorundem
568 1733 758 1765 fluviorum
775 1735 843 1766 cet.

142 1783 333 1823 ἐπιθέτοις
350 1782 445 1823 apud
460 1783 584 1824 poetas
602 1782 746 1815 consule
759 1783 846 1815 lahn

143 1833 189 1865 ad
223 1833 318 1873 Virg.
355 1833 443 1864 Aen.
483 1833 520 1871 4,
558 1832 634 1864 347.
684 1832 748 1865 Ed.
786 1832 843 1865 alt.

143 1881 321 1923 Exemplis
354 1881 445 1913 addc
470 1882 564 1922 Virg.
602 1883 690 1914 Aen.
716 1883 754 1922 3,
780 1883 841 1915 76:

145 1933 288 1971 Mycono
311 1940 328 1963 e
350 1932 446 1963 celsa.
475 1931 572 1963 Ovid.
598 1932 680 1964 Met.
699 1933 739 1971 7,
759 1931 842 1964 463:

142 1982 298 2014 humilem
308 1980 501 2023 Myconon.)
517 2000 552 2004 -—
567 1981 726 2023 Findunt]
746 1990 847 2023 «per-

143 2032 290 2063 fluunt».
318 2050 354 2054 —
379 2031 540 2073 flumina]
564 2031 609 2063 de
631 2040 702 2063 uno
726 2031 846 2063 flumi—

143 2090 206 2121 ne,
242 2081 282 2112 ut
315 2089 423 2122 saepe
455 2080 552 2122 apud
575 2081 719 2113 Homer.
745 2077 845 2112 καλὰ

142 2127 291 2176 ῥέεθρα.
321 2149 355 2154 -
385 2130 545 2172 lubricus]
570 2131 702 2173 Accipe
727 2130 845 2172 potius

143 2180 187 2212 de
225 2179 330 2212 celeri
368 2188 477 2220 quam
518 2179 562 2212 de
598 2181 756 2213 tortuoso
791 2180 846 2212 Si-

143 2230 294 2262 moentis
330 2238 459 2269 cursu,
496 2230 534 2262 ut
565 2230 714 2271 apparet
737 2230 844 2261 etiam

143 2290 162 2312 c
187 2288 287 2320 seqq.
315 2278 498 2320 exemplis.
539 2280 708 2311 Ceterum
738 2278 846 2311 tubri-

141 2339 221 2369 cus,
260 2329 294 2360 in
330 2337 400 2369 quo
430 2338 463 2361 v.
498 2337 613 2370 nuper
636 2329 759 2361 nescio
784 2328 844 2370 qui

142 2377 380 2411 Scholasticus
447 2386 617 2418 magnum
671 2378 846 2419 quaesivit

143 2428 372 2469 mysterium,
405 2427 615 2460 tralaticium
639 2429 694 2460 est
716 2428 845 2460 fluvio-

142 2487 221 2509 rum
245 2476 432 2509 έπὶθετον.
467 2477 564 2509 Ovid.
590 2477 710 2509 Amor.
737 2477 773 2517 3,
799 2477 839 2516 6,

143 2527 201 2559 84:
242 2526 460 2566 Supposuisse
482 2535 603 2558 memus
631 2527 676 2558 ad
704 2529 845 2566 pectora

145 2576 290 2607 lubricus
309 2576 417 2608 amuis
435 2576 580 2608 Dicitur.
610 2576 700 2608 Fast.
716 2575 747 2615 4,
759 2576 821 2608 337
836 2586 842 2607 τ

144 2627 312 2659 lubricus·
326 2627 431 2659 Almo.
450 2627 482 2667 6,
499 2627 582 2660 238:
607 2627 731 2659 lubrice
744 2627 843 2659 Tibri.

903 640 1042 673 obitum
1070 641 1105 673 in
1134 641 1251 673 Leuce
1282 639 1396 673 insula
1418 641 1490 674 vita
1511 641 1603 674 hea-

901 690 1038 723 tissima
1062 689 1124 722 cfr.
1144 689 1327 731 egregium
1349 690 1490 723 Maximi
1509 691 1602 732 Tyrii

899 739 1019 772 locum
1031 740 1122 773 Diss.
1139 740 1192 772 45.
1204 740 1294 772 extr.
1305 748 1340 781 p.
1353 739 1406 772 59.
1419 739 1476 772 ed.
1492 741 1600 774 Paris.

903 808 939 813 —
965 790 1064 832 certo]
1091 789 1339 830 «immutabili,
1375 790 1599 823 inevitabili».

900 839 1075 871 Subtemen
1107 839 1214 871 etiam
1249 839 1344 881 apud
1378 838 1501 872 Catull.
1534 839 1576 873 64
1591 866 1598 880 ,

900 887 975 920 327.
1002 888 1047 920 de
1064 889 1258 920 Parcarum
1280 887 1359 921 filis.
1400 888 1494 930 Virg.
1511 889 1599 922 Aen.

900 937 960 978 40,
985 937 1069 970 844;
1093 939 1325 978 Eoetremaque
1343 938 1453 970 Lauso
1473 939 1603 972 Parcae

895 987 957 1029 tlla
969 987 1093 1028 legunt.
1120 989 1194 1020 Iam
1209 996 1296 1020 usus
1313 987 1599 1029 frequentissima

899 1037 1052 1078 imagine
1086 1037 1134 1070 fili
1167 1039 1361 1070 Parcarum
1391 1038 1480 1071 secti
1516 1037 1601 1071 nihil

900 1086 994 1119 aliud
1017 1087 1101 1120 dicit
1125 1096 1233 1129 quam
1261 1088 1347 1127 hoc;
1387 1088 1505 1120 «certo
1528 1088 1600 1121 fato

898 1137 1094 1170 abscindunt
1108 1137 1166 1169 tibi
1180 1138 1326 1170 reditum
1342 1137 1416 1180 (Ep.
1436 1138 1489 1178 46,
1515 1138 1597 1179 35.),

898 1186 1016 1219 redire
1034 1188 1067 1219 te
1083 1188 1206 1219 vetant
1228 1188 1359 1219 Parcae
1370 1196 1378 1226 3
1391 1199 1406 1216 ι)
1433 1195 1500 1219 nec
1516 1195 1601 1220 con-

898 1237 984 1268 strui
1009 1237 1127 1278 potest
1148 1237 1275 1269 Parcae
1297 1239 1387 1269 certo
1407 1236 1596 1276 subtemt'ne,

899 1295 1011 1327 «quae
1047 1287 1185 1319 certum
1220 1285 1318 1318 filum
1351 1287 1479 1327 cuique
1512 1295 1598 1319 nere

897 1335 1059 1374 solent»;
1100 1344 1218 1377 neque
1256 1334 1448 1377 legendum
1481 1339 1596 1375 curto,

897 1385 994 1427 quod
1017 1394 1096 1418 voc.
1122 1394 1268 1427 semper
1295 1385 1522 1418 mutilationis
1549 1386 1600 1419 si-

897 1435 1159 1477 gnificationem
1188 1435 1318 1468 retinet
1345 1444 1412 1468 nec
1434 1434 1598 1468 substitui

897 1486 1016 1527 potest
1048 1494 1083 1517 v.
1120 1484 1238 1517 brevis.
1277 1503 1314 1508 -—
1349 1485 1506 1527 caerula]
1540 1493 1595 1526 pr.

900 1534 1028 1566 «maris
1053 1533 1211 1567 colorem
1233 1533 1386 1574 habens,
1420 1534 1596 1574 marina»,

896 1584 936 1615 ut
958 1583 1021 1616 Od.
1049 1584 1085 1623 4,
1117 1584 1177 1623 47,
1208 1584 1262 1617 20.
1300 1584 1427 1617 Circen
1455 1584 1599 1616 vitream

897 1633 991 1665 dicit.
1019 1634 1179 1674 Propert.
1197 1634 1235 1674 2,
1254 1634 1291 1674 9,
1317 1635 1370 1667 45.
1402 1633 1448 1666 de
1463 1632 1597 1666 Achille

897 1684 1033 1715 occiso:
1069 1683 1153 1715 Cum
1180 1682 1239 1715 tibi
1259 1692 1319 1716 nec
1344 1684 1457 1716 Peleus
1478 1683 1599 1715 aderat

895 1741 954 1764 nec
976 1732 1115 1765 caerula
1136 1736 1255 1765 mater.
1298 1733 1392 1765 «Nec
1425 1733 1502 1775 ipsa
1537 1733 1597 1764 tua

896 1783 1028 1822 mater,
1054 1782 1122 1814 dea
1145 1783 1270 1822 maris,
1294 1781 1402 1815 veluti
1424 1790 1596 1824 praesens

897 1841 1020 1865 comes
1044 1833 1111 1865 iter
1133 1834 1235 1865 tuum
1258 1833 1294 1866 in
1316 1834 1469 1875 patriam
1483 1833 1597 1866 fortu-

895 1882 1027 1915 nabit.»
1062 1883 1206 1916 Minime
1221 1891 1325 1923 vero,
1357 1883 1397 1915 ut
1419 1882 1494 1915 aliis
1517 1881 1596 1925 pla-

895 1933 985 1972 cuit,
1022 1932 1140 1974 ipsum
1163 1940 1262 1965 mare
1288 1928 1475 1971 intellexit,
1512 1941 1596 1965 cum

893 1985 1037 2014 matrem
1073 1982 1246 2014 caerulum
1283 1982 1517 2021 memoravit,
1556 1983 1596 2015 ut

894 2033 966 2064 iam
998 2031 1203 2064 desciscens
1237 2040 1257 2063 a
1281 2030 1430 2064 naturali
1463 2032 1595 2064 oratio-

894 2082 948 2114 nis
979 2082 1015 2114 et
1041 2082 1298 2114 sententiarum
1334 2081 1594 2124 pulchritudine

893 2130 967 2163 Val.
983 2129 1095 2163 Flacc.
1115 2132 1154 2171 ὅ,
1173 2131 1256 2164 20οε
1281 2131 1412 2171 Adnue,
1430 2131 1510 2163 diva
1522 2139 1595 2163 ma-

892 2181 942 2212 ris
965 2179 1099 2222 (Helle),
1124 2198 1175 2205 --
1192 2181 1332 2221 Quando
1359 2183 1485 2222 egomet
1510 2189 1594 2212 rur-
1646 2191 1647 2194 ¹

893 2239 949 2263 sus
966 2239 1030 2270 per
1053 2233 1083 2262 te
1096 2229 1224 2262 vehar?
1248 2248 1285 2253 -
1304 2230 1474 2262 Ceterum
1495 2237 1594 2270 egre-

895 2281 990 2321 giam
1005 2279 1161 2312 Thetidis
1177 2287 1420 2321 grypocampo
1439 2287 1506 2320 per
1520 2287 1595 2311 ma-

893 2339 933 2361 re
957 2330 1080 2361 vectae
1112 2327 1255 2370 filioque
1286 2337 1418 2361 novum
1451 2328 1593 2361 scutum

894 2379 1113 2421 apportantis
1137 2379 1327 2420 imaginem
1341 2378 1454 2411 habes
1469 2378 1505 2410 in
1518 2379 1594 2411 Mu-

893 2438 946 2461 seo
968 2429 1111 2461 Borbon.
1136 2429 1176 2460 X.
1203 2429 1240 2460 T.
1267 2428 1319 2460 49.

938 2479 990 2511 47.
1019 2479 1071 2511 48.
1096 2478 1185 2520 vino]
1211 2477 1281 2510 Cfr.
1300 2477 1431 2510 Simon.
1450 2477 1593 2510 Schnei-

895 2528 983 2561 dew.
1009 2537 1044 2570 p.
1071 2528 1129 2560 45:
1166 2526 1277 2566 Πῐνε,
1307 2527 1381 2558 πῖν’
1406 2525 1461 2559 ἐνὶ
1491 2536 1591 2569 συμ-

894 2580 1034 2624 φοραῖς
1051 2574 1176 2617 Οἶνον,
1201 2573 1399 2622 ἀμύντορα
1420 2574 1591 2622 δυσφρο-

895 2624 1060 2660 συνάων.
1086 2625 1263 2668 Meleager
1285 2626 1319 2658 in
1335 2626 1439 2658 Anth.
1459 2625 1530 2658 Pal.
1546 2627 1587 2658 11.

194 2677 241 2707 ¹5.
270 2677 322 2709 46.
358 2677 511 2718 reditum]
536 2678 586 2710 De
603 2675 745 2710 Achillis
764 2678 846 2719 post
894 2686 928 2718 p.
956 2677 1041 2709 463:
1085 2673 1319 2722 Ζωροπότει,
1358 2676 1423 2709 καὶ
1451 2672 1590 2721 πλῆρες
