1722 2904
585 57 663 90 un.
688 57 745 89 ul.
792 56 831 88 C.
854 54 971 88 xxiv.

1441 49 1523 91 475

249 161 426 220 Aequali
458 166 625 204 recreat
654 166 771 203 sorte
802 158 1001 202 vicarius.

192 267 281 311 lllic
308 273 444 310 matre
473 264 718 310 carentibus

248 346 460 404 Privignis
489 345 644 389 mulier
672 350 882 402 temperat
911 344 1136 390 innocens,

121 488 125 490 η
192 429 281 472 Nec
308 427 453 471 dotata
482 426 591 484 regit
617 425 758 469 virum

247 508 411 552 Coniux
439 521 521 551 nec
548 506 681 550 nitido
709 505 801 550 fidit
833 503 1040 549 adultero.

1469 503 1524 544 20

167 659 221 691 ⁴9.
247 658 372 691 dodam
394 658 431 690 T.
459 674 495 680 -
520 657 575 689 20.
601 657 755 689 Conium-v
774 656 840 688 BT.

79 804 142 837 que
167 795 241 828 illos
261 794 367 827 alwtt.
412 794 456 826 ff·
486 802 605 826 mrsu-s
636 793 777 825 invicem

80 853 170 877 anno
188 847 265 885 post
287 845 323 876 in
345 843 451 876 annis
477 846 575 881 sitnm
608 842 659 874 illi
688 841 777 874 domi

78 897 260 927 romaement.
317 893 374 925 Sic
416 901 522 933 neque
564 892 777 934 aymeultara

77 953 138 977 nec
157 944 248 976 ratio
269 946 370 983 atque
389 951 469 974 usus
490 942 563 974 belli
584 941 777 974 intermitti-

79 997 146 1026 tur.
192 993 258 1026 Sed
284 992 415 1033 privati
446 1000 488 1023 ae
520 991 668 1032 separati
699 991 777 1032 agri

79 1043 171 1084 apud
201 1051 257 1075 eos
288 1041 385 1074 mm
402 1044 473 1079 est,·
514 1049 619 1081 neque
648 1040 778 1081 lonyius

79 1101 169 1125 anno
182 1099 356 1124 remanere
375 1100 443 1122 ano
465 1099 501 1122 m
522 1090 594 1122 loco
615 1090 778 1122 incolendi

77 1150 184 1174 causa
212 1141 296 1173 lieet.
343 1140 413 1173 Cir.
438 1140 547 1172 Taciti
569 1140 687 1171 Germ.
718 1138 774 1171 26.

78 1192 181 1224 Hunc
213 1191 411 1222 Suevorum
444 1197 584 1221 morem
617 1197 657 1221 re
690 1196 777 1220 vera

79 1240 176 1282 apud
197 1240 303 1272 Getas
325 1247 468 1280 quoque
486 1237 679 1271 obtinuisse
695 1246 778 1270 cen—

79 1290 136 1322 set
157 1288 365 1327 Grimmius,
390 1296 475 1320 cum
495 1286 657 1329 plerique
679 1286 778 1319 arbi-

80 1339 162 1371 trati
183 1339 273 1377 sint,
298 1338 460 1370 caesaris
475 1338 715 1370 narrationem
730 1336 775 1369 de

79 1387 144 1421 illis
176 1397 196 1420 a
230 1388 335 1429 poeta
359 1387 406 1419 ad
428 1387 494 1420 hos
517 1395 582 1420 suo
605 1386 776 1419 arbitratu

80 1447 161 1471 esse
177 1436 394 1470 translatam.
419 1438 459 1469 In
474 1436 563 1469 libro
579 1445 645 1469 suo
661 1437 774 1469 Gesch.

78 1489 138 1520 der
173 1487 345 1519 deutschen
377 1487 455 1526 Spr.
490 1488 516 1519 l.
546 1496 582 1528 p.
617 1486 691 1518 489.
730 1486 777 1518 ad

79 1538 242 1569 nostrum
252 1535 371 1568 locum
382 1536 471 1568 haec
483 1536 641 1577 scripsit:
663 1536 778 1567 «Diese

78 1586 323 1626 Emstimmuny
365 1584 547 1626 (zun‘schen
591 1585 778 1617 Ger-manen

78 1636 149 1667 und
181 1634 295 1676 Geten)
327 1634 415 1675 zeiyt
446 1635 515 1666 sich
539 1635 618 1666 weit
647 1634 779 1666 starker

78 1684 163 1716 noch
189 1684 239 1716 bei
269 1685 343 1716 dem
363 1684 669 1716 Zusammenhalcen
694 1684 779 1716 viel-

80 1733 313 1774 besprochener
346 1733 593 1774 Aeiwserunqen
638 1733 779 1765 Caesar-s

79 1784 151 1815 and
184 1783 259 1815 Tac.
295 1783 378 1815 iiber
414 1784 467 1816 die
498 1783 780 1824 Ackerbestelltmq

80 1833 140 1865 der
160 1833 288 1865 Sumen
307 1834 378 1864 und
392 1833 581 1865 Gennanen
600 1833 779 1875 insqemein

79 1883 141 1914 mit
161 1883 254 1922 dem,
284 1891 358 1914 was
383 1883 499 1914 Horaz
518 1891 584 1914 von
606 1883 666 1914 der
690 1883 778 1924 ¹‹Jeci-

80 1931 176 1963 schen
195 1932 323 1963 meldet.
364 1932 438 1964 Wie
459 1940 672 1973 anqemessen
693 1932 779 1963 auch

81 1981 155 2012 dem
178 1980 351 2013 Uebertritt
379 1989 442 2013 aas
469 1982 544 2013 dem
564 1981 780 2013 Hirtenstand

80 2030 118 2061 in
143 2030 196 2062 die
215 2030 498 2071 Feldwirtlisehafi)
530 2031 590 2062 der
614 2030 781 2071 jahrln'che

80 2079 320 2111 Ackemmchsel
339 2080 520 2120 erscheint,
543 2089 621 2111 war
640 2089 677 2112 er
698 2080 781 2111 doch

81 2131 185 2161 etwas
213 2131 313 2160 mater
345 2129 434 2161 auen
465 2129 605 2170 ubm'yon
642 2118 781 2160 Vesana-n

82 2178 237 2219 sowem'y
249 2178 593 2219 Wahryenommenes,
611 2179 780 2210 dassman

82 2228 210 2259 dar-aas
259 2227 326 2268 auf
373 2227 782 2267 Stannnverwandtschaft

83 2277 196 2316 derer,
245 2276 298 2308 die
333 2277 391 2308 ihu
426 2277 640 2316 beobachten,
687 2277 781 2308 einen

82 2325 393 2358 wahrseheinlichen
426 2326 557 2358 Schluss
588 2335 634 2357 za
667 2325 782 2357 ziehen

58 2409 62 2414 ,
83 2375 259 2415 berecmiyt
278 2375 401 2407 wira.»
422 2393 459 2398 —
482 2375 623 2416 recreat]
649 2375 781 2406 «otium

84 2424 167 2456 huic
193 2423 345 2464 praebet
372 2424 506 2463 aequali
534 2427 620 2455 sorte
650 2423 781 2456 laboris

84 2471 159 2511 ille,
195 2473 254 2513 qui
283 2473 318 2504 in
350 2473 425 2504 eius
448 2473 563 2504 vicem
586 2472 780 2505 succedit.»

84 2521 202 2553 Artius
222 2520 398 2561 iungenda
413 2530 471 2552 w.
487 2521 636 2553 vicarius
648 2521 783 2560 aequali

85 2573 194 2609 sorte,
244 2569 450 2610 «aequalem
494 2571 630 2602 sortem
668 2570 783 2602 susci-

86 2619 223 2660 piens.»
268 2617 344 2651 Noli
378 2627 465 2652 vero
494 2618 670 2661 explicare
701 2627 783 2652 cum

825 791 1025 833 Boettigero
1040 800 1047 822 :
1075 798 1216 833 «quem,
1232 789 1295 823 ubi
1311 798 1424 823 annus
1439 798 1525 823 suus

825 841 1027 883 praeteriit,
1056 848 1171 882 aequa
1193 848 1320 873 rursus
1342 848 1422 873 sors
1445 839 1526 880 qui-

827 890 974 923 escendi
996 891 1151 923 manet.»
1450 901 1457 906 -

870 941 924 973 ⁴8.
948 940 1115 981 Ρηυίφιίε
1127 957 1147 963 -
1161 939 1336 981 temperat]
1352 946 1526 971 «noverca

826 990 940 1031 parcit
951 990 1119 1031 privignis
1129 1014 1138 1029 ,
1162 988 1318 1022 abstinet
1331 988 1378 1021 ab
1394 989 1436 1021 iis
1450 996 1527 1020 ma—

825 1047 915 1078 nus;
950 1047 1041 1078 non,
1075 1039 1117 1070 ut
1137 1038 1233 1080 apud
1256 1046 1322 1070 nos
1337 1063 1345 1078 ,
1377 1037 1525 1070 insidias

826 1088 878 1120 eis
893 1088 1030 1120 struit.»
1063 1088 1136 1120 Cic.
1153 1088 1255 1120 Verr.
1272 1089 1356 1120 Ace.
1374 1087 1414 1127 2,
1431 1087 1465 1126 2,
1481 1086 1523 1119 4:

824 1147 893 1170 non
905 1138 1012 1170 solum
1032 1137 1129 1169 sociis
1149 1137 1185 1169 in
1199 1146 1237 1170 eo
1252 1137 1332 1169 bello
1347 1137 1524 1176 consutae,

824 1195 942 1220 ver-um
966 1187 1069 1219 etiam
1090 1188 1256 1227 superatis
1276 1186 1421 1219 hostibus
1442 1189 1527 1219 tem-

820 1237 968 1278 peravit.
1004 1236 1227 1269 Reiiciendae
1243 1235 1333 1271 aliae
1349 1237 1527 1278 interpre-

826 1287 997 1319 tationes:
1039 1285 1069 1327 4)
1102 1286 1300 1328 «privignos
1330 1284 1524 1327 gubernat,

825 1336 950 1377 regit.»
977 1335 1009 1377 2)
1037 1336 1100 1368 uiis
1127 1335 1254 1378 pocula
1276 1336 1403 1368 miscet
1423 1336 1528 1367 inno-

825 1389 899 1425 xia,
924 1394 996 1418 non
1017 1386 1242 1423 venenata»;
1267 1386 1393 1417 neutra
1417 1384 1524 1423 enim,

826 1435 920 1468 nullo
954 1434 1115 1478 ἐπιθέτῳ
1129 1459 1139 1474 ,
1180 1433 1311 1476 quibus
1333 1434 1502 1466 innitatur
1516 1458 1524 1472 .

828 1493 910 1518 cum
941 1494 975 1516 v.
1011 1488 1173 1525 temperat
1206 1485 1394 1517 coniuncto
1409 1509 1416 1523 ,
1462 1482 1527 1515 ad-

827 1534 919 1566 mitti
941 1535 1071 1575 potest.

873 1583 926 1615 49.
943 1583 998 1615 20.
1024 1582 1150 1624 dotata]
1176 1582 1278 1615 «dote
1293 1581 1405 1621 freta,
1421 1581 1529 1613 adeo-

828 1641 898 1673 que
945 1631 1102 1673 superba
1140 1634 1249 1673 atque
1295 1631 1526 1673 imperiosa.»

827 1681 938 1714 Plaut.
973 1682 1065 1713 Men.
1094 1682 1131 1721 5,
1159 1682 1198 1720 2,
1237 1681 1299 1713 ⁴6:
1346 1681 1400 1712 Ita
1428 1681 1529 1712 istaec

827 1730 953 1769 solent,
1000 1739 1086 1770 quae
1117 1731 1208 1762 viros
1246 1729 1431 1762 subservire
1467 1729 1529 1761 sibi

822 1780 997 1820 postulant
1027 1780 1101 1812 dote
1126 1779 1255 1820 fretae,
1288 1779 1423 1820 feroces.
1470 1779 1530 1810 'ri-

827 1830 934 1862 tinius
967 1829 1080 1861 Bothii
1112 1838 1148 1870 p.
1184 1828 1250 1861 64:
1293 1829 1414 1861 Verum
1441 1828 1529 1860 enim

828 1878 949 1910 dotibu’
973 1878 1103 1910 deleniti
1124 1878 1213 1909 ultro
1235 1878 1336 1910 etiam
1365 1877 1530 1909 movibus

827 1927 1043 1960 ancillantur.
1083 1926 1194 1958 Plaut.
1219 1925 1295 1958 Aul.
1322 1926 1363 1965 3,
1388 1927 1431 1966 5,
1457 1926 1494 1958 64
1515 1935 1522 1956 z

827 1979 917 2010 Nam
928 1985 1015 2016 quae
1030 1977 1183 2008 indotata
1193 1979 1258 2015 est,
1274 1985 1315 2008 ea
1325 1976 1361 2008 in
1366 1979 1529 2016 potestate

829 2031 875 2059 est
895 2027 985 2064 viri,·
1008 2027 1154 2058 Dotatae
1167 2029 1319 2058 mactant
1340 2029 1372 2058 et
1393 2026 1484 2058 malo
1498 2029 1529 2059 et

829 2077 951 2108 damno
972 2076 1073 2107 viros.
1102 2093 1138 2098 —
1176 2075 1299 2117 virum]
1327 2076 1526 2115 «maritum,

830 2126 891 2167 qui
912 2126 989 2167 ipse
1013 2125 1160 2157 domum
1183 2133 1287 2157 suam
1313 2133 1438 2166 regere
1462 2124 1530 2157 de-

828 2175 967 2207 beret.»
1015 2173 1242 2214 (Monendum
1273 2175 1351 2206 erat
1382 2175 1529 2216 propter

829 2226 970 2257 Axtium
992 2225 1028 2256 in
1052 2225 1190 2256 Comm.
1215 2222 1299 2265 phil.
1325 2225 1366 2256 Π.
1391 2232 1427 2265 p.
1456 2223 1527 2264 23.)

833 2292 870 2297 —
904 2274 1028 2315 wuido]
1070 2273 1245 2305 «formoso
1279 2274 1316 2305 et
1349 2274 1527 2314 compto.»

831 2322 901 2355 Csr.
926 2322 991 2355 Od.
1015 2324 1056 2362 2,
1083 2323 1144 2362 ⁴2,
1170 2322 1234 2354 ⁴9:
1278 2322 1394 2354 nitidis
1420 2322 1530 2363 vir-qi-

830 2372 936 2404 nibus.
972 2390 1008 2395 ——
1046 2372 1226 2413 nec-fidit
1248 2372 1411 2414 adultero]
1437 2380 1529 2403 «non

832 2423 984 2458 tantam.
1010 2423 1049 2453 ut
1072 2421 1110 2453 fit
1132 2421 1229 2462 apud
1252 2430 1336 2461 nos,
1363 2421 1529 2453 fiduciam

832 2472 972 2513 reponit
1015 2472 1050 2504 in
1083 2471 1243 2504 adultero
1278 2472 1442 2513 potente,
1491 2472 1529 2501 ut

834 2521 908 2553 eius
931 2520 1058 2553 auxilio
1081 2521 1308 2562 impudenter
1331 2519 1419 2552 freta
1435 2545 1442 2558 ‚
1468 2528 1531 2551 su-

832 2569 945 2611 perba
967 2571 1073 2611 atque
1097 2571 1287 2612 imperiosa
1302 2570 1346 2602 sit
1362 2569 1397 2600 in
1412 2569 1530 2609 ipsum

807 2655 811 2659 ,
835 2619 1020 2660 maritum,
1059 2619 1153 2652 bunc
1176 2620 1321 2661 spernat
1344 2619 1447 2658 eique
1471 2625 1530 2648 re—
