1722 2904
663 78 835 111 HORATII
858 78 1083 112 CARMINUM

318 182 426 234 Iule,
460 182 614 226 ceratis
645 196 727 239 ope
758 181 973 225 Daedalea

320 265 471 307 Nititur
501 264 653 321 pennis
684 264 819 306 vitreo
858 263 1036 305 daturus

488 344 667 387 Nomina
697 350 839 401 ponto.

319 449 458 491 Monte
490 447 724 490 decurrens
755 445 871 488 velut
914 445 1071 495 amnis,
1107 445 1266 489 imbres
1579 451 1604 490 ὅ

238 619 267 650 3.
290 618 403 658 pinnis
426 617 463 655 B,
490 615 600 648 Codd.
627 614 747 647 Bland.

150 773 287 806 habens
312 774 347 805 et
369 780 515 805 suarum
531 771 659 803 virium
676 771 712 803 et
727 769 854 804 indolis

150 825 256 856 totius
279 823 421 855 Latinae
445 822 574 864 poesis.
601 822 713 855 Minus
730 822 852 862 utique

149 873 308 915 prudens
342 872 405 904 fuit
440 872 514 904 eius
556 871 672 904 iunior
716 871 853 904 amicus

149 924 277 962 Titius,
308 922 478 955 Pindarici
499 921 599 963 fontis
621 921 679 961 qui
701 930 768 953 non
791 930 854 953 ea>-

146 973 269 1012 palluit
301 972 457 1010 haustus,
495 971 584 1013 Epp.
611 971 647 1010 l,
674 970 711 1010 3,
738 970 791 1003 40.
818 971 853 1003 et

151 1021 257 1054 Rufus
271 1020 327 1053 ille
344 1020 455 1053 Ovidii
472 1029 516 1053 ex
532 1021 642 1053 Ponto
659 1019 696 1060 4,
713 1020 754 1052 46
766 1046 773 1060 ,
789 1020 849 1053 28;

149 1071 349 1103 Pindaricae
368 1070 488 1112 fidicen
510 1073 546 1102 tu
570 1079 716 1111 quoque,
755 1070 850 1112 Rufe,

149 1122 255 1161 lyrae.
290 1139 326 1144 -
362 1120 547 1162 aemulari]
584 1119 699 1153 Probe
725 1119 852 1153 distin-

149 1170 288 1212 guenda
322 1169 367 1202 ab
414 1170 609 1202 imitatione
649 1169 849 1203 aemulatio.

150 1219 234 1252 Plin.
260 1220 349 1261 Epp.
377 1220 416 1259 7,
443 1219 507 1252 30:
543 1219 682 1252 Libellos
702 1228 791 1252 meos
813 1220 853 1251 de

148 1270 272 1302 ultione
294 1269 436 1301 Helvidii
458 1269 605 1301 orationi
626 1269 853 1302 Demosthenis

149 1315 251 1351 κατὰ
274 1317 431 1351 Μειδίου
454 1318 584 1360 confers
596 1327 608 1357 ‚·
633 1328 736 1359 quarm
757 1327 850 1359 sane,

148 1378 224 1401 cum
261 1377 490 1409 componerem
533 1368 628 1409 illos‘,
679 1368 780 1400 habui
816 1369 852 1400 in

148 1417 320 1457 manibus,
343 1427 411 1450 non
433 1420 472 1450 ut
499 1418 691 1450 aemularer
714 1417 852 1459 (impro-

149 1469 226 1500 bum
255 1468 343 1500 enim
366 1477 408 1500 ac
425 1477 533 1508 paene
554 1467 757 1510 fumiosum)‚
797 1468 852 1500 sed

150 1522 263 1550 tannen
286 1518 441 1550 imitarer
463 1521 495 1550 et
515 1527 682 1559 sequerer.

192 1569 225 1600 2.
250 1567 329 1609 Iule]
354 1567 448 1600 Iulus
475 1566 573 1609 (salso
597 1568 632 1600 in
649 1567 736 1600 Cod.
756 1567 848 1601 Med.

150 1617 258 1649 Tacit.
294 1618 384 1649 Anu.
411 1616 446 1657 4,
473 1616 527 1649 44.
572 1618 608 1649 et
639 1617 734 1659 apud
765 1616 852 1650 alios

149 1667 252 1699 Iulius
273 1667 415 1707 dictus),
447 1666 629 1699 insolitum
652 1667 721 1699 hoe
745 1675 853 1708 prae-

150 1725 281 1749 nomen
304 1717 414 1757 gessit
435 1716 585 1748 inditum
609 1725 629 1748 a
652 1717 755 1758 patre
771 1742 778 1756 ,
815 1716 854 1748 ut

149 1766 374 1806 ostenderet,
400 1774 440 1798 se
463 1775 529 1807 per
545 1767 699 1799 matrem
715 1765 851 1806 Iuliam,

150 1817 186 1848 L.
212 1815 287 1849 Iulii
318 1816 480 1848 Caesaris
512 1815 643 1856 filiam,
680 1817 852 1857 attingere

150 1867 295 1906 gentem
308 1865 403 1898 illam
416 1866 613 1898 demissam
628 1865 673 1898 ab
686 1866 851 1906 Ascanio,

149 1916 202 1947 cui
212 1925 300 1948 nunc
311 1924 491 1957 coqnomen
502 1916 588 1956 Iulo,
607 1916 700 1957 Virg.
715 1917 803 1948 Aen.
820 1916 851 1955 i,

149 1966 225 1997 267.
239 1965 330 2006 288.,
348 1965 410 1998 ubi
424 1966 557 1998 Graeca
568 1966 853 2007 pronuntiatione

150 2017 206 2048 est
226 2024 358 2048 nomen
388 2014 631 2056 trisyllabum,
656 2016 714 2048 hic
733 2015 854 2047 Latina

149 2064 377 2106 bisyllabum.
426 2064 620 2106 Appellatio
645 2066 765 2097 autem
788 2074 854 2106 per

149 2123 370 2156 praenomen
381 2116 509 2156 poetae
522 2114 758 2147 familiaritem
771 2123 854 2147 eum

150 2165 285 2197 iuniore
309 2165 425 2197 amico
448 2164 590 2197 indicat.
617 2164 852 2205 Frigidissima

150 2215 275 2247 contra
300 2215 355 2247 est
377 2215 445 2250 ΗΡ.
472 2214 627 2255 suspicio
650 2214 723 2254 Ille,
761 2222 853 2255 quae

150 2264 179 2296 si
203 2263 308 2296 stulte
335 2264 480 2296 Horatio
510 2272 667 2305 unquam
698 2262 854 2305 placuis-

151 2314 223 2352 set,
259 2322 443 2354 nunquam
480 2313 666 2346 transisset
703 2313 739 2345 in
771 2313 851 2344 Iule.

150 2364 272 2403 Neque
307 2371 393 2395 vero
428 2362 513 2395 illud
548 2363 691 2403 argutiis
726 2371 853 2404 perse—

150 2411 333 2452 quendum
350 2413 423 2452 est,
442 2412 539 2453 quod
554 2412 611 2444 hic
628 2411 741 2445 semel
751 2421 855 2454 prae-

150 2470 282 2493 nomen
312 2471 332 2494 a
363 2461 539 2503 gentilicio
569 2462 713 2494 nomine
737 2471 770 2495 v.
796 2462 851 2494 26.

150 2511 328 2551 distraxit,
366 2511 448 2544 alibi
471 2520 558 2544 vero
592 2511 666 2553 (Od.
690 2512 731 2552 2,
749 2512 789 2552 2,
808 2511 850 2544 3:

151 2560 263 2601 Crispe
286 2561 429 2602 salusti,
467 2561 530 2594 Od.
549 2561 591 2601 2,
611 2562 646 2593 Μ
664 2587 671 2602 ,
691 2562 731 2593 2ι
771 2561 853 2593 Hir-

148 2611 226 2650 pine
271 2612 406 2652 Quinti,
444 2612 532 2653 Epp.
566 2612 603 2651 4,
634 2611 673 2650 3,
705 2611 747 2643 4:
788 2611 852 2644 [uli

152 2660 258 2701 Flore)
294 2661 473 2693 coniunxit
508 2669 638 2693 nomen
678 2661 790 2701 gentis
815 2662 850 2693 et

906 769 1068 803 familiae.
1087 786 1122 793 -—
1142 771 1274 812 ceratis]
1292 779 1396 805 «cera
1409 773 1605 807 coniunctis

903 819 1087 861 affixisque
1112 821 1288 862 corpori.»
1329 822 1452 855 Senot..
1491 823 1603 862 Cimo.

903 868 977 911 (mit
1005 870 1078 902 dem
1103 870 1376 912 Wachsyesieder.
1411 873 1535 905 GAnvE.
1539 873 1549 915 )
1567 890 1603 896 -

904 928 964 960 ope
985 919 1169 962 Daedalea]
1196 919 1313 953 «velut
1334 922 1410 954 arte
1434 920 1509 962 illa,
1535 930 1606 964 qua

904 967 1081 1002 Daedalus
1105 977 1193 1002 usus
1217 970 1283 1002 est.
1290 981 1307 999 n

947 1019 979 1051 3.
1019 1018 1052 1051 4.
1092 1018 1287 1061 NititurJ«
1271 1019 1460 1061 «sustinet,
1501 1019 1608 1053 librat

903 1077 943 1101 se
974 1068 1010 1100 in
1044 1071 1162 1101 aere.»
1213 1069 1307 1110 Virg.
1333 1070 1421 1102 Aen.
1447 1046 1490 1110 4,
1515 1070 1604 1103 252:

897 1118 1040 1158 paribus
1083 1118 1191 1150 nitens
1234 1118 1400 1159 Cyllenius
1443 1120 1517 1152 alis.
1567 1138 1603 1143 —

899 1167 1020 1209 vitreo]
1048 1163 1210 1211 «ὑαλίνῳ
1225 1192 1234 1207 ,
1258 1167 1455 1210 pellucido,
1481 1167 1600 1211 splen-

903 1217 986 1250 dido
1013 1217 1256 1260 (krystallenm
1294 1217 1346 1250 Cf.
1365 1218 1428 1251 0d.
1447 1218 1479 1258 3,
1499 1218 1553 1258 43,
1571 1219 1603 1252 4.

906 1287 942 1291 -
968 1268 1116 1300 Nomina
1127 1266 1242 1310 ponto]
1263 1266 1306 1300 'ut
1322 1276 1365 1300 ex
1380 1266 1515 1309 volgari
1529 1268 1605 1310 opi-

902 1317 1008 1350 nione
1041 1318 1162 1351 Icarus
1195 1317 1286 1350 mari
1320 1317 1444 1350 Icario.
1501 1317 1601 1351 Ovid.

902 1368 1002 1400 Trist.
1022 1367 1054 1408 3,
1073 1366 1093 1400 4
1105 1393 1112 1407 ,
1130 1368 1172 1400 22
1188 1376 1196 1400 :
1224 1367 1282 1409 (ut)
1296 1367 1413 1399 Ieams
1426 1367 1608 1400 immensas

901 1417 1033 1450 nomine
1065 1418 1171 1459 signet
1203 1425 1322 1458 aquas.
1372 1417 1441 1458 (De
1482 1414 1614 1459 plurali*

900 1467 1039 1499 nomina
1062 1467 1106 1500 cf.
1132 1466 1195 1499 Od.
1221 1466 1260 1507 3,
1277 1467 1340 1507 27,
1359 1466 1427 1508 76.)
1451 1467 1604 1508 Dempta

903 1517 1080 1558 imagine:
1144 1517 1359 1549 «Summum
1403 1515 1604 1561 periculum

903 1567 996 1607 adit,
1028 1576 1075 1599 ne
1093 1592 1100 1606 ,
1130 1566 1217 1599 dum
1240 1565 1410 1599 audacior
1432 1574 1513 1599 esse
1535 1566 1608 1600 volt

903 1618 1009 1659 atque
1034 1616 1214 1657 sublimis,
1251 1616 1342 1649 adeo
1365 1616 1514 1650 vitiosus
1537 1618 1610 1650 tur-

904 1666 1078 1708 gidusque
1114 1667 1192 1706 fiat,
1231 1667 1272 1699 ut
1294 1674 1419 1700 omnes
1443 1666 1476 1698 ei
1499 1674 1609 1708 expe-

904 1717 1098 1750 rimentum
1121 1715 1215 1748 male
1239 1715 1391 1749 cessisse
1414 1715 1607 1749 iudicent.»

947 1767 979 1798 5.
1006 1765 1126 1807 oannis]
1146 1765 1371 1807 Comparatio
1383 1766 1512 1807 poetae
1524 1773 1608 1798 cum

905 1816 1000 1848 amni
1035 1824 1079 1848 ex
1113 1824 1156 1848 eo
1191 1823 1334 1857 quoque
1370 1814 1580 1857 explicanda
1597 1841 1605 1855 ,

905 1865 1002 1907 quod
1025 1865 1126 1898 solito
1149 1863 1279 1911 τρόπῳ
1295 1865 1463 1898 dicebant
1483 1866 1609 1908 flumen

904 1916 1048 1957 inqenii,
1073 1916 1246 1948 orationis.
1273 1915 1347 1948 Cic.
1365 1915 1473 1948 Acad.
1491 1916 1525 1955 2,
1543 1915 1606 1949 38;

904 1966 1041 1998 Flwmen
1085 1966 1247 1998 orationis
1279 1974 1422 1998 aureum
1464 1965 1610 2007 fundens

904 2015 1113 2054 Aristoteles3
1146 2015 1268 2056 sicque
1293 2015 1400 2048 etiam
1421 2015 1507 2057 fons.
1554 2016 1609 2047 Iu·
1643 2020 1647 2023 ·

904 2074 985 2097 ven.
1016 2065 1075 2105 ⁴0,
1106 2065 1188 2097 4⁴8:
1224 2067 1403 2106 utrumque
1424 2065 1557 2106 Largus
1577 2068 1609 2097 et

904 2115 1079 2148 exundans
1093 2114 1155 2146 leto
1177 2114 1266 2146 dedit
1285 2114 1518 2156 inqeniifons.
1544 2113 1606 2156 (De

905 2173 970 2198 sua
985 2164 1085 2206 poesi
1107 2164 1183 2206 ipse
1199 2163 1371 2197 Pindarus
1388 2162 1526 2206 olymp.
1546 2164 1582 2196 Μ
1597 2189 1604 2203 ,

906 2214 937 2246 9.
960 2214 1125 2246 Boeckh:
1151 2210 1220 2246 νῦν
1242 2210 1386 2255 ψᾶφον
1409 2211 1608 2255 ἑλισσομέ-

905 2273 975 2295 ναν
984 2257 1081 2295 “Ona
1096 2260 1203 2305 κῦμα
1213 2259 1474 2295 κατακλύσσει
1487 2257 1606 2308 ῥέον,·)

949 2313 1044 2346 6-8.
1070 2312 1178 2354 notas]
1203 2313 1450 2346 wonauetas.»
1488 2310 1603 2346 Manil.

905 2362 925 2395 4
937 2388 945 2402 ,
963 2362 1045 2395 447:
1070 2362 1157 2394 notis
1169 2362 1336 2404 fuqt'entia
1349 2361 1493 2405 flumina
1507 2361 1604 2402 ripis,

905 2411 971 2444 sed
993 2411 1099 2444 Iacob
1121 2412 1241 2452 ruptis.
1281 2430 1317 2434 —
1353 2410 1517 2444 Absurde
1552 2411 1607 2443 est

905 2460 1034 2494 lectio:
1071 2471 1147 2494 cum
1183 2460 1340 2503 (imbres)
1375 2469 1476 2501 super
1510 2463 1608 2493 notas

903 2511 1022 2544 saliere
1043 2512 1149 2553 ripas.
1184 2529 1220 2535 —
1244 2510 1377 2553 Fervet]
1403 2510 1518 2552 «ζέει,
1543 2517 1607 2542 ae-

905 2562 1034 2593 stuat.»
1083 2562 1229 2602 Dionys.
1266 2561 1372 2601 Long.
1410 2559 1470 2600 48,
1580 2554 1603 2591 ὁ

903 2608 1094 2656 Πίνδαρος
1128 2610 1196 2643 καὶ
1233 2606 1256 2642 ὁ
1287 2560 1519 2652 Σοφοκλὴζςὸ
1539 2603 1604 2641 οτὲ

903 2659 974 2702 μὲν
1011 2654 1095 2692 οἷον
1131 2657 1256 2692 πάντα
1283 2657 1534 2702 ἐπιφλέγουσι
1555 2655 1604 2704 τῇ
