1722 2904
236 69 318 112 594
750 71 922 104 noima
947 70 1173 105 CARMINUM

234 177 331 209 enim
353 174 400 208 ob
425 184 589 210 caussam
613 176 731 210 minus
754 176 942 210 honestam
958 174 1106 208 Lollium
1131 175 1228 209 esset
1243 172 1427 208 adulatus?
1445 193 1482 199 —
1506 175 1687 209 Incertum

235 233 290 265 est
311 232 357 266 M.
382 230 479 264 Lollii
503 240 725 273 cognomen3
751 241 835 264 nam
859 232 894 264 in
918 232 1150 273 Inscriptione
1183 230 1289 273 (apud
1317 231 1434 273 Sigon.
1460 231 1496 264 et
1517 231 1616 273 Pigh.
1641 230 1688 265 ad

234 297 267 320 a.
293 286 383 330 732.)
417 289 566 321 vocatur
597 286 805 330 simpliciter
825 288 873 321 M.
900 287 1024 319 Lollius
1043 287 1093 319 M.
1118 287 1156 319 F.
1197 287 1233 320 et
1266 287 1359 320 Fasti
1393 285 1576 330 Capitolini
1609 287 1687 333 eius

235 343 316 376 anni
351 343 493 377 desunt.
553 343 753 376 Palikanwm
786 343 945 375 nominat
978 343 1182 376 Torrentius
1215 344 1292 376 sine
1326 343 1424 376 certa
1457 344 1685 384 auctoritate,

235 399 301 432 sed
324 399 400 432 eius
422 398 580 441 aequalis
603 400 640 432 L.
666 399 762 432 Lollii
783 399 937 431 Palilcani
961 400 1102 431 exstant
1135 399 1296 438 nummi;
1336 398 1399 431 cfr.
1424 397 1555 431 Eckhel
1577 400 1618 432 D.
1643 401 1685 432 N.

233 455 277 487 V.
301 463 382 497 pag.
407 455 484 487 235.
535 455 687 496 Ryckius
712 455 758 487 ad
781 456 861 487 Tac.
886 455 976 487 Ann.
1003 455 1063 495 42,
1090 455 1122 487 l.
1147 456 1184 487 et
1206 453 1381 488 Obbarius
1404 453 1451 488 ad
1473 455 1562 497 Epp.
1589 454 1627 496 ⁴,
1652 455 1685 488 2.

234 519 315 553 pag.
334 511 387 543 Μ.
411 511 602 543 Paullinum
623 512 768 550 vocant,
803 511 886 552 quia
909 510 1024 552 neptis
1049 511 1126 543 eius
1140 511 1249 543 Lollia
1263 511 1421 543 Paullina
1444 511 1480 543 et
1500 511 1548 544 M.
1564 510 1690 543 Lollius

232 567 407 599 paullinus
429 565 551 599 consul
568 566 739 599 suffectus
762 575 794 598 a.
814 575 848 598 u.
868 575 900 598 c.
919 565 996 599 846.
1022 565 1096 598 fuit.
1144 566 1215 599 Sed
1235 566 1306 599 hoc
1329 575 1472 608 quoque
1495 567 1685 607 incertum,

235 631 319 655 cum
341 631 407 664 per
430 622 518 654 duas
542 623 660 654 tresve
684 622 821 654 aetates
844 622 922 654 tum
944 622 1155 663 cognomina
1178 621 1396 664 permultum
1423 622 1563 655 variare
1593 621 1688 655 sole-

238 679 328 710 rent.
376 678 576 710 Piranesius
611 677 647 709 in
669 678 780 710 Fastis
805 677 917 719 Capit.
953 677 998 709 ad
1021 686 1054 710 a.
1081 677 1156 710 732.
1193 686 1278 725 eum
1300 677 1454 720 appellat
1473 679 1522 711 M.
1546 678 1688 710 Lollium

232 734 393 767 Paediwm
418 734 538 765 Verum
561 741 605 764 ex
627 733 859 774 Inscriptione
876 733 1058 766 Ursiniana
1081 733 1176 775 apud
1192 734 1290 777 Grut.
1308 733 1388 767 4034
1409 759 1417 774 ,
1442 733 1475 767 4.
1499 734 1687 767 manifesto

234 788 385 822 conficta
409 797 452 821 ex
475 789 595 820 Horat.
613 789 701 830 Epp.
726 789 739 820 4
758 814 765 828 ,
791 789 853 829 20,
882 789 937 822 28.
964 790 999 822 et
1022 788 1089 821 alio
1111 790 1205 831 turpi
1228 798 1351 822 errore
1376 791 1414 831 Q.
1442 791 1540 823 Iunio
1563 789 1688 830 Lepido

232 854 298 887 pro
331 845 469 877 Aemilio
502 845 696 885 inquinata.
743 844 884 885 Lollius,
921 844 967 877 ad
1002 854 1113 886 quem
1147 846 1203 878 est
1232 845 1321 888 Epp.
1356 846 1393 886 ⁴,
1418 846 1477 887 2.,
1509 845 1615 878 huius
1638 845 1684 879 M.
1721 855 1722 858 ¹

233 900 330 933 Lollii
354 899 444 933 filius
467 900 609 933 videtur
631 900 751 933 fuisse.
770 919 807 924 —-
834 902 1043 933 «Poetarum
1066 902 1284 934 Graecorum
1299 901 1508 942 Lyricorum
1531 899 1689 943 (quibus-
1718 909 1722 945 1ῑ

234 965 318 989 cum
352 956 505 988 fidenter
539 964 604 997 ego
619 981 627 996 ,
662 957 835 988 Romanae
876 957 995 998 fidicen
1043 957 1157 997 lyrae,
1194 965 1253 990 me
1287 957 1465 999 consocio)
1502 956 1683 997 carmina,
1718 948 1722 983 ἐ

232 1012 374 1045 tametsi
397 1013 531 1058 primas
555 1011 647 1044 ultro
672 1011 865 1045 deferimus
888 1013 1066 1052 Homero,
1106 1013 1228 1045 tamen
1251 1013 1455 1046 etiamnunc
1478 1013 1619 1045 exstant
1641 1021 1685 1046 ac
1715 985 1722 1037 l

232 1076 372 1100 summa
397 1076 481 1100 cum
504 1067 736 1100 admiratione
761 1067 806 1100 ab
831 1067 997 1100 omnibus
1019 1067 1205 1109 leguntur3
1239 1068 1291 1102 sic
1313 1077 1395 1101 mea
1418 1077 1562 1110 quoque
1585 1069 1687 1101 aeta-
1715 1041 1722 1104 l

231 1124 307 1155 tem
329 1122 520 1156 durabunt.
569 1123 640 1155 Sed
671 1122 840 1166 permulti
872 1124 1075 1166 priscorum
1109 1123 1249 1156 illorum
1282 1124 1452 1164 heroum,
1489 1124 1550 1166 qui
1583 1125 1687 1157 ante-

232 1179 420 1211 cesserunt
442 1179 592 1211 Troiana
617 1180 800 1221 tempora,
827 1188 848 1212 a
871 1179 966 1212 nullo
988 1181 1094 1221 poeta
1118 1179 1306 1212 collaudati
1327 1189 1422 1213 nunc
1445 1180 1576 1213 misera
1599 1179 1687 1213 obli·
1707 1214 1709 1218 Α

230 1234 335 1267 vione
356 1236 591 1276 premuntur;
627 1243 720 1276 quae
756 1236 876 1277 iniqua
909 1235 1050 1268 fortuna
1084 1245 1130 1268 ne
1153 1237 1188 1268 te
1211 1244 1355 1277 quoque
1378 1236 1538 1276 maneat,
1573 1234 1683 1277 Lolli,
1710 1227 1711 1231 ¹

230 1290 301 1323 hoc
324 1290 482 1323 carmine
506 1290 652 1322 eximias
675 1291 755 1323 tuas
777 1292 926 1324 virtutes
944 1291 1174 1333 praedicante
1198 1291 1302 1332 satis,
1326 1293 1366 1323 ut
1388 1300 1511 1332 spero,
1537 1292 1684 1325 cautum

231 1346 332 1378 erit.»
378 1347 558 1388 Scriptum
590 1346 732 1379 videtur
762 1356 908 1379 carmen
931 1348 1012 1389 post
1033 1346 1131 1379 Lollii
1154 1346 1394 1388 consulatum,
1430 1347 1579 1381 fortasse
1602 1347 1686 1389 post

232 1401 394 1442 cladem,
430 1410 540 1443 quam
567 1402 604 1435 in
632 1403 821 1435 Germania
848 1411 977 1445 passus
1007 1403 1078 1443 est,
1115 1403 1211 1436 circa
1233 1411 1265 1435 a.
1290 1411 1326 1435 u.
1352 1411 1384 1435 c.
1409 1402 1487 1435 738.
1521 1401 1579 1435 vel
1602 1402 1680 1435 739.

231 1458 386 1490 maxime
408 1459 556 1499 propter
576 1466 611 1490 v.
636 1457 700 1491 35:
725 1458 874 1491 secundis
898 1458 1109 1499 Temporibus
1130 1458 1300 1499 dubiisque
1323 1459 1394 1493 cet.
1441 1458 1574 1498 Quodsi
1601 1455 1700 1501 post

231 1513 326 1546 hanc
356 1514 596 1556 compositum
627 1514 706 1555 est,
741 1513 991 1547 consolationis
1022 1515 1101 1548 vice
1131 1514 1288 1556 fungitur
1315 1514 1684 1556 existimationemque

232 1568 331 1617 Lollii
352 1568 410 1601 illa
442 1569 666 1603 imminutam
680 1594 689 1611 ‚
729 1570 906 1611 quatenus
951 1569 1113 1605 civilibus
1147 1571 1223 1604 eius
1255 1569 1443 1604 virtutibus
1477 1568 1687 1604 extollendis

234 1624 310 1657 fieri
333 1626 497 1667 poterat,
522 1625 765 1668 redintegrare
789 1626 921 1659 studet.
