1722 2904
267 123 348 164 406

781 121 950 153 HORATII
975 120 1198 154 CARMINUM

774 436 1194 478 cmx-

490 540 732 583 Extremum
763 539 919 581 Tanain
949 538 985 581 si
1013 537 1208 587 biberes,
1240 537 1378 596 Lyce,

488 620 626 663 Saevo
657 626 788 677 nupta
817 619 930 669 viro,
963 632 1032 660 me
1063 624 1206 661 tamen
1229 631 1406 675 asperas

487 703 735 761 Por-rectum
765 707 861 743 ante
892 699 1006 742 fores
1036 698 1226 742 obiicere
1256 697 1406 743 incolis

600 782 796 825 Plorares
826 780 1119 837 Aquilonibus.

350 904 389 936 X.
416 905 525 935 Inser.
543 901 634 943 volg.
659 902 710 934 Ad
730 902 855 941 Lycen,
888 901 923 933 et
946 900 997 932 sic
1018 899 1129 932 Codd.
1153 900 1235 932 mei.
1257 916 1293 923 -—
1312 900 1344 932 2.
1370 908 1508 941 asperas
1529 909 1599 933 om.
1622 901 1659 933 T.

310 971 344 975 —-
372 953 402 985 3.
419 953 604 985 PrOiectum
622 950 732 984 Bentl.
759 952 849 983 coni.

306 1060 346 1091 X.
375 1059 436 1091 Est
458 1058 723 1100 quodammodo
739 1056 960 1104 παρακλαυ-

264 1108 444 1154 σίθυρον,
481 1116 552 1140 non
576 1109 695 1139 tamen
718 1108 868 1147 iustum,
907 1108 961 1149 (ut

262 1159 358 1200 apud
390 1158 566 1199 Aristoph.
604 1156 739 1190 Eccles.
765 1157 840 1189 960.
872 1157 961 1190 ado-

262 1208 427 1241 lescentis
460 1206 563 1239 illud:
603 1203 725 1252 Δεῦρο
761 1204 808 1249 δὴ
846 1203 960 1253 δεῦρο

262 1255 330 1300 δή,
363 1257 438 1290 Καὶ
461 1254 509 1289 σύ
533 1266 602 1298 μοι
631 1254 877 1303 καταδραμοῦ
903 1273 913 1285 =
941 1254 956 1290 ΙΙ

263 1319 316 1340 σα
337 1304 408 1350 τὴν
431 1304 555 1353 θύραν
578 1302 736 1348 ἄνοιξον
767 1304 894 1349 Τήνὸ·
927 1307 962 1340 εἰ

261 1357 302 1391 δὲ
325 1355 394 1400 μή,
419 1354 646 1390 καταπεσών
661 1356 870 1400 κείσομαι.)
893 1366 960 1390 nec

263 1408 338 1441 sine
381 1407 492 1440 ironia
533 1407 688 1448 quadam
732 1406 849 1440 iuncta
892 1407 961 1440 mi-

264 1459 318 1490 nis
351 1466 390 1489 se
425 1457 632 1498 neutiquam
667 1466 810 1498 semper
846 1458 960 1498 Lyces

264 1508 393 1541 fastum
416 1506 647 1539 toleraturum
665 1515 756 1539 esse.
783 1507 868 1539 Tota
884 1515 961 1539 sce-

263 1566 307 1589 na
331 1557 472 1589 videtur
494 1556 587 1589 ficta.
637 1557 802 1598 (Tempus
825 1558 957 1596 autem,

264 1616 335 1648 quo
352 1607 587 1648 compositum
604 1607 664 1646 sit,
685 1615 832 1648 prorsus
847 1607 961 1638 incer-

264 1658 340 1689 tum
363 1657 441 1697 est.)

308 1707 338 1738 4.
358 1707 389 1738 2.
418 1706 556 1747 Tanain]
577 1715 739 1738 «amnem
756 1705 854 1738 illum
870 1707 960 1747 Scy-

263 1758 356 1789 thiae
380 1765 400 1788 a
423 1758 530 1789 Roma
556 1756 758 1797 longissime
781 1758 959 1789 remotum

263 1807 292 1839 si
315 1806 494 1845 biberes»;
520 1808 558 1838 ut
573 1806 635 1839 Od.
654 1808 694 1846 2,
713 1807 773 1845 20,
792 1807 852 1839 2οε
877 1806 961 1839 Rho-

263 1857 408 1897 danique
425 1859 542 1896 potor;
567 1855 604 1895 4,
632 1856 692 1895 45,
717 1856 779 1888 24ε
806 1856 863 1896 qui
879 1865 961 1896 pro-

262 1907 403 1947 fundum
434 1906 627 1938 Danubium
656 1906 784 1945 bibunt3
822 1907 874 1938 «si
903 1905 959 1938 vel

264 1956 444 1997 Scythissa
479 1964 613 1988 esses.»
647 1973 682 1978 —
712 1955 829 1997 Saevo]
865 1951 961 1988 ὑπο-

265 2003 425 2046 θετικῶς
448 2006 538 2038 haec
552 2006 775 2047 accipienda:
803 2006 853 2039 «si
869 2006 961 2038 inter

265 2056 414 2096 Scythas
442 2055 621 2088 habitares
645 2054 783 2096 ibique,
820 2057 859 2087 ut
880 2057 962 2088 sunt

264 2105 326 2144 illi,
362 2105 471 2138 feroci
504 2106 612 2147 nupta
646 2113 746 2138 esses
782 2107 892 2138 viro.»
922 2124 959 2130 —-

264 2155 411 2197 asperas]
437 2164 602 2197 «semper
622 2165 680 2188 me
697 2155 960 2188 excludentes.»

266 2205 375 2246 Epod.
403 2206 461 2244 44,
491 2206 550 2238 22;
580 2206 713 2238 Limina
735 2207 833 2238 dura.

308 2255 339 2286 3.
359 2254 390 2287 4.
414 2255 615 2297 porrectum]
642 2254 764 2296 «longe
781 2256 961 2288 extentum

265 2304 434 2344 humique
454 2306 639 2337 stratum.»
687 2305 756 2337 Cfr.
774 2305 886 2346 Epod.
906 2305 959 2344 40,

265 2354 317 2384 22.
345 2354 413 2384 Sat.
439 2354 477 2392 2,
504 2353 539 2391 3,
567 2354 642 2386 442.
672 2354 731 2386 His
748 2353 961 2386 tribuslocis

265 2401 461 2434 Bentleium
478 2402 620 2443 volgare
637 2412 670 2435 v,
680 2404 865 2443 proiectum
880 2403 963 2436 sub-

264 2452 419 2483 stituisse
442 2451 635 2484 dolendum
659 2454 722 2485 est.
753 2453 899 2485 Theocr.
919 2452 957 2493 3,

266 2501 327 2534 52:
364 2497 435 2533 οὐκ
460 2496 511 2533 ἔτ’
536 2498 661 2541 ἀείδω,
687 2498 897 2545 Κεισεῦμαι
919 2501 960 2535 δὲ

268 2547 404 2582 πεσών.
451 2552 692 2585 Aristaenetus
719 2553 755 2592 4,
788 2553 850 2584 2οῑ
888 2562 961 2591 χα-

266 2604 460 2641 μαιπετεῖς
494 2598 696 2643 κοιιιήσεις
729 2601 791 2635 ἐπὶ
824 2600 961 2648 θύραις

268 2649 471 2682 ποιεῖσθαι.
490 2669 525 2674 -
538 2651 960 2694 Plorares]«Mise1-ereris

268 2700 385 2731 tamen
414 2709 471 2733 me
502 2701 571 2742 pati
597 2700 704 2742 frigus
728 2700 957 2743 Aquilonum,

878 969 914 973 —
941 951 1067 984 obicere
1090 951 1154 984 Bd.

1010 1059 1070 1099 qui
1102 1058 1138 1090 in
1172 1058 1314 1099 Scythia
1348 1051 1455 1090 veluti
1489 1057 1706 1091 domicilium

1009 1116 1116 1141 suum
1138 1107 1306 1140 habent.»
1660 1146 1663 1151 ,

1053 1158 1085 1190 5.
1119 1157 1150 1190 6.
1186 1157 1318 1199 nanus]
1348 1156 1554 1190 viridarium
1589 1157 1706 1199 (euius

1010 1215 1122 1248 genus
1155 1215 1284 1240 nemus
1316 1206 1419 1249 volgo
1451 1207 1571 1240 siwam
1597 1215 1707 1240 voca-

1009 1256 1114 1299 bant)
1148 1257 1185 1290 in
1212 1256 1341 1290 domus
1371 1255 1540 1299 impluvio
1569 1255 1707 1300 plauta-

1010 1307 1098 1339 tum.
1123 1306 1210 1349 Epp.
1235 1307 1273 1347 4,
1298 1307 1357 1347 40,
1382 1307 1443 1339 22;
1475 1307 1600 1347 Nempe
1620 1306 1708 1339 inter

1008 1357 1126 1389 varias
1139 1357 1291 1389 nutritur
1305 1356 1390 1388 silva
1401 1356 1582 1389 columnas.
1600 1357 1709 1389 Pseu-

1010 1406 1119 1439 dotib.
1138 1406 1176 1446 3,
1201 1405 1241 1446 3,
1268 1406 1328 1438 45;
1363 1406 1409 1438 Et
1428 1414 1568 1438 nemora
1587 1405 1624 1438 in
1646 1406 1708 1438 do-

1008 1456 1115 1488 mibus
1135 1464 1249 1488 sacros
1269 1456 1440 1488 imitantia
1465 1455 1566 1488 lucos.
1605 1453 1707 1488 Tales

1010 1505 1116 1539 silvas
1139 1505 1318 1538 interdum
1341 1506 1447 1538 etiam
1470 1505 1507 1538 in
1529 1505 1632 1538 tectis
1646 1505 1709 1538 ha-

1009 1555 1160 1596 hebant;
1190 1556 1324 1589 Seneca
1347 1556 1411 1598 Ep.
1438 1555 1521 1588 422·
1553 1555 1631 1588 Non
1652 1555 1708 1587 vi-

1008 1609 1091 1639 vunt
1111 1609 1230 1638 eontra
1257 1609 1437 1646 naturam,
1473 1605 1530 1648 qui
1547 1605 1708 1647 pomaria

1009 1657 1045 1688 in
1066 1657 1203 1689 summis
1224 1655 1373 1688 travibus
1398 1658 1534 1696 semme,
1565 1662 1708 1696 quonam

1009 1706 1112 1739 silvae
1133 1707 1170 1739 in
1192 1706 1286 1738 tectis
1307 1705 1482 1739 domorum
1504 1713 1545 1738 ac
1565 1704 1709 1747 fastigiis

1007 1755 1153 1788 nutant?
1166 1755 1228 1788 Est
1241 1755 1363 1798 igitur:
1383 1755 1480 1795 «Quo
1492 1754 1641 1796 strepitu
1652 1751 1711 1787 sil-

1009 1817 1053 1840 va
1070 1806 1198 1839 domus
1213 1806 1296 1838 tuae
1307 1806 1454 1838 resonet
1465 1806 1614 1848 propter
1623 1812 1710 1837 ven-

1009 1857 1103 1890 tos‘b»
1114 1874 1150 1880 —
1158 1858 1280 1896 samma,
1290 1855 1478 1896 consitum,
1492 1854 1595 1896 longe
1605 1862 1710 1896 prae-

1010 1908 1080 1940 stat
1092 1904 1227 1947 volgari
1241 1905 1341 1938 sicum
1350 1930 1358 1945 ,
1375 1905 1415 1937 ut
1428 1905 1527 1938 recte
1542 1902 1709 1936 iudicavit

1010 1957 1117 1989 etiam
1139 1955 1303 1988 Heinsius
1323 1953 1515 1987 Adversar.
1538 1962 1575 1996 p.
1598 1952 1677 1994 298.

1053 2007 1085 2038 7.
1105 2005 1137 2039 8.
1171 2005 1279 2038 Ventis
1300 2003 1408 2038 ablat.
1422 2029 1430 2044 ,
1455 2012 1543 2044 non,
1567 2004 1608 2036 ut
1622 2011 1709 2036 non-

1011 2054 1094 2088 nulli
1106 2053 1239 2095 volunt,
1258 2053 1409 2087 dativus.
1428 2053 1498 2087 Cfr.
1511 2053 1606 2094 virg.
1617 2053 1705 2085 Aen.

1011 2106 1072 2145 42,
1097 2105 1180 2137 722;
1216 2105 1342 2146 ⁸uomitu
1361 2110 1709 2136 ”memoremu-

1009 2155 1069 2196 ρει.
1101 2172 1136 2177 -
1176 2153 1232 2187 Ad
1257 2161 1358 2195 seqq.
1391 2161 1435 2186 ex
1459 2162 1494 2185 v.
1519 2151 1619 2185 audis
1641 2159 1708 2193 per

1011 2212 1159 2245 zeugma
1193 2202 1298 2236 elice:
1347 2202 1530 2236 «sentin»
1576 2201 1708 2234 Huiu&

1011 2253 1107 2287 modi
1119 2253 1345 2294 zeugmatum
1355 2251 1488 2285 illustre
1501 2249 1706 2292 exemplum

1011 2305 1067 2336 est
1089 2303 1190 2336 Hom.
1217 2303 1346 2345 Hymn.
1368 2300 1480 2363 Apoll3
1497 2299 1583 2334 264:
1607 2299 1707 2332 εἰσο-

1010 2350 1181 2411 ράασθαι
1196 2347 1364 2409 ’Ἀρματά
1385 2351 1416 2383 τ’
1440 2345 1626 2393 εὐποίητα
1640 2347 1707 2381 aaa

1010 2399 1221 2436 ὠκυπόδων
1250 2398 1395 2434 κτύπον
1426 2398 1562 2432 ἵππων.
1609 2399 1707 2432 Hanc

1011 2448 1161 2494 figuram
1183 2452 1348 2485 reiieiens
1370 2449 1548 2484 Bentleius
1570 2457 1613 2481 ac
1627 2456 1722 2491 sen-¹

1010 2503 1157 2534 tentiam
1180 2501 1291 2542 magis
1306 2499 1486 2542 volgarem
1500 2497 1706 2541 praeferens

1011 2552 1118 2584 Sentis
1151 2554 1181 2584 et
1213 2550 1312 2584 dedit
1345 2559 1389 2583 ex
1411 2549 1473 2582 Od.
1503 2548 1541 2589 3,
1572 2547 1632 2587 28,
1662 2547 1703 2579 5:

1009 2601 1174 2633 Inclinare
1191 2600 1363 2633 meridiem
1383 2599 1500 2632 Sentis.
1530 2615 1567 2621 —
1578 2595 1707 2638 positas

1009 2654 1047 2682 ut
1060 2651 1181 2692 qlaciet
1194 2649 1295 2691 nives]
1321 2649 1381 2681 «ut
1394 2649 1452 2681 nix
1463 2673 1472 2688 ‚
1497 2655 1589 2690 quae
1605 2645 1705 2679 caelo

1011 2699 1107 2743 lapsa
1140 2701 1195 2733 est
1225 2697 1466 2742 superioribus
1494 2696 1620 2730 diebus
1650 2696 1706 2728 at-
