1722 2904
229 82 312 122 690
778 83 947 115 ΗοκΑτιι
972 83 1143 115 monos

697 534 1010 574 cmm
1048 533 1206 581 vm-

458 699 618 754 Rogare
652 696 780 753 longo
811 695 1004 752 putidam
1036 703 1077 739 te
1108 695 1282 742 seculo.
1715 659 1722 782 ἦ

509 778 629 820 Vires
660 775 766 834 quid
798 783 977 819 enervet
1006 777 1161 819 meas?

454 859 558 900 Cum
590 857 643 899 sit
674 856 749 899 tibi
781 857 889 900 dens
920 864 1011 900 ater
1042 864 1085 901 et
1114 858 1232 915 rugis
1261 864 1386 900 vetus

515 941 714 981 Frontem
744 945 945 982 senectus
977 945 1142 989 exaret,
1710 995 1711 999 Ἰ

453 1020 638 1076 Hietque
668 1019 805 1076 turpis
837 1018 947 1062 inter
977 1018 1120 1062 aridas
1150 1025 1272 1063 nates
1655 1020 1680 1060 5

312 1177 399 1209 VIII.
436 1178 545 1209 1nser.
572 1174 663 1217 volg.
699 1175 738 1206 In
770 1183 874 1207 anam
907 1174 1128 1207 libidinosam.
1168 1193 1205 1198 —
1243 1175 1461 1207 Prostitutam
1477 1175 1635 1216 putidam

269 1237 372 1260 anwm
404 1229 550 1259 sectatur
586 1226 706 1267 (immo
729 1224 924 1267 insectatur)
947 1225 1032 1257 vitia
1065 1225 1215 1265 corporis
1244 1225 1315 1257 eius
1341 1224 1554 1266 proscribens
1585 1225 1612 1258 B
1627 1250 1635 1265 ,

268 1286 309 1309 ac
333 1276 493 1309 similiter
516 1285 546 1308 c.
577 1294 611 1299 —
638 1276 670 1308 2.
697 1276 785 1315 qaod
806 1275 900 1315 BS‚C
927 1275 1009 1316 (non
1031 1274 1102 1315 bc).
1132 1292 1167 1298 —
1192 1283 1326 1307 enerves
1347 1274 1390 1314 b,
1415 1277 1553 1307 enervat
1576 1275 1612 1307 S.

269 1419 355 1451 VIII.
411 1419 485 1451 Hoc
524 1426 669 1459 quoque
707 1425 853 1450 carmen
890 1418 931 1449 ut
980 1418 1087 1459 atque
1111 1411 1264 1459 ἡλικία,
1289 1416 1393 1451 simili
1407 1417 1682 1460 transpositione

226 1468 337 1510 Epod.
364 1468 417 1500 42.
443 1468 478 1500 in
506 1466 796 1509 Inscriptionibus
822 1466 931 1499 Codi-
981 1476 1023 1499 ac
1048 1463 1198 1512 μοοφή,
1225 1467 1349 1509 forma.
1388 1466 1554 1500 Similiter
1574 1476 1693 1507 3ιιιιιι,

225 1527 308 1550 cum
332 1517 466 1558 aliquot
498 1517 533 1548 in
562 1516 754 1549 Gratidiam
783 1525 932 1558 compo-
981 1516 1153 1550 describit
1174 1516 1238 1549 Od.
1257 1516 1295 1556 4,
1314 1516 1373 1557 43,
1397 1517 1513 1559 9sqq.
1541 1535 1579 1540 —
1604 1511 1685 1550 don}

225 1568 334 1600 situm
357 1575 437 1600 esse
463 1565 613 1606 dicitur,
648 1566 929 1607 parummtique
981 1566 1070 1608 ater]
1103 1575 1169 1608 pro
1191 1564 1318 1608 plurali
1347 1565 1472 1608 (dentes
1499 1566 1570 1598 αιη·
1591 1566 1687 1608 Epp:

223 1616 467 1658 probabiliter.
515 1617 554 1648 In
589 1616 715 1648 neutro
756 1616 851 1648 enim
874 1614 928 1647 ul-
981 1617 1019 1656 4,
1050 1616 1088 1655 8,
1117 1615 1181 1656 7.,)
1226 1624 1345 1657 neque
1375 1614 1690 1658 interpretandum

224 1665 296 1699 lam
323 1666 542 1698 mentionem
577 1665 659 1697 facit
689 1665 817 1697 artium
851 1673 930 1697 ma·
980 1674 1063 1698 eum
1079 1663 1172 1704 aliis,
1196 1673 1309 1697 unum
1325 1664 1471 1698 dentem
1486 1665 1627 1707 nigrum
1658 1669 1691 1696 me

225 1716 404 1756 gicarum,
431 1714 561 1756 quibus
586 1713 643 1746 illa
666 1716 784 1757 ipsum
807 1723 931 1756 perse-
979 1715 1210 1755 remansisse,
1229 1716 1368 1748 ceteros
1385 1723 1466 1748 eam
1482 1709 1693 1757 exspuisse*¹

226 1768 306 1798 outa
331 1767 409 1798 erat
439 1766 546 1806 atque
578 1765 614 1797 in
645 1774 684 1797 se
718 1765 927 1797 irritaverat.
981 1764 1031 1797 Cf.
1058 1764 1169 1806 Epod.
1189 1764 1221 1805 6,
1241 1765 1294 1797 45.
1321 1783 1358 1789 -
1381 1767 1633 1798 vetus-senec

225 1815 289 1847 Hic
313 1817 435 1847 autem
459 1813 682 1846 Archilochio
700 1814 808 1846 modo
831 1814 932 1847 inve-
980 1815 1120 1846 Terent.
1139 1814 1227 1846 Eun.
1242 1813 1281 1853 4,
1298 1812 1335 1854 4,
1353 1814 1391 1847 2⁴
1407 1824 1415 1846 t
1438 1814 1501 1847 Hic
1516 1817 1564 1847 ost
1574 1823 1615 1846 ve
1663 1812 1668 1818 '

224 1865 320 1896 hitur
349 1865 385 1896 in
415 1863 603 1896 mulierem
627 1864 774 1896 divitem
797 1872 840 1896 ac
862 1873 929 1896 no·
976 1863 1094 1903 vietus,
1111 1866 1302 1896 veternosus
1315 1872 1426 1896 senex.
1452 1863 1575 1896 Tibull.
1595 1864 1627 1903 4,
1643 1862 1686 1899 8

224 1913 352 1953 bilem,
393 1913 459 1946 sed
486 1913 661 1953 vetulam,
702 1912 930 1946 libidinosam
980 1912 1042 1944 50:
1067 1915 1192 1945 veteres
1206 1921 1372 1953 names,
1389 1912 1558 1946 flaccidos
1574 1911 1682 1955 atqu-

226 1965 282 2002 et,
316 1962 413 2004 quod
434 1962 536 2004 peius
560 1964 653 2003 erat,
685 1961 790 1995 simul
812 1961 930 2004 philo·
980 1961 1190 1994 imbellicos.
1206 1981 1241 1985 —
1260 1961 1390 2004 exaret]
1409 1962 1474 1995 uita
1487 1962 1577 1995 utin
1590 1962 1657 1995 fro·
1674 1957 1685 1976 '²

225 2012 388 2054 sopham.
449 2011 600 2050 Quidam
639 2013 750 2044 totam
787 2011 928 2044 vetulae
979 2013 1014 2044 te
1038 2011 1175 2044 habeas
1197 2011 1304 2045 veluti
1324 2011 1442 2045 sulcos
1466 2020 1648 2053 rugarum.
1681 2029 1683 2034 ,

224 2070 418 2103 personam
466 2061 587 2093 fictam
633 2061 845 2103 opinantur,
893 2061 930 2093 id
979 2061 1073 2102 Virg.
1098 2061 1187 2093 Aen.
1212 2061 1250 2100 7,
1276 2060 1360 2094 447:
1384 2056 1528 2103 frontem
1550 2061 1657 2094 obse·

226 2110 324 2152 quod
355 2111 441 2142 mihi
470 2110 506 2142 in
534 2111 641 2152 poeta
669 2111 798 2143 iuvene
823 2118 929 2143 secus
978 2119 1059 2143 nam
1089 2110 1184 2152 rugis
1207 2113 1300 2142 arat.
1335 2111 1387 2143 De
1412 2110 1632 2153 cercopibus

224 2160 376 2192 videtur.
420 2159 484 2200 (Ad
518 2169 551 2192 a.
576 2169 613 2192 u.
639 2168 669 2192 c.
704 2159 780 2192 744.
820 2159 931 2192 refert
978 2161 1061 2192 Iove
1092 2160 1129 2192 in
1157 2159 1278 2193 simias
1305 2160 1449 2193 mutatis
1473 2160 1572 2193 ovid.
1597 2160 1652 2194 Me
1671 2178 1680 2185 2

225 2209 380 2250 Franke,
407 2209 600 2242 Grotefend
623 2209 669 2241 ad
692 2218 723 2241 a.
750 2208 840 2250 7⁴5.)
981 2208 1040 2249 44,
1058 2209 1119 2241 96;
1143 2209 1239 2250 rugis
1249 2210 1431 2250 peraravit
1445 2209 1589 2242 anilibus
1609 2223 1615 2238 ι
1650 2224 1655 2236 ι

270 2259 343 2291 4-6.
385 2259 527 2300 Βορανο]
551 2259 743 2292 infinitivus
766 2258 930 2299 indigna-
982 2277 1019 2282 -
1045 2257 1182 2300 crudae]
1208 2266 1321 2300 «quae
1344 2257 1466 2291 cibum
1492 2268 1564 2292 non
1593 2267 1672 2292 οο,

226 2307 342 2339 tionis.
398 2308 470 2340 Cic.
505 2307 590 2339 Phil.
625 2307 685 2348 44,
721 2308 764 2340 5:
806 2308 929 2348 Quom-
980 2307 1100 2349 coquit
1122 2307 1277 2349 ideoque
1301 2316 1369 2341 nec
1392 2308 1583 2342 eontinet.»

225 2365 369 2398 quamne
389 2357 489 2399 fuisse
519 2359 590 2389 tam
619 2357 836 2398 sceleratum,
872 2359 929 2398 qui
1022 2357 1119 2389 7-40.
1150 2357 1215 2389 Sed
1243 2357 1374 2399 indiae]
1406 2357 1498 2391 «sed
1530 2357 1565 2391 fo
1606 2367 1671 2387 :sx-

223 2407 283 2439 hoc
297 2406 460 2449 fingeret?
482 2406 560 2439 Ter.
575 2407 663 2439 Eun.
678 2407 711 2447 2,
731 2407 762 2445 4,
780 2406 816 2438 3:
834 2410 929 2440 same
978 2405 1122 2449 putabis
1153 2404 1291 2439 incitari
1323 2416 1383 2440 me
1418 2407 1466 2440 ad
1498 2410 1669 2446 amorem?

223 2457 283 2488 hoc
298 2455 525 2489 mandatumst
545 2456 603 2488 tibi
615 2455 633 2488 P
654 2458 692 2489 P.
711 2457 756 2488 ah
771 2457 929 2498 Royitare
979 2457 1048 2488 eet.
1069 2474 1105 2479 -
1126 2456 1252 2498 putres]
1271 2455 1469 2499 «pendulae
1485 2457 1523 2490 et
1544 2455 1667 2490 laxae.

223 2507 291 2537 cet.
319 2507 388 2538 Sat.
404 2506 436 2545 2,
455 2505 488 2546 4,
507 2505 569 2538 83·.
597 2505 803 2546 Tenlapides
814 2506 931 2538 varios
982 2523 1018 2529 —
1044 2504 1252 2547 tumentibus]
1283 2513 1375 2548 aqua
1398 2505 1572 2538 intercute
1595 2514 1620 2549 p
1647 2511 1664 2532 Ρ

223 2554 385 2587 lutulenta
419 2556 540 2587 radere
573 2554 722 2595 palma?
758 2574 794 2579 —
830 2555 928 2596 lonyo
979 2555 1060 2596 pter
1083 2555 1242 2587 exactam
1266 2555 1431 2588 aetatem.
1459 2573 1496 2578 —
1515 2555 1610 2588 addit
1643 2576 1663 2590 π,

219 2603 548 2644 putidam-seculo]
594 2602 758 2636 «effetam
792 2604 926 2636 senio.»
980 2604 1102 2645 «quasi
1132 2603 1361 2637 additamenti
1390 2603 1470 2637 loco
1501 2612 1590 2646 supe
1633 2618 1649 2632 ι·

221 2652 374 2684 secutam
404 2652 499 2684 idem
530 2652 678 2685 fortasse
707 2651 925 2685 vocabulum
979 2653 1168 2694 positum.»
1216 2652 1324 2685 «Nihil
1357 2653 1478 2686 autem
1507 2654 1580 2686 tam
1613 2651 1663 2686 d·-
