<?xml version="1.0" encoding="UTF-8"?>
<!DOCTYPE html PUBLIC "-//W3C//DTD XHTML 1.0 Transitional//EN"
    "http://www.w3.org/TR/xhtml1/DTD/xhtml1-transitional.dtd">
<html xmlns="http://www.w3.org/1999/xhtml" xml:lang="en" lang="en">
 <head>
  <title>
</title>
<meta http-equiv="Content-Type" content="text/html;charset=utf-8" />
  <meta name='ocr-system' content='tesseract 3.04.00' />
  <meta name='ocr-capabilities' content='ocr_page ocr_carea ocr_par ocr_line ocrx_word'/>
</head>
<body>
  <div class='ocr_page' id='page_1' title='image "./qhoratiusflaccus12horauoft_0626.png"; bbox 0 0 1722 2904; ppageno 0'>
   <div class='ocr_carea' id='block_1_1' title="bbox 237 88 319 131">
    <p class='ocr_par' dir='ltr' id='par_1_1' title="bbox 237 88 319 131">
     <span class='ocr_line' id='line_1_1' title="bbox 237 88 319 131; baseline 0.024 -2"><span class='ocrx_word' id='word_1_1' title='bbox 237 88 319 131; x_wconf 71' lang='lat'>642</span> 
     </span>
    </p>
   </div>
   <div class='ocr_carea' id='block_1_2' title="bbox 654 90 1282 125">
    <p class='ocr_par' dir='ltr' id='par_1_2' title="bbox 654 90 1282 125">
     <span class='ocr_line' id='line_1_2' title="bbox 654 90 1282 125; baseline 0.003 -3"><span class='ocrx_word' id='word_1_2' title='bbox 654 90 826 122; x_wconf 77' lang='lat' dir='ltr'>HORATII</span> <span class='ocrx_word' id='word_1_3' title='bbox 851 91 1026 123; x_wconf 84' lang='lat' dir='ltr'>CARMEN</span> <span class='ocrx_word' id='word_1_4' title='bbox 1051 90 1282 125; x_wconf 85' lang='lat' dir='ltr'><strong>SECULARE.</strong></span> 
     </span>
    </p>
   </div>
   <div class='ocr_carea' id='block_1_3' title="bbox 465 194 1384 253">
    <p class='ocr_par' dir='ltr' id='par_1_3' title="bbox 465 194 1384 253">
     <span class='ocr_line' id='line_1_3' title="bbox 465 194 1384 253; baseline 0.002 -15"><span class='ocrx_word' id='word_1_5' title='bbox 465 195 583 238; x_wconf 90' lang='lat' dir='ltr'>Haec</span> <span class='ocrx_word' id='word_1_6' title='bbox 612 195 758 238; x_wconf 90' lang='lat' dir='ltr'>Iovem</span> <span class='ocrx_word' id='word_1_7' title='bbox 789 194 949 238; x_wconf 90' lang='lat' dir='ltr'>sentire</span> <span class='ocrx_word' id='word_1_8' title='bbox 978 195 1175 253; x_wconf 90' lang='lat' dir='ltr'>deosque</span> <span class='ocrx_word' id='word_1_9' title='bbox 1205 202 1384 240; x_wconf 89' lang='lat' dir='ltr'>cunctos</span> 
     </span>
    </p>
   </div>
   <div class='ocr_carea' id='block_1_4' title="bbox 465 275 1494 335">
    <p class='ocr_par' dir='ltr' id='par_1_4' title="bbox 465 275 1494 335">
     <span class='ocr_line' id='line_1_4' title="bbox 465 275 1494 335; baseline 0.002 -16"><span class='ocrx_word' id='word_1_10' title='bbox 465 276 595 333; x_wconf 84' lang='lat' dir='ltr'>Spem</span> <span class='ocrx_word' id='word_1_11' title='bbox 623 276 781 319; x_wconf 90' lang='lat' dir='ltr'>bonam</span> <span class='ocrx_word' id='word_1_12' title='bbox 811 282 1061 333; x_wconf 83' lang='lat' dir='ltr'>certamque</span> <span class='ocrx_word' id='word_1_13' title='bbox 1091 275 1269 320; x_wconf 91' lang='lat' dir='ltr'>domum</span> <span class='ocrx_word' id='word_1_14' title='bbox 1298 284 1494 335; x_wconf 88' lang='lat' dir='ltr'>reporto,</span> 
     </span>
    </p>
   </div>
   <div class='ocr_carea' id='block_1_5' title="bbox 462 355 1341 402">
    <p class='ocr_par' dir='ltr' id='par_1_5' title="bbox 462 355 1341 402">
     <span class='ocr_line' id='line_1_5' title="bbox 462 355 1341 402; baseline 0.003 -3"><span class='ocrx_word' id='word_1_15' title='bbox 462 358 624 400; x_wconf 88' lang='lat' dir='ltr'><strong>Doctus</strong></span> <span class='ocrx_word' id='word_1_16' title='bbox 655 364 698 400; x_wconf 88' lang='lat' dir='ltr'>et</span> <span class='ocrx_word' id='word_1_17' title='bbox 726 356 888 400; x_wconf 86' lang='lat' dir='ltr'>Phoebi</span> <span class='ocrx_word' id='word_1_18' title='bbox 919 355 1076 400; x_wconf 91' lang='lat' dir='ltr'>chorus</span> <span class='ocrx_word' id='word_1_19' title='bbox 1107 364 1150 400; x_wconf 89' lang='lat' dir='ltr'>et</span> <span class='ocrx_word' id='word_1_20' title='bbox 1178 357 1341 402; x_wconf 88' lang='lat' dir='ltr'>Dianae</span> 
     </span>
    </p>
   </div>
   <div class='ocr_carea' id='block_1_6' title="bbox 574 437 924 482">
    <p class='ocr_par' dir='ltr' id='par_1_6' title="bbox 574 437 924 482">
     <span class='ocr_line' id='line_1_6' title="bbox 574 437 924 482; baseline 0 -2"><span class='ocrx_word' id='word_1_21' title='bbox 574 439 728 482; x_wconf 82' lang='lat' dir='ltr'>Dicere</span> <span class='ocrx_word' id='word_1_22' title='bbox 759 437 924 481; x_wconf 90' lang='lat' dir='ltr'>laudes.</span> 
     </span>
    </p>
   </div>
   <div class='ocr_carea' id='block_1_7' title="bbox 323 533 1036 572">
    <p class='ocr_par' dir='ltr' id='par_1_7' title="bbox 323 533 1036 572">
     <span class='ocr_line' id='line_1_7' title="bbox 323 533 1036 572; baseline -0.003 -5"><span class='ocrx_word' id='word_1_23' title='bbox 323 534 375 567; x_wconf 85' lang='lat'>73.</span> <span class='ocrx_word' id='word_1_24' title='bbox 412 535 480 566; x_wconf 82' lang='lat' dir='ltr'>Hoc</span> <span class='ocrx_word' id='word_1_25' title='bbox 508 534 594 566; x_wconf 91' lang='lat' dir='ltr'>Iahn</span> <span class='ocrx_word' id='word_1_26' title='bbox 618 534 724 566; x_wconf 90' lang='lat' dir='ltr'>etiam</span> <span class='ocrx_word' id='word_1_27' title='bbox 754 535 789 566; x_wconf 90' lang='lat' dir='ltr'>in</span> <span class='ocrx_word' id='word_1_28' title='bbox 820 534 923 566; x_wconf 88' lang='lat' dir='ltr'>tertia</span> <span class='ocrx_word' id='word_1_29' title='bbox 947 533 1036 572; x_wconf 82' lang='lat' dir='ltr'>Ed.;</span> 
     </span>
    </p>
   </div>
   <div class='ocr_carea' id='block_1_8' title="bbox 1634 362 1686 405">
    <p class='ocr_par' dir='ltr' id='par_1_8' title="bbox 1634 362 1686 405">
     <span class='ocr_line' id='line_1_8' title="bbox 1634 362 1686 405; baseline 0.019 -1"><span class='ocrx_word' id='word_1_30' title='bbox 1634 362 1686 405; x_wconf 81' lang='lat'>75</span> 
     </span>
    </p>
   </div>
   <div class='ocr_carea' id='block_1_9' title="bbox 1073 533 1639 580">
    <p class='ocr_par' dir='ltr' id='par_1_9' title="bbox 1073 533 1639 580">
     <span class='ocr_line' id='line_1_9' title="bbox 1073 533 1639 580; baseline 0.009 -14"><span class='ocrx_word' id='word_1_31' title='bbox 1073 533 1214 567; x_wconf 89' lang='lat' dir='ltr'>videtur</span> <span class='ocrx_word' id='word_1_32' title='bbox 1238 543 1341 568; x_wconf 88' lang='lat' dir='ltr'>error</span> <span class='ocrx_word' id='word_1_33' title='bbox 1363 537 1573 580; x_wconf 84' lang='lat' dir='ltr'>typograpb.</span> <span class='ocrx_word' id='word_1_34' title='bbox 1603 556 1639 562; x_wconf 86' lang='lat'><em>-</em></span> 
     </span>
    </p>
   </div>
   <div class='ocr_carea' id='block_1_10' title="bbox 278 583 1170 625">
    <p class='ocr_par' dir='ltr' id='par_1_10' title="bbox 278 583 1170 625">
     <span class='ocr_line' id='line_1_10' title="bbox 278 583 1170 625; baseline 0.001 -9"><span class='ocrx_word' id='word_1_35' title='bbox 278 585 333 616; x_wconf 82' lang='lat'>75.</span> <span class='ocrx_word' id='word_1_36' title='bbox 357 583 480 616; x_wconf 83' lang='lat' dir='ltr'>Phoebo</span> <span class='ocrx_word' id='word_1_37' title='bbox 505 583 591 616; x_wconf 92' lang='lat' dir='ltr'>Cod.</span> <span class='ocrx_word' id='word_1_38' title='bbox 620 583 657 625; x_wconf 68' lang='lat'>(⁶2)</span> <span class='ocrx_word' id='word_1_39' title='bbox 682 583 814 615; x_wconf 91' lang='lat' dir='ltr'>Barthii</span> <span class='ocrx_word' id='word_1_40' title='bbox 837 583 1005 617; x_wconf 86' lang='lat' dir='ltr'>Adverss.</span> <span class='ocrx_word' id='word_1_41' title='bbox 1031 583 1091 623; x_wconf 88' lang='grc'>38,</span> <span class='ocrx_word' id='word_1_42' title='bbox 1117 585 1170 617; x_wconf 80' lang='grc'>48.</span> 
     </span>
    </p>
   </div>
   <div class='ocr_carea' id='block_1_11' title="bbox 232 664 938 1253">
    <p class='ocr_par' dir='ltr' id='par_1_11' title="bbox 232 664 938 1253">
     <span class='ocr_line' id='line_1_11' title="bbox 280 664 938 706; baseline 0 -10"><span class='ocrx_word' id='word_1_43' title='bbox 280 664 398 697; x_wconf 80' lang='grc'><strong>73-76.</strong></span> <span class='ocrx_word' id='word_1_44' title='bbox 431 664 531 706; x_wconf 87' lang='lat' dir='ltr'>Haec]</span> <span class='ocrx_word' id='word_1_45' title='bbox 566 672 679 705; x_wconf 89' lang='lat' dir='ltr'>«quae</span> <span class='ocrx_word' id='word_1_46' title='bbox 710 664 845 706; x_wconf 88' lang='lat' dir='ltr'>precati</span> <span class='ocrx_word' id='word_1_47' title='bbox 875 673 938 697; x_wconf 88' lang='lat' dir='ltr'>su-</span> 
     </span>
     <span class='ocr_line' id='line_1_12' title="bbox 237 713 936 755; baseline 0.001 -9"><span class='ocrx_word' id='word_1_48' title='bbox 237 723 317 747; x_wconf 89' lang='lat' dir='ltr'>mus</span> <span class='ocrx_word' id='word_1_49' title='bbox 334 723 498 755; x_wconf 88' lang='lat' dir='ltr'>quaeque</span> <span class='ocrx_word' id='word_1_50' title='bbox 523 715 561 746; x_wconf 89' lang='lat' dir='ltr'>ut</span> <span class='ocrx_word' id='word_1_51' title='bbox 584 713 817 746; x_wconf 80' lang='lat' dir='ltr'>exaudiantur</span> <span class='ocrx_word' id='word_1_52' title='bbox 840 722 860 745; x_wconf 93' lang='lat' dir='ltr'>a</span> <span class='ocrx_word' id='word_1_53' title='bbox 882 714 936 747; x_wconf 90' lang='lat' dir='ltr'>dis</span> 
     </span>
     <span class='ocr_line' id='line_1_13' title="bbox 234 763 937 803; baseline 0.001 -8"><span class='ocrx_word' id='word_1_54' title='bbox 234 763 505 803; x_wconf 81' lang='lat' dir='ltr'>immortalibus,</span> <span class='ocrx_word' id='word_1_55' title='bbox 533 773 576 796; x_wconf 89' lang='lat' dir='ltr'>ex</span> <span class='ocrx_word' id='word_1_56' title='bbox 592 763 700 795; x_wconf 91' lang='lat' dir='ltr'>animi</span> <span class='ocrx_word' id='word_1_57' title='bbox 724 764 835 796; x_wconf 86' lang='lat' dir='ltr'>nostri</span> <span class='ocrx_word' id='word_1_58' title='bbox 851 772 937 796; x_wconf 88' lang='lat' dir='ltr'>sen-</span> 
     </span>
     <span class='ocr_line' id='line_1_14' title="bbox 235 813 937 856; baseline -0.001 -10"><span class='ocrx_word' id='word_1_59' title='bbox 235 814 344 846; x_wconf 89' lang='lat' dir='ltr'>tentia</span> <span class='ocrx_word' id='word_1_60' title='bbox 373 815 571 856; x_wconf 80' lang='lat' dir='ltr'>optamus.»</span> <span class='ocrx_word' id='word_1_61' title='bbox 600 832 637 837; x_wconf 85' lang='lat'>——</span> <span class='ocrx_word' id='word_1_62' title='bbox 662 813 792 856; x_wconf 71' lang='lat' dir='ltr'>sentire]</span> <span class='ocrx_word' id='word_1_63' title='bbox 824 814 937 846; x_wconf 89' lang='lat' dir='ltr'>«hanc</span> 
     </span>
     <span class='ocr_line' id='line_1_15' title="bbox 236 861 936 896; baseline 0 -1"><span class='ocrx_word' id='word_1_64' title='bbox 236 863 387 896; x_wconf 88' lang='lat' dir='ltr'>eandem</span> <span class='ocrx_word' id='word_1_65' title='bbox 418 861 637 896; x_wconf 84' lang='lat' dir='ltr'>voluntatem</span> <span class='ocrx_word' id='word_1_66' title='bbox 668 871 748 896; x_wconf 90' lang='lat' dir='ltr'>esse</span> <span class='ocrx_word' id='word_1_67' title='bbox 785 863 936 895; x_wconf 88' lang='lat' dir='ltr'>deorum</span> 
     </span>
     <span class='ocr_line' id='line_1_16' title="bbox 234 913 935 954; baseline 0 -9"><span class='ocrx_word' id='word_1_68' title='bbox 234 913 396 954; x_wconf 86' lang='lat' dir='ltr'>adeoque</span> <span class='ocrx_word' id='word_1_69' title='bbox 434 913 527 951; x_wconf 86' lang='lat' dir='ltr'>fore,</span> <span class='ocrx_word' id='word_1_70' title='bbox 566 914 604 944; x_wconf 90' lang='lat' dir='ltr'>ut</span> <span class='ocrx_word' id='word_1_71' title='bbox 636 914 775 946; x_wconf 87' lang='lat' dir='ltr'>nostras</span> <span class='ocrx_word' id='word_1_72' title='bbox 807 921 935 954; x_wconf 85' lang='lat' dir='ltr'>preces</span> 
     </span>
     <span class='ocr_line' id='line_1_17' title="bbox 234 962 938 1004; baseline 0 -9"><span class='ocrx_word' id='word_1_73' title='bbox 234 963 387 1004; x_wconf 84' lang='lat' dir='ltr'>benigne</span> <span class='ocrx_word' id='word_1_74' title='bbox 404 962 627 995; x_wconf 80' lang='lat' dir='ltr'>exaudiant.»</span> <span class='ocrx_word' id='word_1_75' title='bbox 649 981 684 985; x_wconf 64' lang='lat'>—</span> <span class='ocrx_word' id='word_1_76' title='bbox 702 964 842 1002; x_wconf 65' lang='lat' dir='ltr'>deosque</span> <span class='ocrx_word' id='word_1_77' title='bbox 857 972 938 995; x_wconf 76' lang='lat' dir='ltr'>cun-</span> 
     </span>
     <span class='ocr_line' id='line_1_18' title="bbox 232 1011 935 1054; baseline 0 -10"><span class='ocrx_word' id='word_1_78' title='bbox 232 1013 322 1054; x_wconf 82' lang='lat' dir='ltr'>ctos]</span> <span class='ocrx_word' id='word_1_79' title='bbox 362 1012 532 1053; x_wconf 83' lang='lat' dir='ltr'>Religiosa</span> <span class='ocrx_word' id='word_1_80' title='bbox 571 1012 639 1044; x_wconf 87' lang='lat' dir='ltr'>hac</span> <span class='ocrx_word' id='word_1_81' title='bbox 683 1011 833 1044; x_wconf 84' lang='lat' dir='ltr'>formula</span> <span class='ocrx_word' id='word_1_82' title='bbox 873 1021 935 1045; x_wconf 92' lang='lat' dir='ltr'>eos</span> 
     </span>
     <span class='ocr_line' id='line_1_19' title="bbox 235 1061 936 1103; baseline -0.003 -8"><span class='ocrx_word' id='word_1_83' title='bbox 235 1063 341 1095; x_wconf 89' lang='lat' dir='ltr'>etiam</span> <span class='ocrx_word' id='word_1_84' title='bbox 369 1061 632 1103; x_wconf 84' lang='lat' dir='ltr'>complectitur,</span> <span class='ocrx_word' id='word_1_85' title='bbox 671 1062 731 1103; x_wconf 90' lang='lat' dir='ltr'>qui</span> <span class='ocrx_word' id='word_1_86' title='bbox 760 1070 825 1103; x_wconf 89' lang='lat' dir='ltr'>per</span> <span class='ocrx_word' id='word_1_87' title='bbox 855 1070 936 1094; x_wconf 81' lang='lat' dir='ltr'>car—-</span> 
     </span>
     <span class='ocr_line' id='line_1_20' title="bbox 233 1111 932 1154; baseline -0.001 -10"><span class='ocrx_word' id='word_1_88' title='bbox 233 1121 317 1144; x_wconf 90' lang='lat' dir='ltr'>men</span> <span class='ocrx_word' id='word_1_89' title='bbox 352 1112 467 1153; x_wconf 89' lang='lat' dir='ltr'>ipsum</span> <span class='ocrx_word' id='word_1_90' title='bbox 501 1121 573 1144; x_wconf 92' lang='lat' dir='ltr'>non</span> <span class='ocrx_word' id='word_1_91' title='bbox 607 1114 708 1144; x_wconf 88' lang='lat' dir='ltr'>erant</span> <span class='ocrx_word' id='word_1_92' title='bbox 744 1111 932 1154; x_wconf 89' lang='lat' dir='ltr'>implorati,</span> 
     </span>
     <span class='ocr_line' id='line_1_21' title="bbox 233 1161 930 1203; baseline 0 -10"><span class='ocrx_word' id='word_1_93' title='bbox 233 1163 272 1193; x_wconf 93' lang='lat' dir='ltr'>ut</span> <span class='ocrx_word' id='word_1_94' title='bbox 286 1162 390 1201; x_wconf 91' lang='lat' dir='ltr'>Iuno,</span> <span class='ocrx_word' id='word_1_95' title='bbox 416 1161 590 1202; x_wconf 87' lang='lat' dir='ltr'>Minerva,</span> <span class='ocrx_word' id='word_1_96' title='bbox 608 1162 807 1203; x_wconf 83' lang='lat' dir='ltr'>Neptunus,</span> <span class='ocrx_word' id='word_1_97' title='bbox 826 1162 930 1194; x_wconf 86' lang='lat' dir='ltr'>Mars.</span> 
     </span>
     <span class='ocr_line' id='line_1_22' title="bbox 232 1211 932 1253; baseline 0 -10"><span class='ocrx_word' id='word_1_98' title='bbox 232 1211 348 1244; x_wconf 90' lang='lat' dir='ltr'>Possis</span> <span class='ocrx_word' id='word_1_99' title='bbox 373 1219 582 1253; x_wconf 87' lang='lat' dir='ltr'>comparare</span> <span class='ocrx_word' id='word_1_100' title='bbox 607 1211 677 1243; x_wconf 91' lang='lat' dir='ltr'>iam</span> <span class='ocrx_word' id='word_1_101' title='bbox 705 1211 932 1243; x_wconf 89' lang='lat' dir='ltr'>Homericum</span> 
     </span>
    </p>
   </div>
   <div class='ocr_carea' id='block_1_12' title="bbox 982 663 1687 1196">
    <p class='ocr_par' dir='ltr' id='par_1_12' title="bbox 982 663 1687 1196">
     <span class='ocr_line' id='line_1_23' title="bbox 987 663 1685 711; baseline 0.007 -15"><span class='ocrx_word' id='word_1_102' title='bbox 987 663 1071 697; x_wconf 92' lang='lat' dir='ltr'>illud</span> <span class='ocrx_word' id='word_1_103' title='bbox 1095 665 1159 698; x_wconf 91' lang='lat' dir='ltr'>Od.</span> <span class='ocrx_word' id='word_1_104' title='bbox 1183 677 1217 707; x_wconf 82' lang='grc' dir='ltr'>ι,</span> <span class='ocrx_word' id='word_1_105' title='bbox 1249 666 1333 700; x_wconf 74' lang='grc' dir='ltr'>479τ</span> <span class='ocrx_word' id='word_1_106' title='bbox 1369 665 1422 711; x_wconf 75' lang='grc' dir='ltr'>τῷ</span> <span class='ocrx_word' id='word_1_107' title='bbox 1445 677 1490 700; x_wconf 80' lang='grc' dir='ltr'>σε</span> <span class='ocrx_word' id='word_1_108' title='bbox 1512 665 1606 709; x_wconf 78' lang='grc' dir='ltr'><strong><em>Ζεὺς</em></strong></span> <span class='ocrx_word' id='word_1_109' title='bbox 1628 670 1685 701; x_wconf 82' lang='grc' dir='ltr'>τί-</span> 
     </span>
     <span class='ocr_line' id='line_1_24' title="bbox 987 711 1684 760; baseline 0.006 -14"><span class='ocrx_word' id='word_1_110' title='bbox 987 724 1085 747; x_wconf 79' lang='grc' dir='ltr'><em>σατο</em></span> <span class='ocrx_word' id='word_1_111' title='bbox 1114 715 1181 748; x_wconf 73' lang='grc' dir='ltr'>καὶ</span> <span class='ocrx_word' id='word_1_112' title='bbox 1210 715 1298 749; x_wconf 77' lang='grc' dir='ltr'><em>θεοὶ</em></span> <span class='ocrx_word' id='word_1_113' title='bbox 1326 711 1451 749; x_wconf 76' lang='grc' dir='ltr'><strong><em>ἄλλοι.</em></strong></span> <span class='ocrx_word' id='word_1_114' title='bbox 1481 735 1516 741; x_wconf 93' lang='grc'>-</span> <span class='ocrx_word' id='word_1_115' title='bbox 1549 718 1684 760; x_wconf 80' lang='lat' dir='ltr'>Doctus]</span> 
     </span>
     <span class='ocr_line' id='line_1_25' title="bbox 989 763 1682 808; baseline 0.006 -12"><span class='ocrx_word' id='word_1_116' title='bbox 989 763 1158 798; x_wconf 79' lang='lat' dir='ltr'>«edoctus</span> <span class='ocrx_word' id='word_1_117' title='bbox 1181 774 1202 798; x_wconf 90' lang='lat' dir='ltr'>a</span> <span class='ocrx_word' id='word_1_118' title='bbox 1223 768 1364 808; x_wconf 74' lang='lat' dir='ltr'>poeta.»</span> <span class='ocrx_word' id='word_1_119' title='bbox 1399 766 1463 799; x_wconf 87' lang='lat' dir='ltr'>od.</span> <span class='ocrx_word' id='word_1_120' title='bbox 1488 766 1529 807; x_wconf 87' lang='grc'>4,</span> <span class='ocrx_word' id='word_1_121' title='bbox 1557 767 1596 808; x_wconf 85' lang='grc'>6,</span> <span class='ocrx_word' id='word_1_122' title='bbox 1621 767 1682 800; x_wconf 76' lang='grc' dir='ltr'>43τ</span> 
     </span>
     <span class='ocr_line' id='line_1_26' title="bbox 987 814 1687 856; baseline 0.006 -10"><span class='ocrx_word' id='word_1_123' title='bbox 987 814 1139 856; x_wconf 90' lang='lat' dir='ltr'>(chorus)</span> <span class='ocrx_word' id='word_1_124' title='bbox 1164 816 1280 848; x_wconf 73' lang='lat' dir='ltr'>docilis</span> <span class='ocrx_word' id='word_1_125' title='bbox 1299 817 1477 849; x_wconf 68' lang='lat' dir='ltr'>modorum</span> <span class='ocrx_word' id='word_1_126' title='bbox 1502 817 1592 850; x_wconf 78' lang='lat' dir='ltr'>Vatis</span> <span class='ocrx_word' id='word_1_127' title='bbox 1616 818 1687 850; x_wconf 89' lang='lat' dir='ltr'>Ho-</span> 
     </span>
     <span class='ocr_line' id='line_1_27' title="bbox 984 864 1687 900; baseline 0.006 -5"><span class='ocrx_word' id='word_1_128' title='bbox 984 864 1065 896; x_wconf 75' lang='lat' dir='ltr'>rati.</span> <span class='ocrx_word' id='word_1_129' title='bbox 1102 881 1138 887; x_wconf 94' lang='lat'>—</span> <span class='ocrx_word' id='word_1_130' title='bbox 1169 865 1287 899; x_wconf 76' lang='lat' dir='ltr'>Phoebi</span> <span class='ocrx_word' id='word_1_131' title='bbox 1309 884 1329 890; x_wconf 95' lang='lat'>-</span> <span class='ocrx_word' id='word_1_132' title='bbox 1354 869 1386 899; x_wconf 83' lang='lat' dir='ltr'>et</span> <span class='ocrx_word' id='word_1_133' title='bbox 1410 867 1548 899; x_wconf 73' lang='lat' dir='ltr'>Dianae</span> <span class='ocrx_word' id='word_1_134' title='bbox 1566 867 1687 900; x_wconf 75' lang='lat' dir='ltr'>Dicere</span> 
     </span>
     <span class='ocr_line' id='line_1_28' title="bbox 985 913 1683 957; baseline 0.006 -12"><span class='ocrx_word' id='word_1_135' title='bbox 985 913 1118 956; x_wconf 80' lang='lat' dir='ltr'>laudes]</span> <span class='ocrx_word' id='word_1_136' title='bbox 1142 915 1249 948; x_wconf 88' lang='lat' dir='ltr'>Recte</span> <span class='ocrx_word' id='word_1_137' title='bbox 1284 923 1324 948; x_wconf 87' lang='lat' dir='ltr'>se</span> <span class='ocrx_word' id='word_1_138' title='bbox 1357 915 1493 949; x_wconf 83' lang='lat' dir='ltr'>habent</span> <span class='ocrx_word' id='word_1_139' title='bbox 1525 916 1683 957; x_wconf 83' lang='lat' dir='ltr'>genitivi.</span> 
     </span>
     <span class='ocr_line' id='line_1_29' title="bbox 984 963 1683 1006; baseline 0.006 -12"><span class='ocrx_word' id='word_1_140' title='bbox 984 963 1078 1004; x_wconf 85' lang='lat' dir='ltr'>Virg.</span> <span class='ocrx_word' id='word_1_141' title='bbox 1108 963 1181 997; x_wconf 88' lang='lat' dir='ltr'>Ecl.</span> <span class='ocrx_word' id='word_1_142' title='bbox 1209 965 1247 1004; x_wconf 85' lang='lat'>6,</span> <span class='ocrx_word' id='word_1_143' title='bbox 1274 965 1317 997; x_wconf 85' lang='lat'>6:</span> <span class='ocrx_word' id='word_1_144' title='bbox 1344 966 1403 1006; x_wconf 80' lang='lat' dir='ltr'>qm·</span> <span class='ocrx_word' id='word_1_145' title='bbox 1425 966 1534 998; x_wconf 78' lang='lat' dir='ltr'>dicere</span> <span class='ocrx_word' id='word_1_146' title='bbox 1555 966 1683 1005; x_wconf 79' lang='lat' dir='ltr'>laudes,</span> 
     </span>
     <span class='ocr_line' id='line_1_30' title="bbox 988 1014 1685 1058; baseline 0.004 -13"><span class='ocrx_word' id='word_1_147' title='bbox 988 1014 1091 1053; x_wconf 83' lang='lat' dir='ltr'>Vare,</span> <span class='ocrx_word' id='word_1_148' title='bbox 1109 1017 1187 1046; x_wconf 78' lang='lat' dir='ltr'>tuas</span> <span class='ocrx_word' id='word_1_149' title='bbox 1197 1014 1346 1055; x_wconf 76' lang='lat' dir='ltr'>cupiant.</span> <span class='ocrx_word' id='word_1_150' title='bbox 1366 1015 1512 1048; x_wconf 87' lang='lat' dir='ltr'>Dativus</span> <span class='ocrx_word' id='word_1_151' title='bbox 1524 1016 1580 1048; x_wconf 86' lang='lat' dir='ltr'>est</span> <span class='ocrx_word' id='word_1_152' title='bbox 1590 1016 1685 1058; x_wconf 81' lang='lat' dir='ltr'>apud</span> 
     </span>
     <span class='ocr_line' id='line_1_31' title="bbox 985 1062 1686 1105; baseline 0.003 -10"><span class='ocrx_word' id='word_1_153' title='bbox 985 1062 1127 1095; x_wconf 69' lang='lat' dir='ltr'>Tibulm</span> <span class='ocrx_word' id='word_1_154' title='bbox 1144 1089 1151 1103; x_wconf 90' lang='lat'>,</span> <span class='ocrx_word' id='word_1_155' title='bbox 1177 1063 1210 1104; x_wconf 87' lang='lat'>3,</span> <span class='ocrx_word' id='word_1_156' title='bbox 1236 1064 1272 1096; x_wconf 74' lang='lat'>3⁴</span> <span class='ocrx_word' id='word_1_157' title='bbox 1291 1073 1297 1095; x_wconf 89' lang='lat'>:</span> <span class='ocrx_word' id='word_1_158' title='bbox 1322 1064 1444 1105; x_wconf 78' lang='lat' dir='ltr'>Bisque</span> <span class='ocrx_word' id='word_1_159' title='bbox 1465 1063 1686 1097; x_wconf 72' lang='lat' dir='ltr'>die&#39;resoluta</span> 
     </span>
     <span class='ocr_line' id='line_1_32' title="bbox 982 1113 1685 1156; baseline 0.003 -12"><span class='ocrx_word' id='word_1_160' title='bbox 982 1121 1096 1144; x_wconf 83' lang='lat' dir='ltr'>comas</span> <span class='ocrx_word' id='word_1_161' title='bbox 1111 1113 1170 1145; x_wconf 77' lang='lat' dir='ltr'>tibi</span> <span class='ocrx_word' id='word_1_162' title='bbox 1183 1113 1292 1146; x_wconf 79' lang='lat' dir='ltr'>dicere</span> <span class='ocrx_word' id='word_1_163' title='bbox 1305 1113 1421 1147; x_wconf 80' lang='lat' dir='ltr'>laudes</span> <span class='ocrx_word' id='word_1_164' title='bbox 1429 1114 1572 1156; x_wconf 62' lang='lat' dir='ltr'>Insignis</span> <span class='ocrx_word' id='word_1_165' title='bbox 1585 1114 1685 1147; x_wconf 77' lang='lat' dir='ltr'>turba</span> 
     </span>
     <span class='ocr_line' id='line_1_33' title="bbox 983 1161 1312 1196; baseline 0.006 -2"><span class='ocrx_word' id='word_1_166' title='bbox 983 1161 1097 1195; x_wconf 79' lang='lat' dir='ltr'>debeat</span> <span class='ocrx_word' id='word_1_167' title='bbox 1118 1162 1154 1194; x_wconf 75' lang='lat' dir='ltr'>in</span> <span class='ocrx_word' id='word_1_168' title='bbox 1175 1163 1312 1196; x_wconf 76' lang='lat' dir='ltr'>Phoeria.</span> 
     </span>
    </p>
   </div>
   <div class='ocr_carea' id='block_1_13' title="bbox 857 1295 1057 1302">
    <p class='ocr_par' dir='ltr' id='par_1_13' title="bbox 857 1295 1057 1302">
     <span class='ocr_line' id='line_1_34' title="bbox 857 1295 1057 1302; baseline 0 0"><span class='ocrx_word' id='word_1_169' title='bbox 857 1295 1057 1302; x_wconf 95' lang='lat' dir='ltr'> </span> 
     </span>
    </p>
   </div>
   <div class='ocr_carea' id='block_1_14' title="bbox 704 1366 1191 1468">
    <p class='ocr_par' dir='ltr' id='par_1_14' title="bbox 704 1366 1191 1468">
     <span class='ocr_line' id='line_1_35' title="bbox 704 1366 1191 1405; baseline 0.002 -2"><span class='ocrx_word' id='word_1_170' title='bbox 704 1366 1191 1405; x_wconf 71' lang='lat' dir='ltr'>Excnusus</span> 
     </span>
     <span class='ocr_line' id='line_1_36' title="bbox 863 1435 1032 1468; baseline -0.006 0"><span class='ocrx_word' id='word_1_171' title='bbox 863 1435 1032 1468; x_wconf 72' lang='lat' dir='ltr'>Adv.l.</span> 
     </span>
    </p>
   </div>
   <div class='ocr_carea' id='block_1_15' title="bbox 227 1494 1722 2051">
    <p class='ocr_par' dir='ltr' id='par_1_15' title="bbox 227 1494 1722 2051">
     <span class='ocr_line' id='line_1_37' title="bbox 318 1494 1722 1548; baseline 0.003 -13"><span class='ocrx_word' id='word_1_172' title='bbox 318 1507 414 1538; x_wconf 87' lang='lat' dir='ltr'>«Fuit</span> <span class='ocrx_word' id='word_1_173' title='bbox 436 1505 531 1547; x_wconf 87' lang='lat' dir='ltr'>apud</span> <span class='ocrx_word' id='word_1_174' title='bbox 555 1506 708 1537; x_wconf 90' lang='lat' dir='ltr'>Graecos</span> <span class='ocrx_word' id='word_1_175' title='bbox 731 1503 869 1545; x_wconf 85' lang='lat' dir='ltr'>volgata</span> <span class='ocrx_word' id='word_1_176' title='bbox 893 1504 931 1546; x_wconf 60' lang='lat' dir='ltr'>(i)</span> <span class='ocrx_word' id='word_1_177' title='bbox 956 1506 1063 1546; x_wconf 83' lang='lat' dir='ltr'>atque</span> <span class='ocrx_word' id='word_1_178' title='bbox 1087 1513 1107 1536; x_wconf 85' lang='lat' dir='ltr'>a</span> <span class='ocrx_word' id='word_1_179' title='bbox 1130 1504 1349 1548; x_wconf 87' lang='lat' dir='ltr'>philosophis</span> <span class='ocrx_word' id='word_1_180' title='bbox 1376 1504 1562 1539; x_wconf 83' lang='lat' dir='ltr'>Platonicis</span> <span class='ocrx_word' id='word_1_181' title='bbox 1588 1506 1681 1539; x_wconf 84' lang='lat' dir='ltr'>Stoi·</span> <span class='ocrx_word' id='word_1_182' title='bbox 1718 1494 1722 1526; x_wconf 63' lang='grc' dir='ltr'><strong>Ᾰ</strong></span> 
     </span>
     <span class='ocr_line' id='line_1_38' title="bbox 230 1559 1722 1608; baseline 0.001 -14"><span class='ocrx_word' id='word_1_183' title='bbox 230 1563 352 1603; x_wconf 87' lang='lat' dir='ltr'>cisque</span> <span class='ocrx_word' id='word_1_184' title='bbox 377 1562 530 1594; x_wconf 83' lang='lat' dir='ltr'>maxime</span> <span class='ocrx_word' id='word_1_185' title='bbox 555 1559 691 1593; x_wconf 83' lang='lat' dir='ltr'>exculta</span> <span class='ocrx_word' id='word_1_186' title='bbox 716 1561 833 1602; x_wconf 87' lang='lat' dir='ltr'>opinio</span> <span class='ocrx_word' id='word_1_187' title='bbox 858 1560 903 1593; x_wconf 91' lang='lat' dir='ltr'>de</span> <span class='ocrx_word' id='word_1_188' title='bbox 933 1569 1062 1602; x_wconf 85' lang='lat' dir='ltr'>magno</span> <span class='ocrx_word' id='word_1_189' title='bbox 1086 1570 1179 1594; x_wconf 90' lang='lat' dir='ltr'>anno</span> <span class='ocrx_word' id='word_1_190' title='bbox 1202 1561 1398 1607; x_wconf 81' lang='lat' dir='ltr'>mundano,</span> <span class='ocrx_word' id='word_1_191' title='bbox 1435 1563 1512 1595; x_wconf 91' lang='lat' dir='ltr'>tum</span> <span class='ocrx_word' id='word_1_192' title='bbox 1532 1561 1681 1596; x_wconf 78' lang='lat' dir='ltr'>demum</span> <span class='ocrx_word' id='word_1_193' title='bbox 1718 1563 1722 1608; x_wconf 71' lang='lat'>⁴.</span> 
     </span>
     <span class='ocr_line' id='line_1_39' title="bbox 229 1616 1722 1660; baseline 0.001 -10"><span class='ocrx_word' id='word_1_194' title='bbox 229 1617 392 1659; x_wconf 85' lang='lat' dir='ltr'>impleto,</span> <span class='ocrx_word' id='word_1_195' title='bbox 429 1626 511 1649; x_wconf 92' lang='lat' dir='ltr'>cum</span> <span class='ocrx_word' id='word_1_196' title='bbox 541 1617 660 1649; x_wconf 87' lang='lat' dir='ltr'>omnia</span> <span class='ocrx_word' id='word_1_197' title='bbox 691 1616 808 1649; x_wconf 90' lang='lat' dir='ltr'>sidera</span> <span class='ocrx_word' id='word_1_198' title='bbox 841 1617 875 1649; x_wconf 93' lang='lat' dir='ltr'>in</span> <span class='ocrx_word' id='word_1_199' title='bbox 898 1618 996 1650; x_wconf 84' lang='lat' dir='ltr'>ortus</span> <span class='ocrx_word' id='word_1_200' title='bbox 1020 1625 1104 1650; x_wconf 92' lang='lat' dir='ltr'>suos</span> <span class='ocrx_word' id='word_1_201' title='bbox 1128 1617 1288 1650; x_wconf 86' lang='lat' dir='ltr'>redirent</span> <span class='ocrx_word' id='word_1_202' title='bbox 1318 1619 1355 1650; x_wconf 88' lang='lat' dir='ltr'>et</span> <span class='ocrx_word' id='word_1_203' title='bbox 1377 1618 1535 1651; x_wconf 91' lang='lat' dir='ltr'>omnium</span> <span class='ocrx_word' id='word_1_204' title='bbox 1557 1626 1680 1651; x_wconf 88' lang='lat' dir='ltr'>rerum</span> <span class='ocrx_word' id='word_1_205' title='bbox 1718 1627 1722 1660; x_wconf 62' lang='lat'>4</span> 
     </span>
     <span class='ocr_line' id='line_1_40' title="bbox 228 1660 1722 1716; baseline -0.001 -10"><span class='ocrx_word' id='word_1_206' title='bbox 228 1670 495 1714; x_wconf 82' lang='grc' dir='ltr'><em>ἀνακύκλωσις</em></span> <span class='ocrx_word' id='word_1_207' title='bbox 519 1674 555 1705; x_wconf 89' lang='lat' dir='ltr'>et</span> <span class='ocrx_word' id='word_1_208' title='bbox 577 1669 895 1714; x_wconf 82' lang='grc' dir='ltr'><em>ἀποκατάστασις</em></span> <span class='ocrx_word' id='word_1_209' title='bbox 917 1672 1034 1705; x_wconf 85' lang='lat' dir='ltr'>futura</span> <span class='ocrx_word' id='word_1_210' title='bbox 1057 1674 1165 1706; x_wconf 91' lang='lat' dir='ltr'>esset.</span> <span class='ocrx_word' id='word_1_211' title='bbox 1213 1672 1380 1714; x_wconf 74' lang='lat' dir='ltr'>(Muci-ob.</span> <span class='ocrx_word' id='word_1_212' title='bbox 1397 1674 1434 1706; x_wconf 88' lang='lat' dir='ltr'>in</span> <span class='ocrx_word' id='word_1_213' title='bbox 1449 1674 1568 1706; x_wconf 91' lang='lat' dir='ltr'>Somn.</span> <span class='ocrx_word' id='word_1_214' title='bbox 1585 1674 1677 1716; x_wconf 85' lang='lat' dir='ltr'>Scip.</span> <span class='ocrx_word' id='word_1_215' title='bbox 1716 1660 1722 1699; x_wconf 66' lang='grc' dir='ltr'><strong><em>ἶ</em></strong></span> 
     </span>
     <span class='ocr_line' id='line_1_41' title="bbox 229 1727 1680 1771; baseline -0.001 -8"><span class='ocrx_word' id='word_1_216' title='bbox 229 1731 267 1770; x_wconf 76' lang='lat'>2,</span> <span class='ocrx_word' id='word_1_217' title='bbox 295 1730 360 1771; x_wconf 77' lang='grc'><strong>47.)</strong></span> <span class='ocrx_word' id='word_1_218' title='bbox 385 1729 519 1762; x_wconf 87' lang='lat' dir='ltr'>Eadem</span> <span class='ocrx_word' id='word_1_219' title='bbox 544 1728 637 1761; x_wconf 85' lang='lat' dir='ltr'>fama</span> <span class='ocrx_word' id='word_1_220' title='bbox 661 1729 769 1762; x_wconf 88' lang='lat' dir='ltr'>etiam</span> <span class='ocrx_word' id='word_1_221' title='bbox 792 1730 884 1762; x_wconf 90' lang='lat' dir='ltr'>inter</span> <span class='ocrx_word' id='word_1_222' title='bbox 906 1730 1073 1762; x_wconf 90' lang='lat' dir='ltr'>Etruscos</span> <span class='ocrx_word' id='word_1_223' title='bbox 1090 1731 1126 1762; x_wconf 92' lang='lat' dir='ltr'>et</span> <span class='ocrx_word' id='word_1_224' title='bbox 1148 1730 1326 1761; x_wconf 86' lang='lat' dir='ltr'>Romanos</span> <span class='ocrx_word' id='word_1_225' title='bbox 1341 1728 1424 1770; x_wconf 82' lang='lat' dir='ltr'>ruit,</span> <span class='ocrx_word' id='word_1_226' title='bbox 1447 1728 1510 1762; x_wconf 85' lang='lat' dir='ltr'>uhi</span> <span class='ocrx_word' id='word_1_227' title='bbox 1531 1727 1680 1762; x_wconf 84' lang='lat' dir='ltr'>inlibris</span> 
     </span>
     <span class='ocr_line' id='line_1_42' title="bbox 228 1783 1715 1827; baseline -0.001 -9"><span class='ocrx_word' id='word_1_228' title='bbox 228 1785 411 1818; x_wconf 87' lang='lat' dir='ltr'>ritualibus</span> <span class='ocrx_word' id='word_1_229' title='bbox 449 1786 680 1818; x_wconf 86' lang='lat' dir='ltr'>Etruscorum</span> <span class='ocrx_word' id='word_1_230' title='bbox 715 1786 750 1817; x_wconf 90' lang='lat' dir='ltr'>et</span> <span class='ocrx_word' id='word_1_231' title='bbox 787 1786 1028 1818; x_wconf 87' lang='lat' dir='ltr'>Romanorum</span> <span class='ocrx_word' id='word_1_232' title='bbox 1061 1783 1159 1818; x_wconf 89' lang='lat' dir='ltr'>libris</span> <span class='ocrx_word' id='word_1_233' title='bbox 1197 1784 1374 1827; x_wconf 83' lang='lat' dir='ltr'>Sibyllinis</span> <span class='ocrx_word' id='word_1_234' title='bbox 1406 1783 1462 1818; x_wconf 85' lang='lat' dir='ltr'>ille</span> <span class='ocrx_word' id='word_1_235' title='bbox 1496 1793 1611 1817; x_wconf 85' lang='lat' dir='ltr'>annus</span> <span class='ocrx_word' id='word_1_236' title='bbox 1644 1785 1680 1816; x_wconf 90' lang='lat' dir='ltr'>in</span> <span class='ocrx_word' id='word_1_237' title='bbox 1701 1814 1715 1825; x_wconf 18' lang='lat'>,¹</span> 
     </span>
     <span class='ocr_line' id='line_1_43' title="bbox 230 1840 1680 1883; baseline -0.001 -9"><span class='ocrx_word' id='word_1_238' title='bbox 230 1842 358 1875; x_wconf 88' lang='lat' dir='ltr'>decem</span> <span class='ocrx_word' id='word_1_239' title='bbox 381 1849 526 1874; x_wconf 88' lang='lat' dir='ltr'>menses</span> <span class='ocrx_word' id='word_1_240' title='bbox 549 1849 698 1882; x_wconf 86' lang='lat' dir='ltr'>magnos</span> <span class='ocrx_word' id='word_1_241' title='bbox 721 1842 795 1874; x_wconf 92' lang='lat' dir='ltr'>sive</span> <span class='ocrx_word' id='word_1_242' title='bbox 820 1840 940 1873; x_wconf 91' lang='lat' dir='ltr'>secula</span> <span class='ocrx_word' id='word_1_243' title='bbox 963 1840 1114 1881; x_wconf 83' lang='lat' dir='ltr'>divisus,</span> <span class='ocrx_word' id='word_1_244' title='bbox 1146 1849 1264 1883; x_wconf 88' lang='lat' dir='ltr'>neque</span> <span class='ocrx_word' id='word_1_245' title='bbox 1287 1841 1408 1873; x_wconf 87' lang='lat' dir='ltr'>tamen</span> <span class='ocrx_word' id='word_1_246' title='bbox 1431 1848 1557 1873; x_wconf 88' lang='lat' dir='ltr'>eorum</span> <span class='ocrx_word' id='word_1_247' title='bbox 1576 1847 1680 1872; x_wconf 89' lang='lat' dir='ltr'>men-</span> 
     </span>
     <span class='ocr_line' id='line_1_44' title="bbox 227 1895 1680 1939; baseline -0.002 -8"><span class='ocrx_word' id='word_1_248' title='bbox 227 1899 320 1931; x_wconf 90' lang='lat' dir='ltr'>sium</span> <span class='ocrx_word' id='word_1_249' title='bbox 343 1897 523 1939; x_wconf 86' lang='lat' dir='ltr'>longitudo</span> <span class='ocrx_word' id='word_1_250' title='bbox 548 1899 583 1929; x_wconf 90' lang='lat' dir='ltr'>et</span> <span class='ocrx_word' id='word_1_251' title='bbox 607 1897 719 1930; x_wconf 86' lang='lat' dir='ltr'>exitus</span> <span class='ocrx_word' id='word_1_252' title='bbox 744 1898 850 1930; x_wconf 87' lang='lat' dir='ltr'>certis</span> <span class='ocrx_word' id='word_1_253' title='bbox 872 1896 1003 1929; x_wconf 89' lang='lat' dir='ltr'>finibus</span> <span class='ocrx_word' id='word_1_254' title='bbox 1027 1896 1316 1938; x_wconf 88' lang='lat' dir='ltr'>circumscriptus</span> <span class='ocrx_word' id='word_1_255' title='bbox 1333 1897 1421 1936; x_wconf 88' lang='lat' dir='ltr'>erat,</span> <span class='ocrx_word' id='word_1_256' title='bbox 1446 1895 1512 1928; x_wconf 89' lang='lat' dir='ltr'>sed</span> <span class='ocrx_word' id='word_1_257' title='bbox 1533 1897 1680 1938; x_wconf 89' lang='lat' dir='ltr'>porten—</span> 
     </span>
     <span class='ocr_line' id='line_1_45' title="bbox 227 1950 1675 1994; baseline -0.003 -7"><span class='ocrx_word' id='word_1_258' title='bbox 227 1955 270 1987; x_wconf 88' lang='lat' dir='ltr'>tis</span> <span class='ocrx_word' id='word_1_259' title='bbox 295 1954 460 1986; x_wconf 85' lang='lat' dir='ltr'>divinitus</span> <span class='ocrx_word' id='word_1_260' title='bbox 494 1953 612 1986; x_wconf 91' lang='lat' dir='ltr'>missis</span> <span class='ocrx_word' id='word_1_261' title='bbox 646 1952 753 1985; x_wconf 87' lang='lat' dir='ltr'>indici</span> <span class='ocrx_word' id='word_1_262' title='bbox 788 1952 1014 1985; x_wconf 85' lang='lat' dir='ltr'>credebatur.</span> <span class='ocrx_word' id='word_1_263' title='bbox 1063 1952 1216 1994; x_wconf 90' lang='lat' dir='ltr'>(Servius</span> <span class='ocrx_word' id='word_1_264' title='bbox 1240 1953 1277 1984; x_wconf 90' lang='lat' dir='ltr'>et</span> <span class='ocrx_word' id='word_1_265' title='bbox 1301 1951 1391 1984; x_wconf 89' lang='lat' dir='ltr'>Voss</span> <span class='ocrx_word' id='word_1_266' title='bbox 1414 1950 1461 1984; x_wconf 89' lang='lat' dir='ltr'>ad</span> <span class='ocrx_word' id='word_1_267' title='bbox 1483 1951 1577 1993; x_wconf 86' lang='lat' dir='ltr'>Virg.</span> <span class='ocrx_word' id='word_1_268' title='bbox 1601 1950 1675 1984; x_wconf 90' lang='lat' dir='ltr'>Ecl.</span> 
     </span>
     <span class='ocr_line' id='line_1_46' title="bbox 228 2005 1716 2051; baseline -0.003 -8"><span class='ocrx_word' id='word_1_269' title='bbox 228 2011 265 2051; x_wconf 88' lang='lat'>4,</span> <span class='ocrx_word' id='word_1_270' title='bbox 291 2010 324 2043; x_wconf 85' lang='lat'>4.</span> <span class='ocrx_word' id='word_1_271' title='bbox 362 2010 544 2043; x_wconf 90' lang='lat' dir='ltr'>Censorin.</span> <span class='ocrx_word' id='word_1_272' title='bbox 571 2009 616 2041; x_wconf 92' lang='lat' dir='ltr'>de</span> <span class='ocrx_word' id='word_1_273' title='bbox 641 2009 697 2041; x_wconf 90' lang='lat' dir='ltr'>die</span> <span class='ocrx_word' id='word_1_274' title='bbox 721 2010 792 2041; x_wconf 88' lang='lat' dir='ltr'>nat.</span> <span class='ocrx_word' id='word_1_275' title='bbox 820 2009 873 2041; x_wconf 74' lang='lat'>47.</span> <span class='ocrx_word' id='word_1_276' title='bbox 892 2010 928 2041; x_wconf 88' lang='lat' dir='ltr'>et</span> <span class='ocrx_word' id='word_1_277' title='bbox 951 2008 1016 2049; x_wconf 74' lang='grc'><strong>48.)</strong></span> <span class='ocrx_word' id='word_1_278' title='bbox 1041 2007 1139 2042; x_wconf 89' lang='lat' dir='ltr'>Unde</span> <span class='ocrx_word' id='word_1_279' title='bbox 1164 2007 1270 2040; x_wconf 89' lang='lat' dir='ltr'>etiam</span> <span class='ocrx_word' id='word_1_280' title='bbox 1286 2005 1365 2044; x_wconf 86' lang='lat' dir='ltr'>ludi</span> <span class='ocrx_word' id='word_1_281' title='bbox 1387 2005 1568 2040; x_wconf 84' lang='lat' dir='ltr'>seculares</span> <span class='ocrx_word' id='word_1_282' title='bbox 1582 2006 1679 2049; x_wconf 86' lang='lat' dir='ltr'>apud</span> <span class='ocrx_word' id='word_1_283' title='bbox 1705 2008 1716 2024; x_wconf 52' lang='lat'>³</span> 
     </span>
    </p>
   </div>
   <div class='ocr_carea' id='block_1_16' title="bbox 227 2063 1107 2099">
    <p class='ocr_par' dir='ltr' id='par_1_16' title="bbox 227 2063 1107 2099">
     <span class='ocr_line' id='line_1_47' title="bbox 227 2063 1107 2099; baseline -0.003 0"><span class='ocrx_word' id='word_1_284' title='bbox 227 2068 404 2099; x_wconf 82' lang='lat' dir='ltr'>Romanos</span> <span class='ocrx_word' id='word_1_285' title='bbox 435 2065 584 2098; x_wconf 90' lang='lat' dir='ltr'>diversis</span> <span class='ocrx_word' id='word_1_286' title='bbox 615 2064 807 2097; x_wconf 87' lang='lat' dir='ltr'>intervallis</span> <span class='ocrx_word' id='word_1_287' title='bbox 839 2063 985 2097; x_wconf 90' lang='lat' dir='ltr'>instituti</span> <span class='ocrx_word' id='word_1_288' title='bbox 1013 2065 1107 2096; x_wconf 86' lang='lat' dir='ltr'>sunt.</span> 
     </span>
    </p>
   </div>
   <div class='ocr_carea' id='block_1_17' title="bbox 1147 2056 1722 2105">
    <p class='ocr_par' dir='ltr' id='par_1_17' title="bbox 1147 2056 1722 2105">
     <span class='ocr_line' id='line_1_48' title="bbox 1147 2056 1722 2105; baseline -0.005 -8"><span class='ocrx_word' id='word_1_289' title='bbox 1147 2063 1305 2105; x_wconf 88' lang='lat' dir='ltr'>(Censor.</span> <span class='ocrx_word' id='word_1_290' title='bbox 1329 2062 1353 2095; x_wconf 93' lang='lat' dir='ltr'>l.</span> <span class='ocrx_word' id='word_1_291' title='bbox 1374 2061 1411 2104; x_wconf 92' lang='lat' dir='ltr'>l.)</span> <span class='ocrx_word' id='word_1_292' title='bbox 1434 2063 1474 2095; x_wconf 88' lang='lat' dir='ltr'>In</span> <span class='ocrx_word' id='word_1_293' title='bbox 1498 2061 1597 2096; x_wconf 88' lang='lat' dir='ltr'>libris</span> <span class='ocrx_word' id='word_1_294' title='bbox 1623 2063 1679 2096; x_wconf 92' lang='lat' dir='ltr'>Si-</span> <span class='ocrx_word' id='word_1_295' title='bbox 1721 2056 1722 2060; x_wconf 69' lang='grc'>’</span> 
     </span>
    </p>
   </div>
   <div class='ocr_carea' id='block_1_18' title="bbox 227 2117 1709 2608">
    <p class='ocr_par' dir='ltr' id='par_1_18' title="bbox 227 2117 1709 2608">
     <span class='ocr_line' id='line_1_49' title="bbox 228 2117 1705 2164; baseline -0.003 -10"><span class='ocrx_word' id='word_1_296' title='bbox 228 2122 368 2164; x_wconf 88' lang='lat' dir='ltr'>byllinis</span> <span class='ocrx_word' id='word_1_297' title='bbox 396 2123 583 2163; x_wconf 88' lang='lat' dir='ltr'>praeterea</span> <span class='ocrx_word' id='word_1_298' title='bbox 607 2121 779 2162; x_wconf 89' lang='lat' dir='ltr'>scriptum</span> <span class='ocrx_word' id='word_1_299' title='bbox 802 2122 897 2160; x_wconf 83' lang='lat' dir='ltr'>erat,</span> <span class='ocrx_word' id='word_1_300' title='bbox 935 2120 1014 2161; x_wconf 86' lang='lat' dir='ltr'>quis</span> <span class='ocrx_word' id='word_1_301' title='bbox 1038 2128 1180 2161; x_wconf 89' lang='lat' dir='ltr'>quoque</span> <span class='ocrx_word' id='word_1_302' title='bbox 1203 2127 1331 2152; x_wconf 89' lang='lat' dir='ltr'>mense</span> <span class='ocrx_word' id='word_1_303' title='bbox 1358 2118 1553 2160; x_wconf 81' lang='lat' dir='ltr'>imperaret</span> <span class='ocrx_word' id='word_1_304' title='bbox 1574 2117 1675 2151; x_wconf 89' lang='lat' dir='ltr'>deus.</span> <span class='ocrx_word' id='word_1_305' title='bbox 1703 2142 1705 2145; x_wconf 32' lang='lat' dir='ltr'><strong>f</strong></span> 
     </span>
     <span class='ocr_line' id='line_1_50' title="bbox 227 2172 1709 2219; baseline -0.002 -8"><span class='ocrx_word' id='word_1_306' title='bbox 227 2179 344 2211; x_wconf 89' lang='lat' dir='ltr'>Primo</span> <span class='ocrx_word' id='word_1_307' title='bbox 368 2178 483 2210; x_wconf 90' lang='lat' dir='ltr'>mensi</span> <span class='ocrx_word' id='word_1_308' title='bbox 506 2178 678 2209; x_wconf 89' lang='lat' dir='ltr'>Saturnus</span> <span class='ocrx_word' id='word_1_309' title='bbox 701 2177 882 2219; x_wconf 86' lang='lat' dir='ltr'>praeerat,</span> <span class='ocrx_word' id='word_1_310' title='bbox 914 2175 1058 2208; x_wconf 91' lang='lat' dir='ltr'>ultimus</span> <span class='ocrx_word' id='word_1_311' title='bbox 1080 2174 1150 2207; x_wconf 91' lang='lat' dir='ltr'>Soli</span> <span class='ocrx_word' id='word_1_312' title='bbox 1173 2174 1248 2207; x_wconf 85' lang='lat' dir='ltr'>sive</span> <span class='ocrx_word' id='word_1_313' title='bbox 1270 2172 1420 2216; x_wconf 81' lang='lat' dir='ltr'>Apollini</span> <span class='ocrx_word' id='word_1_314' title='bbox 1442 2173 1674 2208; x_wconf 82' lang='lat' dir='ltr'>tribuebatur.</span> <span class='ocrx_word' id='word_1_315' title='bbox 1699 2181 1709 2219; x_wconf 53' lang='lat'><em>3</em></span> 
     </span>
     <span class='ocr_line' id='line_1_51' title="bbox 230 2221 1708 2276; baseline -0.003 -9"><span class='ocrx_word' id='word_1_316' title='bbox 230 2234 396 2275; x_wconf 83' lang='lat' dir='ltr'>(Nigidius</span> <span class='ocrx_word' id='word_1_317' title='bbox 430 2233 526 2276; x_wconf 88' lang='lat' dir='ltr'>apud</span> <span class='ocrx_word' id='word_1_318' title='bbox 555 2234 653 2265; x_wconf 90' lang='lat' dir='ltr'>Serv.</span> <span class='ocrx_word' id='word_1_319' title='bbox 687 2232 733 2264; x_wconf 92' lang='lat' dir='ltr'>ad</span> <span class='ocrx_word' id='word_1_320' title='bbox 761 2230 832 2264; x_wconf 89' lang='lat' dir='ltr'>Ecl.</span> <span class='ocrx_word' id='word_1_321' title='bbox 864 2231 902 2271; x_wconf 95' lang='lat'>4,</span> <span class='ocrx_word' id='word_1_322' title='bbox 939 2231 1004 2272; x_wconf 77' lang='lat'>40.)</span> <span class='ocrx_word' id='word_1_323' title='bbox 1040 2229 1237 2272; x_wconf 89' lang='lat' dir='ltr'>Apollinem</span> <span class='ocrx_word' id='word_1_324' title='bbox 1267 2229 1507 2272; x_wconf 76' lang='lat' dir='ltr'>praecessisse</span> <span class='ocrx_word' id='word_1_325' title='bbox 1534 2229 1676 2263; x_wconf 83' lang='lat' dir='ltr'>videtur</span> <span class='ocrx_word' id='word_1_326' title='bbox 1689 2221 1708 2266; x_wconf 59' lang='grc' dir='ltr'>»ξ</span> 
     </span>
     <span class='ocr_line' id='line_1_52' title="bbox 228 2285 1705 2331; baseline -0.003 -8"><span class='ocrx_word' id='word_1_327' title='bbox 228 2291 357 2331; x_wconf 87' lang='lat' dir='ltr'>Diana,</span> <span class='ocrx_word' id='word_1_328' title='bbox 388 2290 445 2322; x_wconf 89' lang='lat' dir='ltr'>cui</span> <span class='ocrx_word' id='word_1_329' title='bbox 468 2290 576 2321; x_wconf 87' lang='lat' dir='ltr'>etiam</span> <span class='ocrx_word' id='word_1_330' title='bbox 599 2290 634 2321; x_wconf 90' lang='lat' dir='ltr'>in</span> <span class='ocrx_word' id='word_1_331' title='bbox 658 2287 747 2321; x_wconf 86' lang='lat' dir='ltr'>civili</span> <span class='ocrx_word' id='word_1_332' title='bbox 770 2296 863 2320; x_wconf 89' lang='lat' dir='ltr'>anno</span> <span class='ocrx_word' id='word_1_333' title='bbox 885 2287 1018 2320; x_wconf 84' lang='lat' dir='ltr'>mensis</span> <span class='ocrx_word' id='word_1_334' title='bbox 1042 2285 1246 2319; x_wconf 90' lang='lat' dir='ltr'>November</span> <span class='ocrx_word' id='word_1_335' title='bbox 1267 2293 1371 2318; x_wconf 86' lang='lat' dir='ltr'>sacer</span> <span class='ocrx_word' id='word_1_336' title='bbox 1403 2285 1490 2318; x_wconf 81' lang='lat' dir='ltr'>erat.</span> <span class='ocrx_word' id='word_1_337' title='bbox 1541 2286 1705 2325; x_wconf 81' lang='lat' dir='ltr'>Quam—</span> 
     </span>
     <span class='ocr_line' id='line_1_53' title="bbox 229 2324 1704 2409; baseline -0.004 -30"><span class='ocrx_word' id='word_1_338' title='bbox 229 2346 355 2379; x_wconf 88' lang='lat' dir='ltr'>obrem</span> <span class='ocrx_word' id='word_1_339' title='bbox 388 2346 423 2378; x_wconf 93' lang='lat' dir='ltr'>in</span> <span class='ocrx_word' id='word_1_340' title='bbox 458 2345 590 2378; x_wconf 86' lang='lat' dir='ltr'>Horatii</span> <span class='ocrx_word' id='word_1_341' title='bbox 624 2344 781 2376; x_wconf 88' lang='lat' dir='ltr'>carmine</span> <span class='ocrx_word' id='word_1_342' title='bbox 816 2342 967 2376; x_wconf 90' lang='lat' dir='ltr'>seculari</span> <span class='ocrx_word' id='word_1_343' title='bbox 999 2341 1122 2384; x_wconf 89' lang='lat' dir='ltr'>Apollo</span> <span class='ocrx_word' id='word_1_344' title='bbox 1157 2343 1193 2375; x_wconf 88' lang='lat' dir='ltr'>et</span> <span class='ocrx_word' id='word_1_345' title='bbox 1226 2342 1336 2375; x_wconf 84' lang='lat' dir='ltr'>Diana</span> <span class='ocrx_word' id='word_1_346' title='bbox 1357 2349 1444 2383; x_wconf 85' lang='lat' dir='ltr'>prae</span> <span class='ocrx_word' id='word_1_347' title='bbox 1467 2341 1595 2374; x_wconf 64' lang='lat' dir='ltr'>ceteris</span> <span class='ocrx_word' id='word_1_348' title='bbox 1621 2324 1704 2409; x_wconf 47' lang='lat' dir='ltr'>dis}3</span> 
     </span>
     <span class='ocr_line' id='line_1_54' title="bbox 229 2387 1701 2440; baseline -0.005 -5"><span class='ocrx_word' id='word_1_349' title='bbox 229 2401 398 2435; x_wconf 89' lang='lat' dir='ltr'>celebrati</span> <span class='ocrx_word' id='word_1_350' title='bbox 422 2403 515 2434; x_wconf 90' lang='lat' dir='ltr'>sunt.</span> <span class='ocrx_word' id='word_1_351' title='bbox 563 2400 709 2433; x_wconf 87' lang='lat' dir='ltr'>Romani</span> <span class='ocrx_word' id='word_1_352' title='bbox 739 2408 826 2432; x_wconf 87' lang='lat' dir='ltr'>vero</span> <span class='ocrx_word' id='word_1_353' title='bbox 857 2399 926 2432; x_wconf 87' lang='lat' dir='ltr'>hoc</span> <span class='ocrx_word' id='word_1_354' title='bbox 954 2399 1032 2440; x_wconf 90' lang='lat' dir='ltr'>ipso</span> <span class='ocrx_word' id='word_1_355' title='bbox 1063 2399 1224 2440; x_wconf 89' lang='lat' dir='ltr'>tempore</span> <span class='ocrx_word' id='word_1_356' title='bbox 1254 2395 1374 2431; x_wconf 83' lang='lat' dir='ltr'>seculo</span> <span class='ocrx_word' id='word_1_357' title='bbox 1397 2396 1538 2430; x_wconf 89' lang='lat' dir='ltr'>decimo</span> <span class='ocrx_word' id='word_1_358' title='bbox 1559 2404 1600 2429; x_wconf 88' lang='lat' dir='ltr'>se</span> <span class='ocrx_word' id='word_1_359' title='bbox 1620 2387 1701 2431; x_wconf 82' lang='lat' dir='ltr'>vi—:</span> 
     </span>
     <span class='ocr_line' id='line_1_55' title="bbox 227 2450 1698 2500; baseline -0.005 -9"><span class='ocrx_word' id='word_1_360' title='bbox 227 2467 312 2491; x_wconf 88' lang='lat' dir='ltr'>vere</span> <span class='ocrx_word' id='word_1_361' title='bbox 346 2457 571 2500; x_wconf 86' lang='lat' dir='ltr'>putaverunt.</span> <span class='ocrx_word' id='word_1_362' title='bbox 619 2456 758 2489; x_wconf 86' lang='lat' dir='ltr'>Etenim</span> <span class='ocrx_word' id='word_1_363' title='bbox 792 2463 875 2487; x_wconf 92' lang='lat' dir='ltr'>cum</span> <span class='ocrx_word' id='word_1_364' title='bbox 907 2455 990 2496; x_wconf 87' lang='lat' dir='ltr'>post</span> <span class='ocrx_word' id='word_1_365' title='bbox 1022 2455 1176 2487; x_wconf 90' lang='lat' dir='ltr'>mortem</span> <span class='ocrx_word' id='word_1_366' title='bbox 1210 2453 1249 2486; x_wconf 95' lang='lat' dir='ltr'>C.</span> <span class='ocrx_word' id='word_1_367' title='bbox 1275 2451 1351 2486; x_wconf 89' lang='lat' dir='ltr'>Iulii</span> <span class='ocrx_word' id='word_1_368' title='bbox 1384 2452 1546 2486; x_wconf 85' lang='lat' dir='ltr'>Caesaris</span> <span class='ocrx_word' id='word_1_369' title='bbox 1575 2450 1698 2485; x_wconf 79' lang='lat' dir='ltr'>stella</span> 
     </span>
     <span class='ocr_line' id='line_1_56' title="bbox 228 2506 1677 2554; baseline -0.004 -8"><span class='ocrx_word' id='word_1_370' title='bbox 228 2514 351 2546; x_wconf 87' lang='lat' dir='ltr'>crinita</span> <span class='ocrx_word' id='word_1_371' title='bbox 374 2512 613 2554; x_wconf 85' lang='lat' dir='ltr'>apparuisset,</span> <span class='ocrx_word' id='word_1_372' title='bbox 654 2509 830 2543; x_wconf 87' lang='lat' dir='ltr'>Volcatius</span> <span class='ocrx_word' id='word_1_373' title='bbox 854 2510 1031 2552; x_wconf 87' lang='lat' dir='ltr'>haruspex</span> <span class='ocrx_word' id='word_1_374' title='bbox 1062 2510 1157 2543; x_wconf 89' lang='lat' dir='ltr'>hunc</span> <span class='ocrx_word' id='word_1_375' title='bbox 1180 2509 1358 2542; x_wconf 84' lang='lat' dir='ltr'>cometam</span> <span class='ocrx_word' id='word_1_376' title='bbox 1378 2506 1575 2549; x_wconf 79' lang='lat' dir='ltr'>significare</span> <span class='ocrx_word' id='word_1_377' title='bbox 1600 2507 1677 2540; x_wconf 79' lang='lat' dir='ltr'>exi-</span> 
     </span>
     <span class='ocr_line' id='line_1_57' title="bbox 227 2560 1672 2608; baseline -0.004 -7"><span class='ocrx_word' id='word_1_378' title='bbox 227 2572 303 2602; x_wconf 92' lang='lat' dir='ltr'>tum</span> <span class='ocrx_word' id='word_1_379' title='bbox 333 2567 443 2601; x_wconf 87' lang='lat' dir='ltr'>seculi</span> <span class='ocrx_word' id='word_1_380' title='bbox 472 2567 555 2599; x_wconf 92' lang='lat' dir='ltr'>noni</span> <span class='ocrx_word' id='word_1_381' title='bbox 585 2568 620 2599; x_wconf 87' lang='lat' dir='ltr'>et</span> <span class='ocrx_word' id='word_1_382' title='bbox 649 2568 848 2608; x_wconf 86' lang='lat' dir='ltr'>ingressum</span> <span class='ocrx_word' id='word_1_383' title='bbox 874 2565 1002 2598; x_wconf 89' lang='lat' dir='ltr'>decimi</span> <span class='ocrx_word' id='word_1_384' title='bbox 1028 2566 1063 2598; x_wconf 90' lang='lat' dir='ltr'>in</span> <span class='ocrx_word' id='word_1_385' title='bbox 1087 2566 1248 2599; x_wconf 88' lang='lat' dir='ltr'>contione</span> <span class='ocrx_word' id='word_1_386' title='bbox 1272 2563 1368 2597; x_wconf 87' lang='lat' dir='ltr'>dixit</span> <span class='ocrx_word' id='word_1_387' title='bbox 1397 2563 1508 2604; x_wconf 77' lang='lat' dir='ltr'>(Serv.</span> <span class='ocrx_word' id='word_1_388' title='bbox 1532 2562 1578 2596; x_wconf 84' lang='lat' dir='ltr'>ad</span> <span class='ocrx_word' id='word_1_389' title='bbox 1598 2560 1672 2596; x_wconf 88' lang='lat' dir='ltr'>Ecl.</span> 
     </span>
    </p>
   </div>
   <div class='ocr_carea' id='block_1_19' title="bbox 229 2621 924 2665">
    <p class='ocr_par' dir='ltr' id='par_1_19' title="bbox 229 2621 924 2665">
     <span class='ocr_line' id='line_1_58' title="bbox 229 2621 924 2665; baseline -0.004 -8"><span class='ocrx_word' id='word_1_390' title='bbox 229 2626 266 2664; x_wconf 87' lang='grc'>9,</span> <span class='ocrx_word' id='word_1_391' title='bbox 292 2625 380 2665; x_wconf 77' lang='grc' dir='ltr'><strong>47.)ιι</strong></span> <span class='ocrx_word' id='word_1_392' title='bbox 417 2625 498 2656; x_wconf 70' lang='lat' dir='ltr'>[Anu</span> <span class='ocrx_word' id='word_1_393' title='bbox 521 2623 567 2655; x_wconf 92' lang='lat' dir='ltr'>ad</span> <span class='ocrx_word' id='word_1_394' title='bbox 590 2623 683 2663; x_wconf 85' lang='lat' dir='ltr'>Virg.</span> <span class='ocrx_word' id='word_1_395' title='bbox 710 2621 780 2655; x_wconf 92' lang='lat' dir='ltr'>Ecl.</span> <span class='ocrx_word' id='word_1_396' title='bbox 806 2621 844 2661; x_wconf 86' lang='lat'>4,</span> <span class='ocrx_word' id='word_1_397' title='bbox 871 2622 924 2654; x_wconf 75' lang='lat'>⁴0.</span> 
     </span>
    </p>
   </div>
   <div class='ocr_carea' id='block_1_20' title="bbox 826 2697 1060 2705">
    <p class='ocr_par' dir='ltr' id='par_1_20' title="bbox 826 2697 1060 2705">
     <span class='ocr_line' id='line_1_59' title="bbox 826 2697 1060 2705; baseline 0 0"><span class='ocrx_word' id='word_1_398' title='bbox 826 2697 1060 2705; x_wconf 95' lang='lat' dir='ltr'> </span> 
     </span>
    </p>
   </div>
   <div class='ocr_carea' id='block_1_21' title="bbox 891 2707 1060 2713">
    <p class='ocr_par' dir='ltr' id='par_1_21' title="bbox 891 2707 1060 2713">
     <span class='ocr_line' id='line_1_60' title="bbox 891 2707 1060 2713; baseline 0 0"><span class='ocrx_word' id='word_1_399' title='bbox 891 2707 1060 2713; x_wconf 95' lang='lat' dir='ltr'> </span> 
     </span>
    </p>
   </div>
  </div>
 </body>
</html>
