1722 2904
616 87 774 121 L113.111.
821 88 860 120 C.
883 87 955 120 xn.
1006 106 1008 108 -

407 183 542 209 „rj—

1436 84 1521 127 449

361 218 542 262 Patruae
571 187 754 261 verbera
781 182 963 273 linguae.

139 325 229 370 Tibi
259 324 435 383 qua-him
467 323 705 383 Cythereae
735 312 986 390 puegffales,
1020 319 1093 363 tibi
1124 319 1229 364 telas

140 407 450 470 Opergsaeque
479 405 694 448 Minervae
725 402 911 446 studium
940 400 1093 452 aufert,
1126 401 1337 451 Neobule‚
1497 405 1522 444 5

365 484 562 549 Liparaei
590 484 701 555 nitor
729 482 879 534 Hebri,

172 644 204 677 6.
228 643 364 684 Liparei
385 642 448 682 Td,
472 640 583 674 Bentl.
617 658 653 665 -
688 640 753 673 Vv.
778 641 811 673 6.
836 647 939 682 seqq.
969 640 1088 681 Hebri,
1123 641 1232 682 Eques
1253 658 1272 664 -
1287 658 1306 664 -
1332 641 1479 674 Bellero—

123 694 263 735 phonte,
297 693 411 734 Neque
428 701 542 734 puqno
558 709 577 715 -
592 709 610 716 -
624 691 747 731 vietus,
771 690 878 722 Simul
891 707 910 713 -
930 707 943 713 -

127 742 189 777 Illo
222 742 330 777 modo
358 742 532 775 ordinavit
558 748 684 773 versus
714 738 824 772 Aldus
847 739 928 772 inde
956 739 1001 772 ab
1026 749 1057 773 a.
1085 740 1182 773 4504.

963 691 1061 722 undis
1084 691 1124 723 Lt
1160 691 1249 732 (non
1274 690 1476 734 Cruquius).

1208 749 1252 773 ex
1275 742 1481 775 auctoritate

128 793 219 833 ficti,
244 794 284 825 ut
303 791 458 832 videtur,
502 791 589 824 Cod.
614 788 907 822 vindobonensis.

85 928 246 973 percelli,
271 937 415 963 summo
437 936 569 970 angore
593 926 696 966 affici,
720 925 782 958 ubi

85 980 243 1013 severior
275 979 383 1012 etiam
415 979 516 1020 patre
547 977 693 1019 patruus
716 983 782 1008 nos

87 1029 282 1071 increpat»
340 1028 409 1060 Sat.
441 1027 482 1066 2,
507 1026 547 1065 3.
572 1026 637 1059 88:
676 1034 717 1058 ne
738 1026 783 1057 sis

82 1081 227 1120 patruus
247 1077 339 1110 mihi.
364 1075 479 1111 Manil.
497 1077 537 1116 5,
559 1075 640 1109 454.
683 1076 782 1108 Tuto—

85 1128 176 1161 rime
197 1127 411 1169 supercilium
434 1126 593 1167 patruive
621 1125 779 1167 rigorem.

86 1177 159 1211 Cic.
183 1186 249 1220 pro
272 1175 390 1210 Caelio
414 1175 477 1208 44ε
509 1175 573 1216 Qui
594 1175 630 1207 in
651 1175 783 1215 reliqua

83 1227 156 1260 vita
175 1227 266 1260 mitis
278 1229 377 1267 esset,
400 1243 445 1250 --
464 1225 529 1267 fuit
548 1226 583 1257 in
603 1225 666 1257 hae
679 1233 784 1257 causa

83 1277 252 1317 pertristis
282 1276 419 1317 quidam
452 1278 615 1316 patruus,
654 1283 781 1314 censor,

86 1327 258 1368 maqe'ster.
285 1343 322 1349 -
346 1325 497 1367 verbera]
522 1325 562 1364 Q.
589 1325 713 1357 Cicero
737 1323 782 1356 ad

86 1375 182 1408 Fam.
208 1375 267 1415 46,
292 1375 358 1407 26:
397 1374 573 1407 Verberwi
601 1377 632 1406 te
653 1373 783 1415 cogita-

85 1425 184 1457 tionis
205 1425 305 1457 tacito
326 1425 506 1456 amntaoeat
527 1423 685 1456 convicio.
726 1423 782 1455 Sic

87 1471 355 1517 ἐπιπλήσσειν,
396 1470 614 1506 ἐπικόπτειν
631 1499 638 1512 ,
677 1467 782 1518 ἐπιῤ-

84 1519 276 1570 ῥαπίζειν,
300 1523 498 1565 obiurgare.

129 1572 162 1607 4.
187 1573 339 1616 qualum]
365 1572 591 1612 «calathum,
616 1573 784 1613 metony-

85 1623 178 1655 mice
211 1631 278 1665 pro
306 1621 491 1655 lanificio.»
527 1622 648 1653 Senon.
696 1622 784 1663 Sap-

85 1672 157 1714 pho
180 1681 215 1714 p.
242 1671 318 1704 649.
342 1672 478 1713 Bergk:
518 1667 682 1703 Γλὺκεια
708 1668 786 1712 μᾶ-

86 1731 171 1768 τερ,
208 1717 318 1755 ουτοι
352 1718 519 1763 δύναμαι
548 1731 688 1766 κρεκην
716 1718 784 1752 τὸν

85 1769 195 1804 ἴστον
203 1765 347 1815 :Hb-99
361 1767 527 1813 δάμεισα
543 1768 679 1810 παῖδος
693 1769 785 1816 βρα-

86 1819 194 1854 δίναν
226 1819 272 1854 δι’
300 1817 536 1867 Ἀφρόδιταν.
594 1820 696 1862 Apud
719 1821 785 1852 Se—

86 1879 214 1904 necam
238 1869 385 1913 (Hippol.
412 1870 500 1911 404.)
524 1870 681 1903 Phaedra
698 1870 784 1911 Hip-

86 1919 199 1963 polyti
226 1929 347 1953 amore
372 1921 498 1962 capta:
534 1920 681 1952 Palladis
701 1920 786 1952 telae

85 1973 210 2002 vacant
229 1971 272 2002 Et
292 1970 380 2002 inter
400 1970 491 2010 ipsas
507 1978 613 2010 pensa
627 1970 786 2002 labuntur

86 2024 219 2052 manus.
250 2019 455 2052 Lanificium
470 2020 590 2051 autem
604 2019 698 2060 apud
715 2020 784 2052 Ro-

88 2077 213 2102 manos
232 2077 376 2111 semper
396 2068 491 2101 laudi
513 2068 576 2100 fuit
589 2068 783 2109 virginibus

88 2127 131 2151 ac
163 2119 350 2159 matronis,
389 2119 437 2151 ita
469 2120 508 2150 ut
539 2118 574 2150 in
607 2119 781 2160 Inscriptt.

19 2183 21 2185 ·
88 2176 252 2200 mearum
275 2169 348 2200 Lat.
365 2169 407 2200 N.
424 2167 522 2201 4860.
547 2169 696 2201 summis
712 2169 784 2200 vir-

88 2216 222 2250 tutibus
245 2217 515 2259 aequiparetur:
548 2218 692 2250 Mnum.
718 2226 784 2249 ιο-

89 2274 219 2300 υΕετιΔ.
255 2273 447 2299 monium.
477 2275 655 2299 rrmcrru.
681 2275 783 2299 orsa·-

89 2324 179 2355 ρνιο.
222 2323 401 2349 umnam.
445 2324 651 2348 DILIGENTIA.
688 2324 781 2348 rma.

89 2373 163 2398 PAR.
202 2373 403 2404 ειιιιιερνε.
443 2373 592 2398 CETERIS.
630 2373 781 2398 morsis.

87 2422 239 2447 vaurms.
258 2424 344 2447 Ρνιν.
363 2433 399 2439 -
418 2424 506 2456 puer
529 2414 607 2456 ales]
633 2415 781 2456 Cupido.

88 2463 162 2496 Ales
178 2472 243 2505 pro
268 2463 417 2497 «alatus»
435 2466 490 2496 est
504 2465 574 2496 iam
590 2463 684 2505 apud
699 2464 784 2496 Tra-

90 2513 207 2554 gicum
231 2513 314 2555 (Cic.
333 2513 378 2545 de
394 2515 467 2546 Inv.
487 2514 523 2553 4,
544 2513 631 2553 49.);
655 2512 785 2555 Angues

90 2561 236 2603 ingentes
257 2562 360 2595 alites
388 2563 564 2604 Oppianus
580 2561 654 2594 Hal.
673 2562 705 2602 4,
720 2562 779 2595 27:

91 2608 179 2643 Εἴτε
212 2610 256 2644 σὲ
290 2612 354 2645 καὶ
367 2609 631 2667 πτερύγεσσιν
654 2608 782 2658 ἀειρό-
826 2622 914 2653 puer
949 2613 1018 2645 ales
1065 2613 1177 2654 (amor
1219 2613 1331 2654 tuus),

830 923 1023 968 μεδέουσα
1050 923 1337 972 πολυφράδμων
1354 923 1528 974 Ἀφροδί-

830 984 890 1018 τη.
930 977 1005 1008 Iam
1021 976 1056 1008 in
1072 977 1324 1018 antiquissimis
1339 978 1424 1011 artis
1441 987 1529 1020 ope-

832 1025 930 1058 ribus
954 1025 1090 1068 Cupido
1114 1028 1169 1059 est
1184 1025 1307 1060 alatus.
1354 1027 1443 1061 Vide
1459 1028 1531 1062 Mil-

833 1073 949 1116 lingen
976 1075 1075 1107 Uned.
1100 1076 1192 1109 Mon.
1218 1077 1245 1108 1.
1271 1077 1309 1109 T.
1334 1077 1366 1109 5.

875 1126 907 1157 5.
948 1125 980 1158 6.
1028 1125 1209 1168 Operosae]
1250 1121 1446 1172 Ἐργάνης.
1490 1145 1526 1152 -—

830 1173 986 1216 Neobule]
1010 1183 1141 1208 nomen
1158 1184 1329 1208 sonorum
1345 1185 1389 1209 ex
1403 1178 1532 1211 Archi-

831 1224 924 1257 lochi
959 1225 1175 1258 carminibus
1210 1225 1454 1284 desumptum.
1493 1238 1528 1286 p.

832 1273 908 1307 484.
933 1274 1068 1316 Bergk:
1107 1273 1158 1306 Εἰ
1186 1272 1259 1321 γὰρ
1281 1285 1336 1307 ων
1358 1275 1447 1318 ἐμοὶ
1468 1288 1531 1321 γε-

831 1333 938 1356 νοιτο
980 1327 1091 1370 χεῖρα
1130 1322 1356 1368 Νεοβούλης
1388 1325 1531 1370 θιγέειν

831 1373 911 1406 κτλ.
928 1391 964 1397 -
999 1374 1193 1415 Liparaei·
1207 1375 1318 1417 Hebri]
1343 1376 1438 1408 Sicut
1461 1377 1524 1409 Od.

832 1423 864 1463 3,
882 1424 915 1463 7,
929 1423 984 1456 23.
1010 1423 1167 1464 Enipeus,
1192 1423 1347 1457 fluminis
1370 1426 1443 1458 noti
1466 1435 1531 1459 no-

832 1482 915 1506 men
937 1473 1102 1506 tribuitur
1124 1474 1327 1506 huiusmodi
1353 1484 1528 1516 personae

832 1523 1023 1556 amatoriae
1035 1548 1043 1562 ,
1068 1523 1297 1564 superaddito
1313 1526 1448 1566 patriae
1465 1536 1531 1560 no-

833 1574 945 1612 mine,
970 1573 1009 1604 ut
1032 1572 1195 1604 Xanthias
1218 1573 1375 1615 Phoceus,
1413 1576 1533 1609 sturi-

832 1632 895 1655 nus
911 1622 1044 1661 Calais,
1069 1621 1106 1654 id
1130 1622 1226 1663 quod
1243 1623 1381 1656 confert
1395 1624 1442 1657 ad
1457 1635 1533 1658 cer-

833 1673 907 1704 tam
948 1670 1103 1712 aliquam
1148 1680 1341 1713 personam
1389 1672 1532 1708 lectoris

834 1721 944 1753 menti
966 1720 1293 1754 demonstrandam.
1322 1739 1358 1745 —
1390 1724 1530 1766 Lipara,

834 1771 987 1802 maxima
1008 1769 1203 1802 insularum
1218 1770 1420 1805 Aeoliarum
1441 1774 1533 1807 inter

833 1818 966 1851 Italiam
983 1820 1018 1850 et
1034 1818 1196 1851 Siciliam.
1214 1838 1250 1842 —
1267 1821 1369 1863 nitor]
1388 1822 1529 1864 «decor,

832 1868 1070 1911 pulcherrima
1087 1868 1235 1901 forma.»
1266 1870 1406 1904 Charito
1422 1882 1457 1914 p.
1475 1874 1530 1908 26.

833 1919 925 1960 Lips.
943 1927 951 1949 ε
975 1915 1046 1961 τὴν
1066 1916 1323 1965 μαρμαρυγὴν
1345 1919 1414 1954 τοῦ
1437 1920 1532 1956 κάλ-

833 1966 936 2008 λους.
974 1969 1092 2001 Nexus
1108 1970 1365 2002 sententiarum
1380 1971 1438 2004 hic
1454 1975 1526 2006 est:

835 2018 994 2050 «Hebrus
1028 2018 1114 2050 mihi
1147 2018 1262 2050 aufert
1296 2028 1401 2053 omne
1436 2021 1529 2056 aliud

834 2067 1008 2107 studium,
1059 2066 1270 2108 simulatque
1306 2077 1389 2102 eum
1425 2072 1530 2105 video

833 2116 889 2149 vel
910 2116 1032 2149 videre
1056 2117 1142 2150 mihi
1171 2117 1296 2150 videor
1328 2120 1527 2162 natantem,

833 2167 1061 2208 equitantem,
1078 2169 1304 2200 venantem.»
1322 2169 1387 2208 Qui
1399 2174 1531 2212 puncto

833 2216 1050 2257 distinguunt
1071 2218 1153 2258 post
1166 2226 1201 2248 ν.
1218 2217 1329 2258 Hebri,
1354 2218 1445 2252 hanc
1461 2222 1529 2253 mi-

834 2274 900 2298 nus
934 2266 1052 2307 aptam
1092 2267 1306 2299 sententiam
1344 2268 1426 2301 inde
1465 2270 1529 2303 eli-

834 2317 945 2348 ciunt:
973 2314 1144 2348 «Simulac
1168 2315 1344 2349 denatavit
1359 2318 1524 2358 Tiberim,

834 2365 951 2397 evadit
965 2374 1076 2406 eques
1091 2366 1183 2397 cet.»
1221 2367 1293 2398 Nec
1309 2367 1424 2400 minus
1441 2368 1527 2401 falso

833 2423 988 2456 nuperus
1004 2413 1128 2456 aliquis
1143 2415 1331 2457 interpres,
1350 2420 1526 2450 commate

832 2465 913 2506 post
944 2473 977 2496 v.
1011 2464 1111 2496 Hebri
1133 2463 1268 2505 deleto,
1307 2468 1523 2499 construxit:

832 2514 940 2547 Simul
960 2514 1050 2545 nitor
1063 2514 1162 2546 Hebri
1183 2514 1335 2547 humeros
1356 2516 1439 2547 lavit
1454 2519 1522 2550 cet.

831 2565 922 2597 Vera
952 2564 1072 2604 utique
1095 2564 1185 2596 haec
1208 2566 1263 2597 est
1284 2565 1522 2598 constructio:

1383 2614 1419 2645 id
1457 2615 1521 2655 est,

91 2669 207 2703 μενον
230 2658 339 2693 θεὸν
363 2656 492 2707 ὄρνιν
516 2662 624 2694 Τι’κτε
641 2659 781 2702 Πάφον
830 2662 966 2702 Hebrus,
985 2664 1121 2702 qualum
1138 2663 1194 2695 tibi
1209 2663 1329 2704 aufert,
1348 2663 1446 2695 simul
1454 2665 1521 2695 cet.
