1722 2904
683 74 856 107 HORATII
880 74 1105 108 CARMINUM

339 178 458 221 Venti
488 184 733 234 paventem,
765 191 864 221 mox
894 178 937 219 in
966 177 1094 220 ovilia

338 259 518 302 Demisit
546 259 715 302 hostem
743 258 911 301 vividus
941 259 1146 315 impetus,

1562 257 1615 299 40
1648 273 1651 275 ·

395 341 516 384 Nunc
546 341 588 382 in
618 339 878 383 reluctantes
908 339 1121 382 dracones

451 421 545 479 Egit
574 435 695 464 amor
723 420 846 477 dapis
876 426 1006 477 atque
1034 432 1236 476 pugnae·r

338 539 574 592 Qualemve
606 538 728 581 laetis
758 551 916 594 caprea
946 538 1118 594 pascuis

338 622 501 664 Intenta
530 619 671 662 fulvae
701 618 847 661 matris
878 617 932 660 ab
962 617 1098 660 ubere

394 703 483 744 Iam
511 700 620 744 lacte
652 698 882 756 depulsum
911 698 1083 742 leonem

1565 700 1617 742 45

258 859 310 890 ⁴5.
335 858 408 890 Iam
428 865 528 889 mane
542 855 598 889 vel
613 856 686 888 Iam
697 859 810 896 sponte
825 854 981 887 malebat
995 854 1107 887 Bentl.
1122 881 1129 895 ,
1155 855 1229 888 Iam
1243 855 1378 896 iamque
1389 855 1572 890 Kusterus.

169 1001 308 1033 Lucret.
343 1000 362 1031 6
378 1025 385 1039 ,
426 999 512 1032 833;
556 999 743 1039 pinnarum
779 999 871 1031 nisus

168 1051 292 1082 inanis.
309 1063 315 1072 -

212 1100 244 1132 9.
271 1100 324 1131 40.
359 1100 545 1140 paventem]
576 1099 711 1140 «primo
739 1099 869 1131 conatu

167 1148 355 1190 pavidum3
389 1148 455 1181 sed
486 1157 570 1180 mox
593 1148 764 1180 audacter
786 1156 869 1179 cum

168 1199 242 1230 acri
265 1198 400 1240 impetu
421 1197 580 1230 defertur
603 1198 638 1230 in
660 1197 868 1239 praedam.»

168 1246 335 1289 Apuleius
365 1247 453 1280 Flor.
488 1248 501 1279 4
519 1257 525 1279 ;
562 1247 685 1287 Aquila
719 1247 867 1288 quaerit,

169 1306 310 1338 quorsus
327 1298 538 1338 potissimum
559 1298 596 1329 in
619 1298 786 1337 praedam
811 1305 870 1328 su-

164 1355 269 1387 perne
290 1356 359 1379 sese
379 1350 461 1379 ruat
481 1347 632 1388 fulminis
652 1347 734 1378 vice.
763 1365 798 1369 -—
815 1346 870 1377 vi-

166 1397 273 1436 vidus]
313 1397 494 1428 poeticum
537 1405 617 1429 esse
655 1395 870 1428 vocabulum

169 1446 274 1478 tradit
289 1446 429 1484 Festus,
449 1447 504 1478 est
515 1447 636 1478 tamen
653 1446 760 1478 etiam
775 1445 871 1486 apud

169 1496 241 1527 Liv.
261 1496 298 1535 6,
313 1496 355 1527 22
369 1504 375 1526 ε
401 1495 438 1526 in
450 1495 561 1527 vivido
567 1498 714 1535 pectore,
728 1496 763 1527 et
774 1494 867 1527 alibi.

213 1545 267 1576 Μ.
287 1544 341 1576 42.
359 1544 569 1584 reluctantes]
586 1543 671 1577 Plin.
691 1545 732 1577 H.
751 1546 791 1576 N.
807 1545 868 1585 ⁴0,

169 1593 205 1626 4:
246 1593 304 1626 Ille
328 1593 460 1634 (draco)
475 1594 650 1634 multiplici
678 1603 770 1626 nexu
799 1594 873 1626 alas

170 1641 329 1684 (aquilae)
343 1643 443 1684 liqat,
461 1644 511 1675 ila
525 1652 559 1675 se
572 1644 760 1684 implicans,
778 1647 815 1676 ut
829 1644 873 1676 si-

167 1693 239 1724 mul
268 1693 431 1724 decidant.
472 1694 620 1725 Luctam
647 1693 737 1725 inter
768 1694 872 1734 aqui-

169 1742 239 1773 lam
256 1742 292 1773 et
307 1743 514 1783 serpentem
529 1743 677 1783 pingunt
693 1743 870 1775 Homerus

169 1790 264 1823 Iliad.
287 1802 334 1832 μ,
359 1791 436 1823 200.
463 1791 639 1823 Nicander
661 1792 765 1824 Ther.
791 1791 867 1824 458.

170 1841 295 1872 Cicero
310 1841 345 1872 in
365 1841 485 1873 Mario.
506 1841 561 1882 (de
579 1842 683 1882 Legg.
703 1842 716 1873 4
733 1867 739 1881 ,
767 1842 810 1882 4.)
830 1859 866 1864 -

169 1891 210 1923 Ut
232 1890 267 1922 in
291 1890 445 1929 Horatio,
471 1891 522 1923 sic
546 1889 661 1932 aquila
686 1899 770 1923 cum
786 1890 871 1922 dra-

169 1948 258 1971 cone
282 1938 420 1972 luctans
443 1940 560 1981 imago
581 1941 638 1972 est
659 1940 870 1973 fortitudinis

169 1988 316 2021 bellicae
351 1989 386 2020 in
420 1998 527 2022 ocrea
564 1990 676 2022 Musei
713 1989 866 2022 Borbon.

169 2039 239 2070 VII.
266 2039 302 2070 T.
330 2038 382 2071 ⁴4.
424 2057 461 2062 —
497 2047 595 2071 aanor
627 2039 739 2080 dapis]
779 2038 887 2071 «cibi'

169 2087 376 2128 cupiditas.»
399 2087 606 2120 Admirabili
623 2090 697 2121 arte
713 2090 787 2122 tres
803 2089 870 2121 de-

169 2136 292 2169 scribit
319 2136 427 2169 veluti
456 2138 586 2178 gradus
612 2137 751 2179 aquilae
774 2139 869 2170 vires

169 2195 252 2219 suas
275 2185 457 2228 paullatim
481 2186 698 2229 explicantis.

213 2236 340 2268 43-46.
368 2236 534 2277 Capream
558 2237 698 2278 (nostris
714 2236 868 2278 zoologis

168 2294 303 2317 cervum
325 2287 535 2326 capreolwm,
560 2287 640 2328 Reh)
664 2295 747 2319 cum
763 2296 870 2327 capra

169 2334 336 2366 confundi
360 2343 430 2367 non
454 2335 588 2368 debere
605 2336 796 2368 dicendum
814 2338 869 2369 est

169 2385 316 2424 propter
345 2393 522 2425 nuperum
551 2385 731 2426 quendam
760 2386 871 2417 inter-

171 2434 320 2473 pretem.
350 2451 385 2456 -
411 2434 496 2466 lacte
518 2435 700 2475 depulsum]
726 2431 871 2478 ἀπογα-

170 2481 434 2515 λακτισθέντα.
467 2485 577 2517 Unam
601 2485 782 2517 notionem
807 2494 870 2517 ex-

170 2532 306 2573 primit,
333 2541 440 2574 quam
463 2534 660 2575 posteriore
677 2535 805 2573 aetate,
831 2535 870 2566 ut

171 2590 189 2612 e
207 2580 389 2615 Glossariis
407 2584 561 2623 constat,
586 2592 657 2616 uno
681 2583 792 2616 verbo
813 2583 871 2615 ab·

170 2631 312 2663 lactatus
335 2632 525 2672 signarunt.
569 2633 655 2665 Hinc
688 2635 784 2665 recte
810 2633 871 2665 ad-

919 998 1015 1040 iungi
1029 999 1170 1040 poterat
1184 998 1227 1032 ab
1240 997 1352 1039 ubere,
1372 1007 1414 1031 «a
1425 1007 1616 1036 mammen:

920 1046 1067 1089 falsique
1091 1048 1190 1088 sunt,
1220 1048 1282 1090 qui
1309 1047 1410 1081 ubere
1429 1057 1496 1091 pro
1519 1049 1619 1082 adie-

919 1098 1012 1130 ctivo
1034 1097 1211 1130 habentes
1234 1096 1471 1140 explicarunt:
1499 1107 1541 1131 «a
1555 1107 1620 1131 co-

919 1147 1020 1189 pioso
1043 1146 1189 1179 leaenae
1209 1145 1334 1188 lacte»,
1359 1146 1457 1189 quod
1472 1147 1619 1189 quidem

919 1196 1096 1230 ἐπίθετον
1118 1196 1177 1229 hic
1198 1205 1347 1242 prorsus
1369 1197 1540 1237 otiosum,
1569 1198 1621 1230 in-

919 1255 979 1278 mo
1002 1247 1162 1288 ineptum
1187 1247 1300 1285 esset;
1332 1254 1400 1278 nec
1422 1254 1509 1279 vero
1527 1255 1620 1279 con-

918 1296 1016 1329 venit
1045 1304 1129 1328 cum
1158 1297 1248 1338 part.
1279 1295 1367 1336 iam,
1404 1304 1476 1337 quo
1496 1297 1620 1338 ¹posita

920 1346 975 1378 est
997 1344 1088 1378 loco.
1115 1344 1185 1378 Cfr.
1211 1345 1294 1377 Ern.
1316 1344 1403 1378 Guil.
1421 1344 1621 1378 Weberum

920 1395 966 1427 ad
991 1394 1148 1428 Iuvenal.
1173 1403 1209 1437 p.
1235 1394 1311 1427 350.
1337 1394 1401 1438 Ed.
1427 1403 1514 1428 suae
1542 1395 1622 1428 wi-

920 1453 1010 1477 mar.
1052 1445 1161 1477 Recte
1196 1444 1304 1476 etiam
1337 1443 1467 1486 Regel:
1490 1444 1621 1478 -«Cum

920 1495 1036 1527 mater
1063 1494 1231 1526 iuvenem
1258 1492 1402 1526 leonem
1430 1493 1477 1526 ab
1507 1492 1620 1527 ubere

921 1543 1092 1585 depellat,
1122 1544 1162 1576 ut
1189 1543 1281 1576 lacte
1310 1552 1396 1576 eum
1417 1543 1618 1586 prohibeat,

921 1594 996 1626 sine
1019 1593 1216 1626 verborum
1239 1592 1456 1626 abundantia
1478 1592 1535 1626 leo
1551 1592 1621 1626 dici

920 1644 1039 1684 potest
1067 1642 1110 1675 ab
1137 1642 1237 1675 ubere
1255 1643 1377 1675 matris
1396 1641 1483 1676 lacte
1503 1643 1621 1684 depul—

919 1701 989 1731 sus3
1026 1691 1187 1725 additum
1216 1692 1312 1725 enim
1341 1692 1427 1725 laete
1449 1691 1621 1734 significat

920 1741 974 1781 id,
1000 1751 1021 1774 a
1044 1742 1144 1775 cuius
1167 1751 1236 1775 usu
1256 1741 1484 1784 prohibetur,
1515 1742 1577 1784 qui
1598 1750 1620 1775 a

920 1792 1043 1824 matris
1065 1791 1180 1824 ubere
1203 1790 1425 1833 depellitur.»
1447 1791 1619 1833 Depellere

920 1850 943 1873 a
969 1841 1054 1873 lacte
1078 1841 1165 1874 dixit
1188 1841 1283 1882 Virg.
1311 1840 1384 1874 Ecl.
1411 1841 1451 1882 7,
1476 1842 1552 1881 45..
1577 1840 1621 1873 ab

919 1890 1018 1922 ubere
1043 1890 1164 1922 matris
1188 1891 1250 1923 Ge.
1277 1889 1317 1930 3,
1346 1890 1437 1931 487„
1461 1890 1621 1931 depellere

921 1939 1082 1973 absolute
1106 1938 1178 1972 Ecl.
1204 1939 1243 1980 3,
1269 1939 1324 1973 82.
1352 1939 1494 1982 (Animi,
1518 1940 1618 1982 puto,

920 1999 1028 2023 causa
1042 1990 1098 2022 vir
1119 1986 1391 2036 κριτικώτατος
1404 1997 1520 2032 nuper
1532 1997 1620 2032 pro-

918 2040 1036 2081 posuit
1063 2040 1138 2071 Iam
1163 2039 1316 2081 (mactel)
1346 2038 1544 2081 depulsum.)
1580 2058 1617 2062 —

919 2089 1035 2121 Dente.
1055 2089 1152 2130 novo]
1188 2087 1336 2121 «novelli
1369 2087 1499 2129 leonis,
1534 2089 1620 2121 tunc

918 2138 1075 2179 primum
1089 2138 1263 2179 praedam
1276 2138 1423 2179 rapturi.
1436 2150 1454 2167 a
1473 2156 1511 2161 —
1522 2137 1621 2179 peri-

918 2188 1013 2227 tura]
1043 2188 1167 2219 «certo
1190 2188 1295 2220 exitio
1319 2186 1529 2220 destinata.»

964 2237 1016 2269 ⁴7.
1054 2238 1175 2277 Raetis]
1206 2246 1271 2279 pro
1297 2236 1461 2270 Raeticis.
1501 2237 1618 2278 Haec,

919 2287 958 2318 ut
981 2286 1112 2318 docent
1140 2286 1336 2328 Inscriptt.‚
1368 2285 1501 2319 rectior
1529 2287 1621 2319 scri—

919 2337 1024 2377 ptura
1048 2337 1103 2368 est
1125 2344 1235 2377 quam
1258 2335 1399 2369 abactis.
1438 2335 1531 2367 Vera
1554 2343 1620 2368 au-

919 2386 994 2417 tem
1017 2384 1120 2417 lectio
1145 2386 1265 2427 (quam
1288 2393 1372 2422 cum
1394 2385 1518 2427 paucis
1543 2383 1620 2417 aliis

920 2434 1030 2467 habet
1052 2435 1218 2476 antiquus
1242 2434 1329 2467 Cod.
1356 2433 1506 2476 Sangall.
1525 2443 1546 2466 a
1561 2443 1616 2476 pr.

920 2484 988 2525 m.)
1027 2484 1193 2525 corrupta
1233 2485 1288 2516 est
1330 2484 1461 2526 partim
1497 2491 1619 2516 errore

919 2534 1032 2574 Raeti,
1057 2534 1188 2576 partim
1210 2533 1478 2576 interpolatione
1503 2532 1614 2566 Codd.

921 2583 1023 2625 aliq.:
1059 2587 1091 2616 el
1126 2584 1293 2616 Vindelici.
1342 2583 1617 2624 Cuninghamius

919 2633 1127 2666 Animadvv.
1153 2642 1188 2675 p.
1214 2634 1268 2666 5⁰.
1294 2632 1438 2666 adnotat
1464 2633 1535 2666 iam
1557 2631 1618 2667 diu
