1722 2904
609 43 691 78 ΠΒ.
714 44 773 77 lv.
819 45 858 76 C.
882 45 969 78 xiv.
992 40 997 41 ⁷

1463 44 1547 88 6⁴5

438 147 651 206 Auspiciis
678 147 842 206 pepulit
868 148 1099 199 secundis,

328 258 596 316 Spectandus
626 259 668 301 in
696 260 928 304 certamine
957 260 1107 303 Martio
1120 295 1129 310 ,

325 340 489 383 Devota
521 340 645 384 morti
673 346 849 398 pectora
877 339 1041 385 liberae

383 421 562 473 Quantis
599 420 793 478 fatigaret
820 421 979 474 ruinis3

437 501 669 545 Indomitas
696 515 834 559 prope
863 501 1003 560 qualis
1030 503 1169 547 undas

1492 507 1548 549 20

188 621 240 654 ⁴6.
264 620 410 662 reppulit
431 621 466 659 S,
490 621 577 653 redit
600 621 671 662 (sic)
695 622 733 653 T.
772 639 808 644 —
848 621 898 653 ⁴9.
924 622 1092 663 fatiqarat
1115 622 1158 663 b,
1183 618 1297 666 pr.'S,
1313 623 1384 663 βκ,
1418 626 1503 666 sati-

142 671 236 712 oni-it
256 669 280 702 d
302 671 340 702 et
361 678 453 702 corr.
479 670 523 707 S,
548 671 599 702 uti
621 669 766 702 volebat
787 671 829 704 Ν.
854 670 1031 704 Heinsius.
1059 689 1099 696 -
1134 674 1189 705 20.
1214 674 1397 707 [indomitus
1418 676 1444 707 T
1467 678 1503 708 et

143 718 321 753 Bentleius
344 719 561 752 coniectura.
590 720 719 760 (Ceteri
741 720 813 752 mei
835 720 1041 763 indomitas.)

102 825 236 857 tantam
258 823 373 857 solum
388 823 454 857 illis
470 823 610 857 cladem
625 823 796 864 intulisse,

100 874 269 915 quantam
302 873 368 915 ipsi
401 873 592 912 dederant,
630 874 695 906 sed
729 874 798 906 du-

99 921 211 965 plam,
246 923 316 956 hoc
337 924 408 963 est,
445 932 527 956 eam
549 932 619 956 non
646 922 797 965 simplici

100 971 348 1005 reddentem.»
381 973 547 1005 Ponam.
584 973 693 1012 =Quia
716 972 806 1014 plu--

100 1030 160 1054 res
195 1021 352 1055 bostium
388 1023 648 1064 prostraverat,
687 1031 796 1063 quam

100 1071 259 1112 (suorum
277 1070 439 1112 militum)
463 1071 682 1113 perdiderat;
707 1073 798 1105 Dru-

98 1129 161 1154 sus
181 1121 277 1161 enim
298 1119 416 1154 laesus
437 1120 567 1163 placari
600 1130 671 1154 non
692 1123 797 1163 pote-

98 1170 171 1209 rat,
206 1170 275 1203 nisi
306 1169 437 1212 duplex
469 1170 535 1204 illis
562 1171 709 1204 inferret
730 1171 796 1203 da-

98 1227 259 1252 mnum.»
296 1220 409 1253 Cou.
435 1220 540 1259 Cnuo.
578 1222 630 1254 De
660 1221 795 1253 rariore

98 1269 362 1303 constructione
397 1270 477 1310 plus
510 1271 583 1304 vico
617 1279 682 1313 pro
719 1271 797 1311 plus

97 1326 202 1358 qim
227 1319 299 1351 vico
326 1319 391 1353 cfr.
416 1320 612 1353 Firnhaber
636 1321 674 1352 in
699 1321 796 1353 Zim-

97 1368 297 1402 mei-manni
316 1369 440 1402 Ztschr.
466 1369 563 1403 ⁴840.
588 1379 624 1412 p.
651 1368 747 1402 ⁴2⁴4.

142 1415 196 1450 ⁴4.
228 1426 335 1459 aravo
359 1419 539 1462 praelim]
570 1420 672 1453 Hunc
694 1427 791 1451 num.

97 1464 186 1506 sing.
209 1474 378 1507 premens
401 1468 468 1500 Fea
485 1468 667 1501 contendit
688 1477 795 1510 prae-

98 1514 261 1548 cedentia
297 1518 508 1559 exponenda
549 1527 652 1551 esse:
694 1531 710 1547 α
723 1527 794 1550 non

97 1572 169 1597 uno
204 1564 358 1606 proelio,
403 1576 476 1599 non
517 1576 588 1600 uuo
628 1567 793 1599 conflictu

97 1614 234 1648 Drusus
255 1614 447 1648 debellavit
468 1618 655 1650 Genaunos
681 1618 794 1649 Breu-

95 1671 251 1705 nosque,
281 1673 364 1697 cum
387 1667 509 1698 contra
532 1666 692 1699 Tiberius
722 1675 792 1698 uno

97 1713 195 1753 gravi
209 1713 342 1755 proelio
358 1714 529 1748 devicerit
543 1716 683 1755 Raetos,
703 1723 792 1757 quos

96 1760 258 1803 pluribus
290 1763 487 1798 minoribus
522 1772 593 1797 non
630 1765 794 1806 potuerat

95 1811 406 1854 Drususquamvis
419 1822 537 1846 acer.»
571 1814 705 1846 Verum
722 1823 792 1846 non

98 1861 311 1894 meminerat
321 1863 441 1896 Dionis
456 1863 515 1903 54,
538 1864 608 1903 22„
626 1864 686 1905 qui
702 1864 792 1896 haec

97 1909 204 1943 tradit
225 1910 271 1944 de
291 1911 509 1945 Neronibus:
541 1908 793 1953 Ἐσβαλόντες

96 1952 169 1992 οὖν
189 1958 232 1999 ἐς
250 1957 322 2003 τὴν
354 1961 492 2018 χώραν
516 1960 606 2003 (τῶν
624 1959 792 2004 Ραιτῶν)

96 2004 386 2048 πολλαχόθεν
359 2021 443 2052 αμα
467 2007 696 2068 ἀμφότεροι,
722 2007 793 2044 αὖ-

96 2058 159 2091 τοι
189 2067 230 2091 τε
258 2060 324 2092 καὶ
352 2057 416 2092 διὰ
442 2070 518 2092 των
547 2057 793 2107 ὑποστρατή-

32 2107 52 2124 ’·
95 2117 194 2150 γων,
227 2109 294 2141 καὶ
323 2104 347 2141 ὅ
375 2119 418 2152 γε
447 2108 620 2156 Τιβέριος
642 2111 707 2142 καὶ
729 2108 792 2143 διὰ

95 2155 167 2199 τῆς
206 2156 343 2202 λίμνης
379 2158 528 2201 πλοιοις
570 2161 790 2202 κομισθείς,

95 2201 177 2239 ἀπό
209 2217 250 2239 τε
280 2206 420 2242 τούτου
453 2207 694 2252 κατέπληξαν
720 2206 792 2243 αῦ-

15 2243 33 2285 s
95 2253 207 2297 τούς,
233 2252 287 2298 ὦς
309 2255 488 2300 ἑκάστοις
510 2260 625 2298 σφίσι
647 2269 792 2301 συμμι-

96 2303 270 2348 γνόντες,
307 2304 400 2347 τούς
429 2318 471 2340 τε
507 2304 567 2340 ἀεὶ
600 2308 640 2349 ἐς
655 2312 793 2364 χεῖρας

102 2349 430 2397 ἀφικνουμένους,
456 2353 503 2389 οὖ
519 2354 707 2398 χαλεπῶς,
724 2352 793 2390 ἅτε

96 2402 395 2447 διεσπασμένως
406 2409 491 2447 ταῖς
501 2404 686 2449 δυνάμεσι
698 2417 794 2453 χρω-

96 2454 249 2496 μένους,
262 2453 562 2501 κατειργάσαντο
574 2455 653 2488 κτλ.
678 2458 791 2498 Atque

97 2504 242 2536 omnino
263 2506 368 2546 poeta
391 2505 427 2537 h.
452 2504 475 2538 l.
500 2514 648 2538 numero
668 2505 791 2547 plurali

99 2560 182 2585 cum
204 2554 254 2585 nti
277 2562 347 2585 non
370 2555 506 2595 posset,
526 2555 692 2595 proelium
706 2564 794 2587 com-

14 2626 27 2637 .,
97 2601 226 2635 mutere
247 2611 312 2644 pro
331 2603 450 2635 bellum
470 2612 584 2645 perere
597 2605 788 2646 usurpavit.

894 826 1009 859 ⁴7-2o.
1043 827 1260 871 Spectandum]
1287 829 1459 871 «dignus,
1485 832 1545 873 qui

848 876 1072 916 spectaretur
1086 878 1182 917 tunc,
1201 886 1282 911 cum
1295 879 1456 921 [Μέθανα
1468 889 1544 920 eos,

847 925 983 965 magnis
1022 924 1182 960 cladibus
1222 927 1403 969 frangeret
1438 931 1545 971 atque

845 974 891 1006 ad
915 974 1203 1016 desperationem
1224 977 1439 1019 redigeret.»
1480 980 1547 1013 Ce-

845 1024 963 1055 terum
996 1026 1079 1056 nota
1121 1025 1411 1067 negligentiorem
1440 1029 1545 1063 huius

844 1080 973 1105 versus
996 1082 1200 1113 caesuram,
1226 1084 1335 1116 quam
1360 1079 1483 1111 tamen
1499 1088 1544 1111 ne

844 1121 1023 1155 Bentleius
1057 1123 1203 1164 quidem
1235 1126 1541 1166 reprehendit.

843 1171 980 1203 morti-
994 1171 1130 1215 liberae]
1164 1173 1290 1206 «exitio
1320 1184 1400 1208 sese
1430 1177 1545 1210 devo-

844 1221 987 1260 ventes,
1012 1223 1051 1253 ut
1073 1221 1201 1255 saltem
1222 1222 1323 1256 liberi
1344 1226 1451 1267 atque
1467 1227 1546 1259 ani-

845 1270 913 1302 mis
936 1270 1055 1302 invicti
1080 1274 1340 1305 morerentur.»
1380 1275 1456 1313 Quo
1486 1275 1546 1308 Ti-

843 1318 935 1351 herii
964 1321 1116 1353 victoria
1149 1322 1262 1354 maior
1299 1322 1543 1366 difficiliorque

845 1371 1032 1410 appareat,
1058 1371 1218 1411 egregias
1241 1371 1404 1405 hostibus
1423 1373 1545 1407 tribuit

843 1417 979 1451 laudes.
1015 1437 1052 1442 —-
1087 1420 1280 1462 Indomita-5]
1316 1422 1542 1456 «Parentes.-

843 1468 965 1500 Scuo1..
985 1469 1116 1508 «Quae,
1131 1470 1218 1502 dum
1230 1479 1291 1503 eas
1306 1475 1455 1511 amet,
1475 1472 1543 1513 (Sic

843 1516 1057 1561 γυμνάζειν.
1076 1519 1219 1552 Charite
1234 1529 1313 1561 pag.
1333 1521 1408 1554 ⁴69.
1425 1523 1538 1564 Lips.:

844 1564 987 1609 avitos-g
1018 1567 1253 1611 γυμνάσασα
1281 1567 1344 1602 διὰ
1374 1567 1447 1614 γῆς
1475 1572 1542 1604 καὶ

841 1616 1067 1661 θαλάσσης.)
1104 1619 1279 1652 violenter
1298 1621 1423 1662 agitat,
1459 1631 1543 1655 cum

842 1669 884 1701 iis
907 1667 1070 1707 luctatur,
1094 1669 1226 1700 Auster
1248 1669 1321 1710 (Od.
1349 1671 1384 1710 ⁴,
1403 1671 1439 1710 4,
1459 1671 1540 1712 Λᾶ),

842 1718 1040 1749 saeviunt.»
1085 1717 1208 1750 Tibull.
1232 1719 1271 1758 2,
1296 1719 1334 1759 3,
1358 1718 1419 1752 48:
1445 1720 1544 1753 Clau-

843 1767 891 1798 dit
921 1770 951 1798 et
980 1767 1176 1798 indomitum
1204 1769 1306 1800 moles
1331 1777 1437 1801 mare.
1482 1770 1542 1802 In-

843 1816 985 1848 domitus
1007 1817 1073 1848 etsi
1095 1818 1215 1857 potest
1237 1817 1305 1849 dici
1329 1818 1436 1850 etiam
1457 1827 1543 1851 ven-

843 1866 918 1903 tus,
967 1866 1006 1896 ut
1050 1874 1286 1907 quaecunque
1328 1866 1447 1899 furore
1487 1867 1541 1899 fe-

842 1916 968 1946 runtur
992 1914 1102 1955 (Ovid.
1128 1915 1271 1947 Heroid.
1290 1916 1349 1954 ⁴5,
1367 1916 1405 1947 9:
1433 1916 1539 1957 Uror,

842 1964 1068 1996 utindomitis
1089 1964 1199 2005 iynem
1221 1965 1447 1997 emer-centibus
1467 1967 1541 1999 Eu-

841 2015 891 2045 ris
925 2014 1020 2054 cet.),
1055 2012 1282 2046 nihilominus
1314 2014 1350 2046 h.
1374 2013 1396 2046 l.
1422 2016 1539 2056 potius

843 2073 875 2094 v.
900 2063 1008 2094 undas
1041 2063 1189 2103 requirit
1220 2061 1396 2095 ἐπίθετον
1429 2073 1539 2105 quam

841 2113 958 2144 Auster
986 2120 1051 2152 per
1073 2120 1113 2144 se
1136 2110 1322 2144 violentus.
1369 2113 1538 2146 ceterum

843 2160 1075 2193 memorabile
1106 2162 1161 2193 est
1190 2170 1211 2193 a
1241 2161 1328 2194 Cod.
1358 2162 1539 2195 Turicensi

841 2212 919 2242 Sec.
943 2211 984 2242 X.
1010 2210 1212 2242 confirmari
1239 2209 1386 2243 Bentleii
1417 2212 1539 2244 conie-

844 2262 982 2291 cturam
1004 2260 1196 2292 Indomuus.
1223 2278 1260 2283 --
1280 2269 1388 2300 prope
1418 2260 1537 2303 qualis]

842 2310 940 2340 «Non
955 2309 1099 2340 memini
1115 2317 1174 2340 me
1191 2309 1287 2350 apud
1303 2308 1437 2342 bonum
1453 2313 1539 2350 poe-

841 2359 914 2390 tam
936 2356 1055 2398 legere
1073 2366 1182 2398 prope
1202 2357 1259 2390 vel
1286 2358 1356 2398 fero
1376 2359 1412 2391 in
1434 2367 1536 2392 com-

842 2407 1034 2448 paratione.
1072 2407 1146 2439 Hoc
1168 2407 1293 2440 minuit
1314 2408 1533 2448 gravitatem,

842 2455 932 2488 adeo
954 2458 994 2488 ut
1015 2457 1166 2497 imagine
1189 2457 1306 2489 minus
1328 2456 1535 2497 afficiamur,

842 2506 963 2538 moniti
986 2514 1064 2538 rem
1086 2507 1326 2547 comparatam
1346 2515 1417 2539 non
1431 2505 1536 2548 plane

842 2557 960 2587 tamen
976 2563 1056 2588 esse
1073 2555 1240 2595 similem,
1266 2554 1331 2588 sed
1353 2564 1464 2597 prope
1480 2565 1538 2588 ao-

842 2604 983 2637 cedere.
1031 2605 1153 2646 Itaque
1179 2613 1306 2646 prosae
1330 2605 1533 2646 scriptores,
