1722 2904
163 74 245 117 438

680 76 851 109 HORATII
876 76 1101 110 CARMINUM

332 182 471 223 Purae
501 180 617 222 rivus
648 193 787 237 aquae
819 179 1013 237 silvaque
1044 179 1241 236 iugerum

331 262 573 304 Paucorum
603 267 646 303 et
676 260 835 317 segetis
864 267 983 304 certa
1011 259 1120 302 fides
1147 272 1271 303 meae

1554 260 1609 301 30

336 340 588 399 Fulgentem
617 341 798 398 imperio
828 336 976 385 fertilis
1005 340 1173 384 Africae

444 420 566 465 Fallit
595 427 711 487 sorte
740 421 919 465 beatior.

329 529 599 585 Quamquam
629 540 710 570 nec
741 525 948 593 Calabrae
978 524 1106 569 mella
1134 524 1276 568 ferunt
1303 512 1408 583 apes

335 610 423 652 Nec
451 607 763 665 Laestrygonia
790 594 986 650 Bacchus
1016 605 1059 648 in
1088 605 1296 663 amphora

329 688 588 746 Languescit
616 687 719 730 mihi
750 701 832 731 nec
860 687 1037 756 pinguia
1067 686 1239 730 Gallicis

1557 688 1612 731 35

246 785 300 817 29.
327 793 390 824 que
406 793 476 816 om.
495 784 532 815 T.
560 799 595 805 —
623 782 677 815 34.
703 783 861 824 Ραῐῃοηιο
882 780 1061 814 Bentleius
1081 781 1172 814 coni.
1198 799 1237 805 —
1263 781 1316 814 32.
1341 781 1454 814 Fallit.
1472 782 1569 815 Sorte

202 834 344 874 beatior,
364 834 578 874 Quamquam
589 831 798 871 Wakefield,
817 832 980 873 Doering
1002 831 1112 872 (Corr.
1126 830 1258 873 Regel.)
1279 850 1314 856 —
1335 831 1389 865 33.
1405 832 1567 874 ferantT.

204 915 258 947 29.
285 915 338 947 30.
363 914 474 956 rivus]
499 914 658 954 Digentia
678 913 714 945 in
731 913 863 945 Horatii

161 964 301 996 Sabino.
328 965 415 1005 Epp.
432 964 470 1003 4,
491 963 551 1002 46,
571 964 624 995 42.
652 962 710 1000 48,
731 961 805 994 404.
823 981 860 985 -

159 1013 323 1055 silvaque]
349 1014 436 1055 Epp.
460 1013 499 1052 4,
527 1012 587 1052 46,
615 1012 651 1044 9:
679 1021 819 1052 quercus
834 1014 865 1043 et

162 1064 241 1096 ilex.
259 1081 296 1086 —
320 1066 413 1095 certa
425 1062 552 1104 fides]«
545 1038 650 1101 ‹ideo,
669 1061 766 1102 quod
779 1070 863 1093 eum

162 1114 374 1154 proventum
410 1111 598 1153 quotannis
628 1111 716 1143 mihi
746 1110 861 1150 effert,

162 1170 271 1203 quem
296 1162 503 1203 exspectare
530 1169 596 1203 par
620 1161 732 1192 erat.»
781 1160 866 1192 Treu

159 1212 297 1244 zinsend
333 1212 434 1244 Voss.
499 1211 696 1252 opponitur
741 1210 866 1252 fundus

159 1262 308 1293 mendam
330 1261 394 1294 Od.
412 1261 450 1301 3,
471 1261 484 1293 4
501 1286 507 1301 ,
523 1260 577 1292 30.
605 1260 688 1301 (Cic.
707 1260 751 1292 ad
766 1261 861 1292 Fam.

166 1311 225 1351 46,
253 1312 313 1351 47,
333 1311 346 1342 4
367 1320 374 1341 :
402 1311 445 1343 Et
467 1310 621 1342 doctrina
644 1313 674 1342 et
696 1310 813 1342 donnus
835 1312 865 1342 et

162 1369 221 1392 ars
243 1363 274 1392 et
295 1369 379 1402 ager
397 1360 499 1392 etiam
520 1358 634 1392 fidelis
655 1359 720 1391 clici
745 1362 864 1399 potest,

163 1413 201 1441 ut
223 1410 286 1450 sit,
318 1410 480 1450 quomodo
505 1409 722 1449 Theophrasto
739 1409 862 1449 placet,

161 1461 350 1491 verecunda
371 1459 519 1491 tralatio.
545 1458 739 1491 Philemon.
758 1459 862 1491 Mein.

164 1517 198 1550 p.
228 1508 310 1541 406:
359 1506 604 1541 δικαιότατον
627 1505 737 1550 κτῆμ’
760 1507 865 1540 ἐστὶν

163 1554 383 1604 ἀνθρώποις
422 1554 552 1604 ἀγρός.
617 1558 713 1599 (Mire
751 1565 866 1599 nuper

163 1607 288 1649 aliquis
316 1609 566 1650 interpretatus
589 1608 667 1640 est:
694 1606 765 1639 «de
793 1615 864 1647 quo

162 1667 247 1698 agro
279 1667 346 1690 nec
381 1656 580 1690 sollicitudo
604 1666 722 1698 neque
747 1658 865 1688 metus

163 1706 254 1740 ullus
278 1716 336 1739 me
361 1708 499 1748 angit»,
536 1708 572 1739 et
602 1715 717 1748 aeque
746 1705 862 1738 male:

163 1757 284 1798 Fallit]
332 1757 437 1789 «stellt
473 1757 536 1788 den
578 1757 615 1788 in
657 1757 863 1796 Schatten»,

166 1820 182 1836 «
193 1806 321 1839 umbra
346 1815 430 1839 eum
453 1806 669 1847 obscurat»)

208 1857 263 1889 34.
309 1857 522 1898 Fulqentem]
562 1857 742 1888 Sententia
775 1856 867 1888 haec

164 1908 239 1939 est:
281 1907 415 1939 «Homo
448 1905 608 1947 locuples
640 1906 785 1938 omnino
814 1906 867 1937 in-

162 1956 319 1997 telligere
335 1956 460 1998 nequit
475 1964 533 1988 me
544 1981 552 1996 ,
570 1956 654 1996 quia
671 1956 768 1988 tenui
783 1965 865 1988 mea

165 2005 373 2038 condicione
403 2005 488 2038 satis
512 2013 694 2046 superque
718 2006 867 2037 conten-

164 2057 221 2087 tus
255 2063 358 2094 sum,
398 2053 501 2100 longe
530 2053 725 2087 feliciorem
759 2063 863 2094 esse,

163 2113 272 2145 quam
287 2105 365 2145 ipse
381 2105 454 2143 est,
476 2102 596 2136 multis
612 2112 756 2145 semper
772 2105 866 2137 curis

164 2153 378 2186 districtus.»
424 2154 500 2186 Iam
533 2154 563 2186 is
589 2153 693 2194 fulget
726 2153 866 2194 imperio

162 2203 281 2244 fertilis
301 2202 457 2243 Africae,
489 2202 525 2234 id
549 2204 623 2243 est,
651 2202 864 2236 «latissimas

162 2253 197 2284 in
220 2253 335 2284 Africa
357 2253 605 2294 possessiones
635 2252 790 2292 habet»,
826 2253 866 2285 ut

163 2303 261 2333 recte
278 2302 350 2333 iam
365 2303 456 2334 Acro
473 2311 480 2341 3
506 2311 624 2343 neque
648 2311 734 2334 vero
759 2302 867 2334 inter-

161 2351 376 2392 pretandum
406 2351 451 2383 de
474 2352 613 2384 Africae
637 2350 861 2393 proconsule.

162 2400 297 2432 Seneca
331 2401 395 2442 Ep.
431 2401 493 2432 89:
534 2402 661 2433 Parum
693 2404 761 2441 est,
801 2401 866 2432 nisi

162 2452 255 2481 trans
280 2450 493 2482 Hadrianum
522 2454 552 2482 et
578 2451 709 2483 Ionium
736 2450 865 2492 Aeque-

161 2507 283 2538 umque
327 2503 434 2532 vester
474 2500 604 2532 villicus
647 2504 785 2542 regnem
807 2518 826 2524 -
845 2518 865 2524 -

163 2557 265 2587 quam
293 2549 390 2581 voltis
412 2550 478 2582 late
495 2551 658 2590 possidete
668 2559 680 2588 ‚·
714 2551 756 2582 sit
784 2550 865 2591 fun-

162 2598 243 2637 dus,
282 2599 369 2638 quod
399 2599 582 2638 aliquando
605 2600 783 2640 imperium
804 2609 866 2632 vo—

163 2646 314 2679 cabatur.
374 2648 493 2681 Meum
527 2650 648 2694 autem
695 2649 865 2684 Sabinum

909 913 1020 954 fallit,
1052 911 1138 946 latet
1161 921 1246 945 eum
1267 915 1376 953 sorte,
1411 913 1614 955 possessio-

911 971 974 1001 ne,
1011 962 1138 995 beatius
1170 957 1265 1004 (ὄν);
1306 961 1342 994 id
1366 963 1438 994 est:
1479 963 1614 995 «nescit

911 1011 967 1044 ille
991 1011 1180 1054 praedium
1211 1020 1335 1044 meum
1358 1012 1493 1044 maiora
1527 1012 1614 1044 mihi

912 1061 1039 1102 gaudia
1055 1060 1231 1102 praebere
1247 1085 1255 1101 ,
1281 1069 1391 1102 quam
1405 1061 1482 1103 ipse
1497 1061 1615 1094 haurit

912 1120 957 1143 ex
978 1109 1098 1143 multis
1122 1111 1158 1143 et
1181 1109 1409 1152 amplissimis
1432 1110 1506 1143 suis
1529 1119 1615 1152 pos-

912 1159 1165 1193 sessionibus.»
1210 1160 1333 1200 Fallit,
1370 1160 1453 1192 nota
1481 1159 1616 1201 signifi-

913 1210 1052 1242 catione
1067 1235 1075 1250 ,
1098 1218 1165 1251 pro
1189 1206 1285 1241 ατὸν
1308 1207 1497 1242 πλούσιον
1522 1207 1615 1241 λαν-

910 1257 1022 1292 θάνει
1045 1256 1142 1292 πολὺ
1167 1254 1400 1305 ὀλβιώτερον
1422 1254 1505 1291 ὅν.»
1529 1260 1615 1292 Pro-

912 1310 1003 1351 pert.
1030 1310 1066 1349 4,
1090 1308 1128 1348 4,
1155 1309 1219 1341 45:
1261 1309 1332 1350 Quo
1358 1309 1470 1350 maqis
1495 1311 1528 1341 ot
1557 1317 1618 1340 πο-

911 1362 996 1391 stros
1017 1359 1186 1391 contendis
1207 1359 1332 1391 solvero
1362 1367 1510 1399 amores,
1543 1359 1614 1391 Hoc

911 1409 1022 1450 magis
1057 1411 1195 1449 accepta
1230 1408 1321 1450 fallit
1355 1411 1494 1448 uterque
1526 1408 1615 1450 βάκ

915 1467 979 1491 «eo
1013 1459 1127 1500 magis
1160 1459 1195 1490 te
1229 1457 1316 1490 latet
1349 1466 1415 1490 nos
1453 1459 1616 1490 mutuam

914 1508 1017 1541 nobis
1033 1508 1143 1540 fidem
1159 1516 1340 1541 servare.»
1387 1508 1479 1540 Cum
1492 1515 1528 1540 v.
1544 1515 1618 1540 sors

913 1557 1109 1599 significet,
1145 1557 1243 1598 quod
1275 1565 1341 1595 nos
1374 1556 1526 1590 dicimus
1555 1557 1618 1589 das

912 1607 1066 1648 Kaputa,
1103 1607 1156 1639 die
1175 1607 1376 1649 Besitznma,
1407 1606 1443 1638 h.
1468 1605 1492 1638 l.
1516 1605 1615 1640 idem

914 1659 970 1690 est
983 1683 991 1697 ,
1016 1666 1059 1689 ac
1075 1657 1105 1690 si
1121 1656 1268 1690 dixisset
1281 1656 1404 1697 pretio.
1433 1654 1616 1688 Ablativus

914 1708 1036 1740 autem
1059 1709 1114 1739 est
1137 1704 1432 1739 instrumentalis:
1459 1704 1617 1737 «beatior

914 1766 980 1799 per
1001 1756 1158 1798 pretium
1180 1763 1307 1794 suum,
1338 1754 1436 1796 quod
1461 1754 1507 1787 ad
1530 1763 1619 1796 pre-

914 1807 1003 1839 tium
1018 1805 1179 1844 attinet»;
1198 1805 1407 1846 neutiquam
1421 1812 1508 1836 vero
1520 1812 1619 1836 com-

913 1855 1116 1898 parativus:
1144 1865 1160 1883 ι
1173 1862 1283 1896 quam
1305 1862 1384 1887 sors
1408 1854 1463 1886 est
1483 1852 1618 1894 fulgen-

914 1906 958 1939 tis
980 1905 1130 1947 imperio
1152 1904 1333 1944 Africae‚»
1355 1904 1397 1935 ut
1411 1902 1467 1936 alii
1481 1902 1614 1936 volunt.

957 1956 1011 1988 33.
1037 1955 1091 1988 34.
1117 1954 1292 1996 Calabrae]
1308 1953 1508 1987 Calabrum
1530 1952 1615 1994 mel,

913 2006 953 2038 ut
986 2005 1207 2046 Hymettium
1245 2005 1354 2045 atque
1391 2002 1591 2045 Hyblaeum
1606 2027 1615 2042 ,

914 2053 1121 2087 melioribus
1143 2052 1457 2087 adnumerabatur.
1499 2051 1562 2085 od.
1579 2052 1614 2092 2,

914 2105 946 2144 6,
965 2103 1018 2137 44..
1044 2103 1108 2136 Od.
1126 2102 1160 2143 4,
1177 2103 1210 2143 2,
1227 2103 1282 2135 27.
1305 2121 1342 2127 -
1358 2101 1615 2144 Laestrygonia]

914 2153 1053 2186 Scilicet
1086 2153 1263 2185 Formiani
1303 2152 1475 2194 oppidum
1511 2159 1617 2185 suum

914 2203 1141 2236 Homericam
1163 2201 1260 2235 illam
1282 2199 1496 2244 τηλέπυλον
1516 2199 1615 2233 Λαι-

913 2252 1143 2298 στρυγονίην
1179 2251 1318 2293 (Odyss.
1343 2262 1388 2291 κ,
1425 2250 1492 2292 82.)
1532 2258 1613 2283 esse

912 2301 1086 2334 ferebant.
1112 2302 1184 2334 Cic.
1203 2301 1250 2333 ad
1264 2301 1366 2333 Attic.
1383 2301 1417 2341 2,
1436 2299 1489 2333 43.
1515 2299 1614 2332 ovid.

912 2351 1003 2384 Met·
1021 2350 1080 2391 44,
1105 2350 1192 2383 233ε
1230 2350 1330 2383 Lami
1357 2352 1500 2382 veterem
1529 2349 1618 2381 Lae-

912 2401 1092 2442 stryyonis,
1115 2400 1247 2441 inquit,
1264 2399 1301 2432 in
1315 2399 1432 2432 urbem
1449 2398 1612 2431 Vom'nuss.

957 2450 1010 2482 35.
1044 2449 1259 2492 Lanyuescit]
1283 2448 1458 2482 «mitescit
1479 2446 1617 2490 paulla-

913 2500 1011 2532 tim.»
1037 2494 1174 2532 Col'um.
1193 2499 1224 2538 4,
1243 2499 1276 2539 6,
1293 2499 1356 2531 2οῑ
1380 2498 1464 2530 vina
1477 2497 1616 2530 ceterius

911 2552 1131 2582 vetustescunt
1144 2548 1253 2581 fumo.
1275 2566 1312 2571 —
1332 2547 1488 2589 pinguia]
1509 2546 1619 2588 «spis-
1658 2568 1662 2571 >

915 2608 954 2631 sa
979 2599 1015 2631 et
1038 2598 1219 2640 copiosa.»
1269 2597 1361 2630 Oves
1391 2595 1615 2643 ἐϋτρεφέες,

914 2645 1155 2691 δασύμαλλοι
1181 2647 1317 2688 (Odyss.
1341 2657 1374 2687 ι,
1399 2645 1489 2687 425.)
1514 2645 1618 2691 erant
