1722 2904
177 89 259 130 470

692 89 863 121 HORATII
887 89 1113 123 CARMINUM

399 194 491 235 Non
522 197 772 248 sumptuosa
802 191 1001 235 blandior
1031 192 1171 236 hostia

455 273 630 316 Mollivit
658 287 836 317 aversos
865 274 1048 316 Penates

261 408 313 439 49.
339 406 478 439 Mollibit
499 405 648 444 bc,LCt,
679 405 817 437 Mollirit
847 404 1021 445 Cuningh.
1048 413 1067 436 e
1093 404 1180 436 Cod.
1206 405 1351 446 Gogav.,
1377 405 1461 438 item
1485 415 1577 448 unus

217 458 325 495 Feae,
363 457 452 488 Pott.
478 456 516 494 7,
542 455 573 487 8.
611 456 663 495 (Ut
684 462 769 493 nos,
796 455 856 494 ST,
881 464 914 493 ν,
939 463 995 496 pr.
1020 464 1061 492 κ,
1092 454 1285 495 Cruquiani
1307 455 1398 494 tres,
1437 456 1574 489 Bersm.

214 515 326 545 unus,
353 505 463 538 Pulm.
491 507 528 537 et
551 504 673 537 Gisanii
696 512 805 543 unus,
831 505 922 536 Pott.
950 503 1085 543 ceteri.)

170 626 225 665 τί,
260 624 358 657 velut
386 624 504 664 plenus
539 624 620 664 (Sat.
649 624 685 662 2,
714 623 754 661 2,
787 621 869 662 43.),

170 675 288 707 avidus
305 674 381 715 (Od.
401 675 432 713 l,
457 673 511 713 ⁰28,
537 672 616 713 ⁴8.),
643 674 678 704 et
700 672 817 713 ipsum
833 680 866 703 v.

169 724 328 756 immanis
364 723 497 755 omisso
537 731 576 754 «a
609 721 793 754 laboribus
828 729 870 753 ac

170 773 444 806 certaminibus»
462 772 557 814 apud
577 773 657 804 Sen.
677 772 781 803 Herc.
799 770 866 802 fur.

168 824 249 855 246:
285 823 447 863 numquid
469 816 625 854 immunis
645 821 709 862 fuit
730 820 871 862 Infantis

171 871 352 914 (Herculis)
377 871 512 904 aetas?:
550 871 601 903 sic
624 871 693 902 hoc
724 879 868 912 quoque

169 922 248 955 loco
273 922 467 963 genitivum
490 920 548 952 vel
571 919 766 952 ablativum
782 920 870 952 omi-

168 973 214 1005 sit
228 973 411 1011 Horatius,
435 971 540 1003 nimis
558 971 677 1003 certus
692 969 868 1002 lectorum

169 1022 350 1054 neminem
367 1020 612 1053 dubitaturum
628 1020 674 1052 de
690 1019 869 1060 significa-

167 1072 281 1111 tione,
311 1080 403 1113 quae
427 1070 494 1103 alia
516 1079 597 1103 esse
622 1070 745 1111 nequit
759 1078 868 1111 quam

169 1121 378 1161 «innocens,
404 1122 560 1154 insons.»
585 1119 740 1162 (Puram,
766 1115 868 1161 quasi

166 1179 225 1203 me
255 1170 492 1211 refutaturus,
529 1171 783 1212 interpretatus
813 1170 869 1202 est

166 1220 319 1253 Liibker.
367 1221 438 1253 Sed
472 1220 558 1262 quid
591 1220 738 1252 tandem
772 1219 867 1252 aliud

165 1269 365 1311 volebam‘l)
382 1271 460 1302 Non
476 1270 571 1303 enim
584 1270 749 1302 Horatius
763 1278 869 1311 prae-

165 1319 254 1352 vidit
286 1319 380 1359 fore,
420 1320 460 1351 ut
491 1319 681 1360 aliquando
712 1319 867 1361 explica-

168 1370 265 1402 rent:
307 1370 409 1401 «sine
443 1369 586 1409 hostiis,
622 1378 774 1409 vacua»,
809 1369 866 1402 vel

167 1419 264 1461 quod
286 1419 389 1460 peius
413 1420 520 1452 etiam
551 1421 625 1459 est,
662 1428 795 1452 «vacua
819 1419 865 1451 ab

166 1478 276 1510 opere
300 1470 450 1509 rustico,
475 1469 634 1502 feriata.»
654 1488 690 1492 —
709 1469 866 1511 Opponi-

167 1515 392 1564 ιιιῐπονηρὰ
408 1519 503 1564 χείρ.
541 1519 660 1560 Eurip.
675 1519 749 1551 Ion.
767 1518 862 1551 43⁴5:

168 1564 256 1600 οὐδὲ
279 1565 352 1614 γὰρ
374 1566 520 1610 ψαύειν
534 1567 655 1600 καλὸν
671 1566 777 1601 Θεῶν
793 1578 866 1601 πο-

166 1615 289 1663 νηρὰν
310 1621 432 1664 χεῖρα.
461 1637 497 1642 —-
522 1619 551 1650 si
573 1619 693 1661 tetigit]
723 1620 806 1651 thus
830 1621 867 1651 et

165 1666 298 1700 molam
314 1667 446 1700 salsam
462 1668 635 1706 offerens;
660 1664 863 1715 ἀορίστως,

164 1718 328 1758 perpetui
374 1718 545 1759 temporis
584 1718 840 1759 significatione
855 1745 863 1760 ,

166 1775 274 1807 quam
290 1776 361 1799 non
377 1769 614 1808 agnoscentes
629 1768 770 1801 mollivit
784 1778 866 1801 mu-

166 1817 286 1848 tarunt
307 1817 343 1848 in
364 1817 518 1856 mollirit,
553 1817 609 1849 alii
631 1819 733 1860 peius
758 1819 865 1851 etiam

165 1866 200 1898 in
221 1866 370 1898 mollibit.
684 1858 690 1865 ‘

210 1915 263 1948 48.
295 1916 371 1948 Non
393 1918 596 1959 sumptuosa]
620 1918 753 1950 Veram
777 1926 866 1949 con-

166 1965 398 1998 structionem
432 1967 525 1998 hanc
559 1967 739 1999 existimo:
778 1969 866 2000 «Im—

165 2015 276 2046 mumis
295 2025 417 2048 manus
442 2017 583 2049 mollivit
603 2026 737 2050 aversos
755 2019 866 2050 Pena-

166 2067 212 2096 tes
232 2065 329 2106 farre
345 2067 405 2106 pio
421 2069 451 2099 et
465 2067 554 2099 mica
568 2067 664 2107 salis,
690 2077 756 2099 mm
774 2067 867 2100 blan-

167 2114 241 2146 dior
266 2114 410 2155 (sutura,
437 2115 565 2156 oblata)
590 2120 783 2157 smnptuosa
804 2118 865 2149 ho-

165 2164 231 2195 stia
253 2163 420 2206 (ablat.)»;
446 2167 482 2197 et
505 2168 603 2198 recte
626 2166 698 2199 iam
720 2166 865 2199 Lambi-

167 2222 233 2245 nus
257 2213 474 2255 explanavit:
507 2215 634 2248 «nihilo
661 2217 795 2257 gratior
822 2217 864 2249 iis

166 2261 281 2295 futura
310 2273 376 2305 per
403 2266 652 2307 sumptuosam
674 2267 862 2299 hostiam.»

165 2311 258 2345 Alias
293 2317 558 2355 proposuerunt
590 2316 673 2348 has:
711 2316 741 2356 ⁴)
766 2317 865 2348 «Non

164 2363 304 2395 mollivit
330 2363 484 2397 blandior
514 2364 700 2407 (blandius)
731 2375 865 2398 aversos

163 2412 299 2445 Penates
333 2414 440 2446 hostia
480 2418 675 2455 sumptuosa
713 2415 862 2457 (ablat.)

166 2470 274 2502 quam
310 2463 406 2504 farre
436 2464 530 2504 pio.»
575 2464 607 2505 2)
648 2465 709 2497 «Si
744 2474 865 2498 manus

164 2511 319 2543 immanis
343 2514 503 2554 (innoxia)
528 2523 629 2546 aram
651 2515 772 2556 letigit,
802 2514 863 2547 ho-

164 2561 229 2591 stia
245 2566 438 2602 sumptuosa
457 2564 650 2605 (nominat.)
668 2574 733 2596 mm
750 2565 862 2605 magis

164 2610 303 2642 mollivit
332 2620 465 2644 aversos
490 2613 642 2653 Penates,
676 2623 778 2654 quam
805 2614 863 2655 far

161 2660 297 2698 pium;·›
330 2660 383 2693 vel
409 2663 447 2694 ut
470 2661 648 2696 Bentleius
680 2661 859 2696 similiter:

920 622 1016 661 Esto,
1049 625 1086 653 ut
1106 630 1218 655 vacua
1237 631 1359 655 manus
1380 632 1481 656 aram
1502 625 1618 666 tetige-

919 672 982 703 rit:
1006 674 1199 712 smnptuosa
1219 671 1327 704 hostia
1343 672 1539 715 (nominat.)
1552 683 1618 706 non

918 721 1059 753 mollivit
1078 722 1215 754 Penates
1228 721 1382 754 blandior
1400 722 1497 763 farre
1512 723 1588 763 pio;
1601 737 1617 752 ι»

919 771 950 812 3)
977 771 1034 803 «Si
1055 780 1175 803 manus
1199 771 1357 804 immanis
1378 781 1399 804 a
1422 771 1618 805 sceleribus

918 821 1024 862 tetigit
1034 829 1134 854 aram
1144 824 1337 862 sumptuosa
1349 822 1458 854 hostia
1471 821 1615 863 (ablat.),

918 879 959 903 ea
979 879 1101 903 manus
1121 880 1189 903 non
1209 870 1349 903 mollivit
1362 880 1497 904 aversos
1510 873 1619 905 Pena-

918 922 964 951 tes
1001 920 1154 952 blandior
1184 920 1245 960 pio
1280 921 1387 962 farre.
1401 934 1418 950 »
1477 921 1614 963 (Senon.

919 970 1039 1011 Cimo.)
1071 970 1136 1009 Qui
1159 973 1407 1012 sumptuosa--
1420 971 1530 1004 hostia
1551 980 1619 1004 no-

918 1019 1106 1052 minativos
1134 1028 1215 1053 esse
1241 1020 1478 1061 contendunt,
1514 1020 1620 1062 sylla-
1668 1044 1681 1054 .

917 1069 986 1101 bae
1028 1078 1068 1101 sa
1109 1069 1384 1111 productionem
1423 1070 1619 1104 defendunt

918 1120 979 1150 aut
1002 1119 1066 1152 Od.
1092 1119 1130 1159 3,
1155 1120 1193 1160 5,
1220 1119 1280 1152 47τ
1323 1120 1361 1153 Si
1394 1129 1463 1153 non
1490 1121 1618 1161 pen'ret

917 1168 1178 1210 immiserabilis,
1214 1169 1280 1202 sed
1311 1170 1408 1212 apud
1433 1170 1618 1203 Horatium

916 1218 1121 1260 ubicunque
1156 1217 1293 1260 syllaba
1320 1228 1388 1262 per
1421 1228 1462 1253 se
1494 1219 1618 1254 brevis

918 1276 1070 1300 caesura
1116 1268 1329 1310 producitur
1343 1294 1351 1309 ,
1402 1269 1439 1302 in
1486 1277 1618 1302 conso-

917 1319 1081 1358 nantem,
1117 1326 1189 1350 non
1210 1318 1247 1350 in
1268 1317 1432 1352 vocalem
1455 1319 1542 1359 exit,
1578 1320 1619 1351 ut

917 1368 980 1400 Od.
1009 1369 1046 1407 l,
1076 1367 1114 1407 3,
1145 1367 1206 1400 36:
1245 1368 1401 1408 Perrupit
1429 1368 1616 1401 Acheronta

914 1418 1094 1452 Herculeus
1118 1417 1224 1450 labor.
1271 1417 1361 1450 Ibid.
1390 1418 1429 1458 4,
1458 1418 1518 1458 45,
1551 1418 1614 1451 36:

914 1468 1004 1509 Iynis
1018 1468 1142 1500 Iliacas
1164 1468 1288 1500 domos.
1327 1467 1392 1500 Od.
1418 1467 1454 1508 3,
1482 1469 1522 1509 5,
1554 1468 1614 1501 ⁴7:

914 1518 952 1550 Si
973 1527 1041 1550 non
1066 1518 1194 1558 periret
1223 1517 1483 1558 immiserabilis,
1516 1517 1614 1560 quod

915 1568 1034 1610 ipsum
1056 1568 1199 1600 nostrae
1223 1568 1525 1609 interpretationis
1550 1567 1617 1600 fir-

915 1618 1115 1650 missimum
1154 1619 1210 1650 est
1246 1618 1514 1658 argumentum
1554 1619 1616 1651 aut

915 1668 1112 1701 defendunt
1133 1668 1250 1708 hiatu,
1273 1668 1315 1700 ut
1335 1667 1400 1707 Od.
1419 1668 1457 1707 2,
1475 1668 1536 1707 20,
1555 1668 1611 1700 43τ

913 1720 987 1751 Iam
1001 1717 1171 1751 Daedaleo
1186 1717 1279 1750 ocior
1291 1718 1406 1758 Icaro,
1435 1718 1497 1750 aut
1510 1716 1617 1759 sylla-

914 1768 1001 1801 bam
1035 1776 1074 1799 sa
1107 1767 1256 1809 produci
1286 1767 1410 1799 dicunt
1438 1767 1614 1810 positione

914 1819 977 1851 litt.
1008 1818 1049 1849 bl.
1079 1817 1155 1849 Hoc
1189 1818 1286 1850 certe
1320 1818 1445 1850 contra
1480 1817 1615 1850 Horatii

914 1876 1040 1906 usum;
1067 1866 1130 1899 cfr.
1148 1867 1188 1899 Α.
1207 1868 1244 1899 P.
1263 1866 1345 1899 395:
1369 1870 1510 1907 etproco
1523 1867 1616 1900 blan-

915 1918 972 1950 da.
995 1917 1059 1949 Od.
1078 1917 1115 1956 3,
1142 1915 1178 1956 4,
1204 1916 1264 1949 50:
1295 1916 1436 1949 horrida
1457 1916 1612 1951 bracliiis.

915 1967 978 2000 Od.
998 1966 1030 2006 3,
1050 1967 1080 2005 ⁴,
1097 1966 1154 1998 ⁴3:
1181 1966 1281 1998 turba
1294 1966 1473 1999 clientium.
1499 1967 1564 2000 Od.
1578 1967 1612 2006 3,

915 2017 947 2055 6,
966 2016 1024 2048 49;
1052 2016 1208 2048 derivata
1221 2016 1341 2047 clades
1367 2015 1430 2048 Od.
1449 2015 1482 2056 3,
1501 2016 1555 2056 Η,
1573 2016 1610 2048 9:

913 2066 990 2098 latis
1011 2074 1098 2106 equa
1119 2066 1224 2097 trima
1244 2066 1381 2106 campis.
1403 2084 1440 2089 ——
1457 2065 1512 2098 Ad
1527 2074 1613 2099 sen-

913 2116 1059 2148 tentiam
1093 2115 1156 2148 cfr.
1191 2115 1348 2157 Euripid.
1382 2115 1478 2157 apud
1509 2115 1613 2148 Orio-

913 2174 997 2197 nem
1020 2165 1238 2198 Schneidew.
1255 2174 1291 2207 p.
1309 2165 1369 2197 55:
1394 2157 1452 2197 Εὖ
1466 2161 1542 2196 ἴσθ’
1557 2158 1613 2196 ὅτ’

911 2209 961 2247 ἄν
988 2224 1045 2255 τις
1074 2210 1247 2254 εὐσεβῶν
1267 2211 1347 2261 θύῃ
1369 2214 1496 2255 θεοῖς,
1527 2209 1613 2248 Κᾶν

910 2261 1031 2310 μικρὰ
1059 2261 1159 2311 θύῃ,
1195 2261 1376 2307 τυγχάνει
1404 2265 1608 2311 σωτηρίας.

912 2315 1129 2356 Antiphanes
1159 2315 1195 2347 in
1223 2315 1332 2348 Grotii
1362 2315 1446 2347 Exc.
1470 2323 1507 2356 p.
1533 2314 1608 2347 6⁴7.

913 2364 958 2396 de
998 2365 1121 2396 thure:
1170 2360 1223 2396 Τὸ
1259 2362 1301 2397 δὲ
1336 2360 1477 2410 μικρὸν
1513 2359 1611 2397 αὐτὸ

911 2411 1013 2447 τοῦτ’
1052 2410 1218 2460 ἀρεστὸν
1254 2415 1338 2455 τοῖς
1374 2413 1494 2454 θεοῖς.
1545 2413 1610 2446 Dio

913 2464 1041 2505 Chrys.
1066 2464 1124 2496 Or.
1151 2463 1204 2496 ⁴3.
1229 2473 1265 2506 p.
1287 2463 1364 2498 264.
1381 2464 1502 2506 Emp.:
1528 2457 1611 2507 ὅσῳ

910 2509 961 2545 ἂν
995 2509 1270 2559 εὐσεβέστερον
1302 2513 1368 2546 καὶ
1401 2509 1610 2559 ὁσιώτερον

911 2563 1094 2607 γένησθε,
1119 2560 1296 2607 τοσούτῳ
1318 2560 1485 2596 ἐλάττων
1499 2558 1610 2596 ἔσται

912 2614 997 2658 παρ’
1034 2609 1124 2655 ὑμῖν
1158 2609 1180 2645 ὁ
1215 2609 1428 2654 λιβανωτὸς
1459 2612 1525 2645 καὶ
1561 2607 1608 2644 τὰ

910 2659 1139 2705 θυμιάματα
1161 2663 1226 2695 καὶ
1245 2659 1292 2695 τὰ
1309 2660 1607 2705 στεφανώματα,
