1722 2904
650 115 727 149 Lm.
752 113 808 146 ΠΙ.

857 112 895 144 c.
923 112 947 143 1.
1467 101 1549 158 333

172 212 204 271 ¹.
275 226 431 267 Favete
461 220 637 277 linguis:
671 215 861 261 carmina
890 227 975 256 non
1008 212 1127 270 prius

332 301 485 346 Audita
516 301 732 368 Musarum
761 295 975 340 sacerdos

388 363 654 450 Virgffiibus
647 377 894 457 puerisque
926 381 1064 455 canto.
1111 341 1147 411 ἶ.
1184 397 1231 463 ‚⁸-

275 495 438 549 Regum
469 487 755 532 timendorum
784 485 825 526 in
855 480 1056 539 proprios
1086 490 1267 535 greges,
1309 451 1321 457 -
1374 461 1413 511 τ’
1530 475 1555 515 5

276 575 415 629 Reges
449 570 493 612 in
525 569 642 626 ipsos
675 564 904 628 imperium
920 559 1221 659 :esqlov'is
1210 579 1215 583 -

474 633 838 679 ‚.„·.=⁸..‚.,

111 709 197 744 tiae,
223 712 331 746 quam
354 703 388 734 in
410 701 481 733 vita
498 699 599 740 sequi
615 698 803 742 debemus,

113 761 340 797 nequaquam
363 759 472 792 capax
498 735 657 790 despicio'
687 746 810 787 longe—

113 814 182 847 que
212 812 232 835 a
262 810 320 834 me
343 799 515 833 recedere
540 796 680 829 iubeo.»
725 797 811 828 Pro-

111 855 184 896 sam'
206 851 348 894 proprie
373 850 454 882 sunt
475 843 665 889 ἀμύητοι,
699 846 809 877 sacris

113 913 184 936 non
212 901 344 934 initiati.
391 898 552 939 Orpheus
583 896 678 938 apud
708 895 812 927 lusti-

115 962 200 986 num
216 951 358 984 Cohort.
377 948 423 980 ad
439 949 594 979 Graecos
611 947 670 978 ⁴5:
690 945 812 988 φθέγ-

114 999 188 1044 ξομ
191 1011 232 1033 αι
265 994 325 1039 οἷς
354 997 468 1038 θέμις
494 995 599 1034 ἐστι’,
635 991 775 1050 θύρας..
779 992 810 1025 δ’

120 1048 303 1084 ἐπίθεσθε
323 1045 486 1089 βέβηλοι
506 1042 654 1085 Πάντες
691 1040 810 1085 ὁμῶς.

119 1093 417 1142 (5οἰ1.τοῖςῶσι’.)
444 1094 577 1128 Callim.
596 1095 637 1126 H.
656 1092 810 1135 inApoll.

115 1151 154 1187 2
172 1150 216 1182 2:
241 1145 354 1187 ἑκάς,
379 1142 490 1185 ἑκάς,
516 1139 623 1184 ὅστις
645 1139 811 1189 ἀλιτρός.

117 1199 152 1231 in
167 1199 247 1231 Cer.
276 1196 308 1229 3.
337 1194 460 1228 Blomt'.
486 1191 609 1239 θύρας
632 1191 814 1225 ἐπίθεσθε

115 1245 288 1288 βέβαλοι.
336 1243 455 1286 (Volgo
478 1243 603 1285 χαμαὶ
625 1241 813 1274 θασεῖσθε

116 1295 306 1337 βέβαλοι.)
340 1295 433 1334 Virg.
451 1297 538 1325 Aen.
557 1293 595 1331 6,
612 1293 694 1324 258:
730 1293 814 1324 Pro-

119 1347 192 1386 cul,
217 1355 236 1378 o
254 1344 375 1386 procul
395 1346 459 1375 este
477 1341 628 1383 profani.

160 1397 194 1429 2.
219 1395 252 1428 3.
275 1395 394 1427 Favete
416 1392 555 1434 linquis]
582 1391 672 1424 «Vos
695 1392 815 1422 autem

119 1445 234 1487 digni,
259 1444 320 1484 qui
335 1442 381 1474 ad
395 1442 486 1474 haec
501 1449 603 1474 sacra
624 1440 813 1479 accedatis,

120 1491 330 1537 εὐφημεῖτε
350 1491 406 1524 vel
429 1491 523 1523 bona
538 1490 649 1522 verba
666 1488 816 1522 dicendo

118 1543 176 1577 vel
197 1544 314 1585 potius
335 1549 481 1583 prorsus
515 1539 700 1572 tacendo.»
738 1539 818 1570 Ari-

121 1593 236 1634 stoph.
273 1591 487 1632 Thesmoph
524 1590 582 1622 39:
626 1584 818 1631 Εὔφημος

122 1640 196 1682 πᾶς
218 1651 315 1673 εστω
338 1637 452 1680 λεώς,
481 1636 615 1680 Στόμα
643 1637 818 1681 συγκλεί-

123 1701 207 1731 σας.
254 1691 338 1722 Ran.
378 1688 463 1721 354:
503 1684 705 1729 Εὐφημεΐν
742 1683 816 1732 χρὴ

123 1736 381 1795 κάξίστασθαι
403 1740 484 1777 τοῖς
507 1733 727 1782 ἡμετέροισι
749 1745 820 1774 χο-

123 1793 248 1835 ροῒσιν
262 1781 388 1828 Ὅστις
401 1796 559 1832 απειρος
574 1783 730 1818 τοιῶνδε
752 1782 819 1816 λό-

123 1849 200 1883 γων
215 1836 294 1870 κτλ.
319 1837 437 1878 Eurip.
456 1837 510 1868 Fr.
530 1835 674 1868 Phaeth.
694 1836 734 1866 ΙΙ
753 1835 818 1866 60;

123 1885 227 1928 εχειν
249 1884 324 1943 χρὴ
341 1883 458 1928 Στόμ’
483 1885 523 1918 ἐν
547 1882 703 1929 ἡσυχίᾳ.
728 1884 817 1916 lbid.

125 1938 185 1971 74:
209 1932 307 1969 ἀλλὰ
330 1937 403 1979 σῖγ’
428 1944 525 1967 εστω
549 1932 654 1975 λεώς.
695 1932 818 1966 Tibull.

125 1988 165 2028 2,
189 1987 228 2027 2,
253 1987 292 2018 4;
333 1986 493 2018 Dicamus
522 1984 608 2016 bona
628 1983 754 2015 verba:
769 2000 822 2006 --

128 2036 282 2078 Quisquis
302 2036 402 2074 ades,
441 2034 574 2076 linqua,
608 2034 663 2065 vir
683 2033 823 2064 mulier-

127 2095 207 2127 que,
223 2086 309 2127 fave.
335 2084 478 2117 Solitam
494 2082 681 2116 formulam
696 2081 824 2123 ampli-

128 2135 245 2168 ficavit
259 2133 356 2167 ovid.
375 2133 465 2166 Fast.
485 2133 499 2164 4
515 2157 522 2171 ,
540 2132 576 2163 74
592 2141 599 2163 :
624 2131 825 2172 Linquisque

128 2185 312 2224 animisque
320 2183 428 2224 favete
439 2183 450 2213 ,Ι
473 2181 620 2213 variavit
631 2181 726 2221 Virg.
735 2181 822 2213 Aen.

130 2235 171 2273 5,
195 2233 253 2265 7⁴:
305 2232 370 2264 Ore
400 2231 531 2273 favete!
566 2231 688 2271 sicque
724 2228 823 2261 ovid.

130 2285 207 2316 Am.
233 2282 271 2321 3,
297 2281 355 2321 43,
380 2281 446 2313 29:
480 2280 544 2311 Ore
565 2279 677 2320 favent
694 2278 822 2319 populi.

131 2332 289 2373 Propert.
315 2330 356 2370 4,
382 2330 422 2369 6,
448 2329 490 2360 4;
529 2329 639 2360 Sacra
659 2327 742 2369 facit
761 2335 826 2358 va-

132 2385 200 2413 tes:
235 2381 299 2412 sint
321 2388 384 2411 ora
406 2378 555 2420 faventia
577 2377 696 2409 sacris.
751 2376 823 2408 Cic.

134 2429 178 2461 de
213 2430 288 2461 Div.
315 2429 354 2468 4,
390 2428 450 2467 45,
487 2427 562 2459 402.
611 2427 747 2458 Seneca
781 2425 826 2456 de

133 2479 210 2510 Vita
234 2478 336 2510 beata
351 2477 414 2509 26:
439 2478 627 2516 Imperatur
649 2474 826 2512 silentimn,

134 2531 171 2560 ut
191 2528 255 2559 rite
272 2527 392 2567 peragi
410 2526 514 2566 possit
547 2533 699 2563 sacrum,
735 2523 829 2554 nulla

134 2576 212 2609 voce
232 2576 325 2608 mala
347 2575 554 2615 obstrepente.
584 2589 619 2596 —
650 2581 716 2604 non
735 2571 831 2611 prius

135 2626 273 2667 Audita]
311 2625 586 2665 praeceptorum
608 2630 629 2653 a
651 2619 830 2653 communi

137 2675 319 2707 hominum
351 2671 545 2713 volgarium
574 2677 680 2703 sensu
703 2668 832 2701 abhor-

502 2724 830 2904 ιιι.

1066 618 1198 686 {h

857 694 1009 726 rentium
1039 691 1246 732 gravitatem
1270 687 1452 729 significat.
1489 686 1560 719 Ma-

857 745 1039 784 ximopere
1064 740 1161 772 enim
1184 747 1246 771 eas
1280 738 1374 779 ipsas
1397 737 1556 774 virtutes,

858 800 950 834 quae
985 792 1068 822 tunc
1102 797 1123 821 a
1146 787 1324 830 plerisque
1350 785 1476 827 negligi
1498 793 1560 817 so-

858 841 994 879 lebant,
1023 837 1263 872 commendat.
1307 853 1343 859 -
1382 836 1560 868 Musarum

858 889 1028 931 sacerdos]
1069 886 1203 920 Callim.
1230 887 1284 918 Fr.
1320 885 1374 917 83.
1417 883 1556 917 Bentl.:

860 936 1013 971 Μοῦσαι
1035 936 1150 969 καλαὶ
1165 931 1384 973 κἈπολλον,
1401 928 1470 974 ὀἷς
1486 930 1559 976 ἐγώ

861 987 1023 1022 σπένδω.
1058 986 1158 1020 Ovid.
1184 985 1291 1018 Ibidis
1324 994 1359 1016 V.
1385 984 1443 1016 98:
1478 992 1562 1024 per-

861 1048 964 1081 ayam
996 1041 1076 1070 rata
1097 1040 1176 1069 vota
1202 1035 1376 1068 sacerdos:
1409 1033 1563 1074 Quisquis

861 1090 940 1121 ades
954 1088 1078 1127 sacris,
1104 1095 1163 1118 oro
1184 1085 1310 1126 favete,
1334 1084 1425 1116 neeis.
1460 1082 1560 1116 Idem

862 1140 939 1171 Am.
965 1137 1005 1176 3,
1042 1137 1079 1176 8,
1115 1135 1176 1167 23:
1215 1134 1274 1166 Ille
1296 1142 1356 1175 eqo
1386 1133 1562 1165 Musarum

857 1196 966 1228 purus
986 1185 1167 1224 Phoebique
1188 1183 1352 1216 sacerdos.

906 1261 938 1294 4.
985 1261 1016 1293 5.
1082 1257 1285 1300 Virginibus]

862 1310 1074 1352 interpretes
1106 1306 1372 1349 explicaverunt
1405 1305 1450 1337 de
1473 1312 1564 1346 pue-

862 1368 983 1392 rorum
1006 1357 1252 1398 virginumque
1273 1355 1382 1387 choro
1395 1380 1402 1393 ,
1428 1354 1489 1395 qui
1505 1362 1565 1385 sa-

864 1409 1048 1443 cerdotem
1065 1407 1181 1447 cingat
1200 1404 1396 1445 laudesque
1413 1403 1564 1435 deorum

864 1459 979 1492 canat.
1018 1458 1063 1489 At
1078 1463 1161 1488 cum
1182 1455 1218 1486 in
1233 1455 1307 1486 toto
1322 1453 1391 1485 hoc
1407 1452 1564 1484 carmine

864 1503 1042 1552 γνωμικῷ
1076 1505 1143 1536 καὶ
1179 1499 1301 1546 ἧθικῷ
1337 1501 1421 1534 nihil
1458 1500 1563 1543 plane

866 1558 966 1596 insit,
1003 1554 1100 1596 quod
1135 1563 1155 1586 a
1187 1553 1304 1585 choris
1328 1552 1406 1583 cani
1428 1550 1563 1592 possit,

867 1615 950 1639 cum
966 1603 1233 1644 Dillenburgero
1256 1601 1367 1633 redeo
1391 1600 1437 1632 ad
1460 1599 1568 1631 Scho-

867 1656 1048 1688 liastarum
1072 1652 1348 1694 expositionem:
1391 1649 1502 1682 «Dicit
1525 1657 1564 1681 se

868 1713 1013 1737 carmen
1035 1702 1279 1745 proditurum,
1319 1708 1390 1740 quo
1423 1699 1568 1730 teneras

868 1755 1003 1787 aetates
1024 1752 1183 1785 instituat
1206 1750 1252 1783 ad
1272 1750 1423 1782 honesta
1438 1748 1565 1786 studia,

868 1803 998 1845 quibus
1021 1801 1066 1834 ad
1089 1801 1232 1833 beatam
1255 1800 1364 1831 vitam
1378 1797 1566 1839 pervenire

868 1852 1038 1894 possint.»
1095 1851 1219 1891 Utique
1244 1849 1340 1881 enim
1363 1847 1408 1879 de
1433 1855 1493 1885 eo,
1530 1847 1569 1876 ut

869 1900 997 1934 talibus
1032 1898 1249 1932 carminibus
1283 1895 1450 1938 aequales
1484 1902 1568 1927 suos

868 1950 1100 1993 provectioris
1111 1949 1236 1980 aetatis
1248 1953 1476 1979 commovere
1488 1952 1569 1984 pra-

869 2008 1004 2041 vosque
1022 2007 1147 2031 eorum
1162 2005 1282 2030 mores
1298 1996 1475 2035 corrigere
1487 2001 1570 2042 pos-

871 2051 944 2087 set,
971 2049 1085 2081 omnis
1102 2055 1185 2088 spes
1202 2043 1413 2089 deponenda
1429 2044 1567 2074 erat.—

870 2097 1004 2140 9reyes]
1030 2097 1111 2138 quia
1138 2104 1242 2136 reges
1258 2093 1437 2136 ποιμένες
1452 2088 1567 2122 λαῶν.

872 2148 1065 2181 Philemon.
1093 2147 1197 2179 Mein
1223 2154 1303 2187 pag.
1329 2144 1411 2176 366·
1436 2140 1571 2174 δοῦλοι

871 2196 1062 2237 βασιλεων
1078 2197 1193 2234 εἰσίν,
1219 2191 1242 2226 ὁ
1257 2189 1440 2233 βασιλεὺς
1453 2188 1569 2230 θεῶν,

868 2244 906 2279 Ὁ
940 2243 1031 2286 θεὸς
1066 2241 1248 2288 ἀνάγκης.
1309 2243 1442 2275 Caesar
1475 2240 1571 2282 apud

873 2298 968 2329 Suet.
996 2297 1097 2328 Caes.
1125 2295 1168 2326 6:
1193 2293 1308 2325 Est-in
1329 2300 1449 2334 genere
1464 2290 1568 2331 (meo)

874 2349 904 2378 et
937 2345 1096 2377 sanctitas
1128 2351 1263 2384 reyum,
1301 2342 1357 2382 qui
1387 2340 1572 2381 plurimum

874 2395 960 2427 inter
981 2394 1126 2425 homines
1143 2392 1287 2433 pollent,
1313 2394 1344 2424 et
1366 2389 1573 2423 caerimonia

875 2445 1033 2482 demun,
1077 2450 1219 2482 quorum
1251 2441 1315 2482 ipsi
1346 2440 1382 2471 in
1410 2441 1573 2480 potestate

875 2496 951 2525 sunt
970 2501 1073 2534 reyes.

921 2567 952 2599 6.
978 2567 1009 2598 7.
1048 2566 1084 2598 in
1105 2566 1193 2606 ipsos
1214 2562 1406 2604 imperium]
1446 2561 1573 2594 Nescio

877 2625 941 2649 cur
950 2623 1128 2648 nonnemo
1138 2614 1306 2647 dubitarit
1318 2612 1363 2644 de
1375 2611 1480 2644 huius
1491 2619 1575 2643 con-

877 2665 1078 2699 structionis
1105 2664 1299 2696 Latinitate.
1340 2660 1450 2693 Plaut.
1479 2660 1570 2692 Men.

1335 1255 1563 1288 Recentiores
