1722 2904
640 59 720 93 Lm.
745 59 801 93 lv.
849 60 888 92 c.
913 60 968 91 iv.
1271 48 1275 51 “
1478 60 1563 102 555

121 164 297 202 torumque
314 162 475 195 victorem
495 161 666 205 appellat,
691 164 727 196 et
749 172 836 196 vero
858 172 898 196 re
920 164 997 206 ipsa
1012 162 1195 202 refellitur,
1221 165 1251 197 si
1273 164 1419 206 quidem
1434 166 1563 199 Raetos

121 218 159 250 et
178 215 378 250 Vindelicos
399 217 544 261 foedere
564 218 740 252 artissimo
762 219 856 251 inter
869 227 908 252 se
924 219 1062 252 iunctos
1077 219 1204 259 fuisse,
1229 227 1348 261 neque
1363 222 1559 262 separatos,

118 271 184 304 sed
206 273 359 305 sociatos
381 273 663 315 comminusque
686 274 862 307 exercitus
883 273 1052 307 habuisse
1073 273 1178 315 plane
1201 278 1361 316 apparet.
1385 275 1429 308 Et
1451 276 1562 316 quid?

119 327 154 359 in
176 327 291 369 prima
313 328 554 370 expeditione,
579 328 637 361 cui
657 327 754 361 solus
775 329 912 362 Drusus
934 328 1102 371 praefuit,
1130 328 1175 361 ad
1197 328 1306 371 Alpes
1328 329 1560 370 Tridentinus,

117 382 154 414 in
183 382 374 415 Raetorum
404 382 550 423 finibus,
585 382 755 416 Vindelici
793 385 931 416 tantum
961 383 1008 416 illi
1034 383 1179 417 obviam
1208 384 1293 417 facti
1320 386 1425 417 sunt‘?
1462 386 1561 419 Raeti

120 436 284 478 (quorum
306 437 342 470 iu
363 437 494 471 finibus
516 447 576 471 res
599 438 807 480 gerebatur)
830 440 1097 481 exspectarunt,
1122 439 1209 472 dum
1223 439 1363 472 veniret
1376 439 1561 473 Tiberius?

117 491 188 524 Sed
211 501 252 525 ea
276 493 352 535 ipsa
373 493 419 526 de
442 501 568 533 causa,
600 493 696 535 quod
719 495 804 526 socii
828 496 930 527 erant
952 503 996 527 eo
1019 495 1054 527 in
1076 493 1171 527 bello
1193 495 1291 527 Raeti
1313 496 1351 527 et
1371 495 1558 535 deelici‚

117 548 244 589 poetae
266 549 345 581 erat
366 557 431 590 pro
453 550 604 590 utroque
626 548 759 590 populo
780 549 989 582 alterutrum
1012 550 1196 582 nominare
1223 550 1281 582 hic
1302 558 1337 582 v.
1364 550 1416 583 ⁴8.
1443 552 1479 583 et
1493 550 1558 583 Od.

118 601 156 642 ⁴»,
193 601 251 642 ⁴4,
288 603 309 635 9
331 604 368 636 et
391 604 464 643 ⁴5..
499 603 561 636 uhi
589 605 671 646 post
698 603 862 645 generale
894 605 1050 637 Vindelici
1077 606 1324 638 memorantur
1345 606 1502 638 Genauni
1525 608 1562 638 et

117 657 262 696 Breuni,
298 666 389 699 quos
415 666 501 690 sane
523 659 665 700 proprie
689 659 735 691 ad
757 660 884 692 Raetos
906 660 1022 701 potius
1045 668 1154 700 quam
1176 660 1222 692 ad
1243 659 1444 693 Vindelicos
1466 660 1561 693 refe—

115 711 248 745 rendos
263 720 344 746 esse
367 713 592 746 manifestum
615 713 654 746 fit
675 713 731 746 vel
754 723 796 746 ex
813 713 898 747 Plin.
916 714 953 754 3,
979 715 1057 747 20..
1081 715 1165 747 [Am.
1186 733 1223 739 —
1241 715 1312 748 Cfr.
1330 724 1364 748 v.
1384 716 1562 758 Hormayr

117 766 301 799 Goedu'cme
333 768 394 801 der
425 768 616 810 Grasschat!
650 769 739 800 Tit-ol
759 770 786 801 Ι.
810 777 891 811 pag.
915 768 969 802 94.
1001 769 1256 802 Drakenborch
1285 770 1331 802 ad
1364 771 1438 803 Liv.
1464 772 1555 813 Epit.

118 821 215 854 ⁴36st
241 822 436 855 «Adsentiri
458 832 598 864 nequeo
620 823 780 856 Bentleio
801 825 984 864 statuenti,
1009 825 1163 857 Drusum
1185 833 1256 857 non
1278 818 1363 858 cum
1385 826 1503 858 Raetis
1525 828 1561 858 et

116 875 306 909 Vindelicis
326 876 461 910 bellum
483 879 655 919 gessisse,
684 879 750 911 sed
771 880 927 912 Drusum
949 878 1150 912 Vindelicos
1172 881 1325 920 tantum,
1350 881 1479 914 Raetos
1503 882 1561 913 Ti-

116 931 258 964 berium
289 932 498 974 adgressum
529 942 622 966 esse.
674 934 728 967 Ad
758 934 854 975 quod
887 934 1113 976 probandum
1143 935 1315 976 imprimis
1342 937 1472 977 urguet
1499 945 1555 968 vv.

117 985 240 1019 velleii
261 986 284 1020 Ι.
309 987 347 1020 1.;
373 989 501 1029 Quippe
520 992 660 1029 uterque
684 989 855 1030 (Tiberius
878 991 914 1022 et
929 989 1074 1030 Drusus)
1098 990 1245 1022 divisis
1260 990 1456 1030 partibus
1477 992 1561 1024 Rae-

116 1045 166 1074 tos
190 1043 433 1091 Vindelicosquo
453 1045 613 1085 adgressi.
652 1045 786 1077 verum
808 1045 885 1078 eius
906 1045 1002 1077 hunc
1024 1053 1171 1077 sensum
1193 1047 1297 1087 puto,
1321 1045 1501 1078 Tiberium
1524 1048 1560 1078 et

116 1097 273 1130 Drusum
287 1099 476 1140 utramque
497 1100 641 1140 gentem
664 1099 884 1132 non‘iunctis
907 1100 972 1132 sed
995 1100 1115 1133 divisis
1130 1101 1259 1142 copiis,
1284 1109 1401 1142 neque
1417 1101 1556 1140 iisdem,

117 1151 181 1184 sed
204 1152 353 1186 diversis
383 1152 470 1187 locis
492 1154 681 1195 adgressos
704 1163 796 1187 esse.
843 1155 970 1188 Similis
992 1155 1121 1188 locutio
1145 1157 1199 1188 est
1222 1155 1317 1196 apud
1339 1156 1474 1188 Livium
1496 1155 1556 1195 44,

118 1207 178 1239 u:
214 1208 338 1240 Divisis
352 1209 509 1248 partibus
533 1209 823 1251 (Cassandream)
848 1219 1043 1251 oppugnare
1064 1211 1178 1242 adorsa·
1204 1211 1349 1251 praetor
1371 1211 1406 1242 et
1427 1210 1559 1243 Eume-

116 1270 216 1294 nes.»
242 1280 280 1286 —
303 1263 409 1295 Addit
430 1265 514 1296 Fu:
538 1265 675 1297 Drusus
697 1264 843 1307 Alpibus
866 1267 1042 1307 superatis
1064 1274 1130 1307 per
1152 1275 1214 1298 eas
1238 1267 1343 1299 etiam
1366 1266 1460 1299 viam
1490 1267 1559 1299 mi—

116 1316 254 1350 litarem
276 1319 430 1359 aperuit,
463 1328 572 1360 quam
593 1321 717 1361 postea
741 1321 888 1352 munivit
910 1321 986 1353 eius
1010 1320 1100 1353 filius
1123 1321 1283 1354 Tiberius
1306 1320 1488 1361 Claudius,
1521 1322 1559 1353 ut

116 1371 285 1406 discimus
307 1382 351 1406 ex
373 1372 490 1416 lapide
512 1376 656 1416 reperto
679 1384 772 1408 anno
796 1376 893 1409 ⁴786.
917 1385 1029 1418 prope
1052 1375 1215 1408 Feltriam
1237 1376 1332 1418 apud
1354 1377 1477 1409 Marin.
1502 1377 1556 1408 Fr.

116 1428 198 1460 Arv.
222 1436 258 1469 p.
284 1428 346 1461 77:

268 1483 271 1488 “
349 1481 351 1483 ’
580 1485 634 1517 TI.
660 1486 884 1518 CLAVDIVS.
910 1486 1045 1519 DRUSI.
1070 1487 1096 1518 F

600 1541 777 1573 CAESAR.
803 1541 902 1573 AVG.
928 1542 1075 1574 GERMA

573 1596 712 1628 NICVS.
739 1596 958 1628 PONTIFEX.
983 1597 1106 1628 MAXV

540 1651 638 1682 MVS.
664 1651 921 1683 TRIBVNICIA.
947 1651 1134 1683 POTESTA

506 1705 572 1737 TE.
596 1698 654 1736 Vi
673 1706 763 1738 cos.
786 1699 845 1737 1—v.
870 1706 956 1738 IMP.
982 1706 1038 1737 xl.
1064 1707 1100 1737 P.
1126 1708 1164 1738 P.

550 1761 726 1792 CENSOR.
754 1761 874 1793 VIAM.
900 1761 1124 1794 CLAVDIAM

540 1815 782 1848 AVGVSTAM.
810 1816 943 1854 QVAM.
968 1816 1134 1847 DRVSVS

502 1871 649 1902 PATER.
674 1871 864 1902 ALPIBVS.
888 1871 1036 1902 BELLO.
1062 1871 1171 1903 PATE

500 1926 659 1958 FACTlS.
684 1926 928 1958 DERIVAVIT.
954 1927 1096 1959 MUNIT.
1121 1927 1176 1958 AB

520 1981 686 2012 ALTINO.
711 1981 863 2019 VSQVE.
888 1982 959 2013 AD.
985 1981 1157 2013 FLVMEN

582 2036 822 2069 DANVVIVM.
847 2037 891 2069 M.
918 2037 954 2068 P.
980 2036 1091 2068 CCCI.

534 2268 1019 2306 Excunsns
1071 2270 1129 2304 ΙΙ.

686 2354 984 2388 Αᾱνν.44-48.

207 2434 346 2467 «Glossa
362 2434 488 2475 poetici
505 2435 744 2473 Grammatici,
770 2435 862 2466 illum
877 2435 962 2466 diem
978 2434 1192 2476 explicantis.
1233 2436 1274 2468 Et
1289 2435 1458 2475 observo,
1483 2436 1557 2479 plu-

119 2490 226 2521 rimas
250 2488 383 2530 glossas
405 2497 425 2520 a
448 2497 536 2520 voce
560 2489 616 2528 qui
639 2480 811 2530 incipere,
848 2490 947 2521 cuius
969 2490 1020 2521 rei
1050 2491 1083 2521 in
1107 2490 1249 2522 Horatio
1272 2490 1379 2523 multa
1404 2492 1556 2524 vidimus

121 2543 299 2585 exempla,
325 2545 361 2575 et
382 2544 416 2575 in
440 2543 507 2575 hoc
530 2543 607 2584 ipso
630 2544 786 2576 carmine
802 2552 836 2576 v.
856 2545 908 2576 ⁴8.
933 2546 1056 2585 Neque
1073 2545 1156 2576 mihi
1177 2544 1292 2586 placet
1306 2546 1398 2577 alma
1413 2547 1553 2586 adorea,

121 2606 237 2639 neque
253 2597 367 2640 glossa
383 2606 466 2630 vera
479 2600 543 2630 est.
562 2599 652 2631 Dicit
667 2599 761 2631 enim
778 2601 916 2639 auctor,
934 2600 1117 2632 victoriam
1128 2599 1222 2641 apud
1239 2601 1432 2633 Metaurum
1448 2601 1554 2635 ruisse
