1722 2904
210 90 292 132 604

718 91 890 124 HORATII
912 91 1139 125 CARMINUM

384 194 610 253 Impellunt
640 195 808 239 animae
839 194 968 239 lintea
999 194 1223 246 Thraciae;

378 276 469 319 Iam
497 289 579 320 nec
609 282 730 334 prata
761 276 900 334 rigent
929 289 1010 319 nec
1039 274 1156 319 fluvii
1187 282 1383 344 strepunt

493 356 683 401 Hiberna
713 357 811 401 nive
841 356 1012 414 turgidi.

383 462 539 507 Nidum
569 463 710 520 ponit,
743 464 838 521 Ityn
871 461 1070 506 flebiliter
1099 475 1302 520 gemens,
1634 463 1660 504 5

379 543 527 588 Infelix
556 544 647 587 avis
678 550 720 588 et
753 543 990 601 Cecropiae
1021 543 1176 587 domus

381 626 614 669 Aeternum
644 624 943 682 opprobrium,
976 623 1095 681 quod
1124 623 1237 669 male
1265 623 1473 668 barbaras

492 708 657 763 Regum
686 712 752 749 est
780 704 868 749 ulta
896 704 1110 748 libidines.

296 845 328 878 2.
354 845 518 886 Inpellunt
539 845 576 876 T.
612 862 641 867 -
667 845 699 876 ὅ.
724 844 822 876 hithis
843 843 880 876 T.
911 862 947 868 —-
973 843 1005 876 7.
1032 844 1130 887 quod]
1155 853 1242 885 quae
1263 843 1296 876 λ.

213 986 256 1010 ex
273 985 349 1017 seq.
368 983 481 1015 vers.‚
508 982 617 1016 quam
633 973 759 1007 altera:
787 973 915 1006 «modo

215 1026 390 1065 excitant,
416 1024 542 1065 modo,
567 1033 651 1057 cum
667 1025 820 1064 cessant,
838 1023 916 1066 pla-

214 1077 334 1109 catum
358 1076 512 1107 sinunt.»
531 1092 568 1098 ——
592 1074 781 1115 Impellunt]
808 1073 915 1106 «dum

215 1125 305 1158 vela1
316 1125 519 1164 intendunt,
552 1133 596 1157 eo
622 1123 824 1167 propellunt
850 1133 916 1156 na-

215 1184 313 1208 ves.»
334 1193 371 1199 -
396 1176 532 1207 animae
548 1174 719 1216 Thraciae]
746 1174 914 1206 Graeciae

215 1224 260 1257 ab
284 1224 476 1266 Aquilone,
513 1224 574 1265 qui
600 1224 698 1256 venti
724 1232 791 1256 ver
812 1224 916 1256 ante-

215 1274 359 1307 cedunt.
405 1274 512 1316 Soph.
543 1274 657 1315 Antig.
686 1273 779 1306 586:
815 1267 915 1305 ὥστε

213 1324 387 1364 ποντίαις
421 1320 545 1365 Οἶδμα
577 1320 786 1364 δυσπνόοις
820 1317 915 1355 ὅταν

212 1370 457 1420 Θρῄσσαισιν
489 1368 627 1419 ἔρεβος
656 1367 809 1413 ὕφαλον
831 1372 915 1406 ἑπι-

211 1421 339 1470 δράμῃ
382 1425 531 1463 πνοαῖς.
582 1422 756 1464 (Animae,
797 1423 914 1455 omnis

214 1477 277 1506 aer
299 1474 436 1512 motus,
467 1474 507 1505 ut
527 1473 622 1514 Virg.
646 1474 734 1505 Aen.
760 1472 797 1513 8,
823 1472 910 1505 403:

214 1523 307 1565 iqnes
328 1521 555 1564 animaeque.)

255 1572 341 1604 5-8.
371 1572 496 1604 Nidum
505 1571 613 1613 ponit]
640 1571 830 1611 «Hirundo‚
848 1580 914 1604 ve-

212 1622 261 1654 ris
277 1621 412 1661 nuntia,
431 1622 502 1654 iam
518 1621 708 1654 nidificat.»
726 1621 914 1654 Pandionis

212 1670 282 1703 filia
298 1672 451 1710 Procne,
477 1670 691 1704 Philomelae
712 1679 826 1711 soror,
852 1672 916 1703 Te-

212 1729 274 1752 reo
299 1721 444 1758 marito,
469 1721 639 1753 Thraciae
666 1729 768 1762 rege,
799 1720 914 1762 gladio

213 1778 294 1802 eam
329 1771 587 1811 persequente,
625 1770 661 1802 in
687 1770 915 1802 hirundinem

213 1820 268 1851 est
301 1820 455 1860 mutata,
505 1821 697 1860 postquam
727 1828 913 1859 sororem,

213 1868 270 1900 cui
303 1867 359 1900 ille
393 1862 466 1901 Vim
500 1868 665 1901 intulerat
686 1868 914 1911 linguamque

213 1919 439 1958 exsecuemt,
476 1917 592 1950 ultura
628 1919 707 1960 Ityn
737 1918 849 1951 filium
883 1919 915 1951 ei

214 1966 431 2008 epulandum
455 1970 681 2010 apposuerat.
713 1968 812 2001 Ovid.
830 1969 913 2002 Met.

213 2017 245 2055 6,
266 2016 330 2049 424
343 2025 397 2058 sq.
417 2019 454 2050 et
464 2019 614 2051 Pausan.
635 2018 665 2057 4,
683 2018 715 2058 5,
734 2017 765 2051 4.
786 2018 915 2050 Contra

213 2065 417 2108 Apollonius
463 2067 619 2100 Rhodius
665 2068 700 2100 in
737 2064 915 2100 Κταύνου

214 2116 337 2148 κτίσει
359 2116 455 2157 apud
479 2117 642 2149 Parthen
676 2118 735 2150 44;
775 2116 916 2150 Κλαϊεν

216 2161 431 2207 ἀηδονίδων
455 2163 737 2224 θαμινώτερον,
762 2165 835 2199 αἴτ’
859 2165 916 2199 ἐνὶ

214 2212 371 2261 βήσσῃς
393 2215 560 2259 Σιθονίῳ
583 2213 712 2262 κούρῳ
735 2217 820 2262 πέρι
840 2226 916 2259 μυ-

215 2265 299 2310 ρίον
319 2262 533 2306 αἰάζουσιν.
573 2267 662 2298 Item
681 2265 833 2299 Achilles
849 2267 917 2299 Ta—

214 2315 281 2347 tius
296 2315 334 2354 5,
353 2315 385 2346 5.
411 2324 446 2356 p.
467 2315 541 2347 406.
567 2315 716 2347 Iacobs·
709 2339 715 2347 .
731 2311 869 2357 3Ἔποψ
893 2313 916 2348 ὁ

213 2360 324 2410 ἀνήρ,
348 2364 391 2396 αἱ
411 2362 482 2397 δύο
504 2367 692 2408 γυναῖκες,
719 2364 918 2408 Φιλομήλα

213 2411 383 2453 χελιδών,
396 2414 464 2447 καὶ
474 2412 630 2461 Πρόκνη
643 2411 782 2458 ἀηδών.
799 2415 915 2448 Schol.

214 2464 323 2495 Vatic.
350 2463 396 2496 ad
419 2464 576 2497 Rhesum
600 2464 685 2498 547·
710 2463 871 2508 Λέγεται
891 2461 916 2508 ἦ

213 2510 370 2571 Πρόκνη
412 2510 511 2555 μετὰ
555 2510 600 2546 τὸ
645 2513 916 2560 κρεανομηθῆ-

214 2572 277 2594 ναι
300 2557 401 2595 Ἵτυν
435 2559 503 2594 τὸν
538 2560 623 2596 υἱὸν
657 2561 720 2596 διὰ
751 2561 822 2607 τὴν
851 2562 917 2597 λύ-

215 2620 290 2652 ,την
313 2610 608 2654 μεταβληθῆναι
624 2613 678 2653 εἰς
702 2608 825 2659 όρνιν·
851 2614 916 2646 καὶ

216 2657 240 2702 ἡ
264 2660 334 2701 ιιὲν
365 2660 521 2707 Πρόκνη
546 2663 619 2702 εἰς
628 2658 778 2704 ἀηδόνα
806 2672 916 2705 μετε-

963 971 1115 1016 βλήθη,
1152 969 1206 1015 ὦς
1233 974 1300 1007 καὶ
1330 970 1355 1017 ἡ
1387 972 1587 1018 Φιλομήλα
1609 976 1663 1017 εἰς

964 1021 1154 1063 χελιδόνα.
1194 1025 1269 1056 lam
1300 1024 1382 1065 quia
1413 1023 1469 1057 alii
1503 1026 1664 1059 Procnen

963 1074 998 1105 in
1021 1072 1218 1114 lusciniam,
1243 1072 1475 1106 Philomelam
1489 1074 1524 1106 in
1540 1075 1664 1110 hirun-

965 1122 1086 1156 dinem
1109 1124 1282 1156 mutatam
1306 1125 1466 1164 narrant,
1502 1123 1661 1165 fuerunt,

965 1173 1026 1214 qui
1048 1172 1084 1205 h.
1102 1171 1124 1205 l.
1144 1172 1189 1205 de
1213 1171 1360 1205 luscinia
1384 1173 1665 1215 interpretaren-

963 1223 1021 1254 tur
1044 1230 1127 1254 cum
1151 1222 1293 1264 Sappho
1327 1222 1382 1254 Fr.
1413 1222 1467 1255 49.
1514 1223 1664 1257 Schnei-

964 1271 1074 1304 dew.:
1106 1265 1218 1318 ’Ἡρος
1251 1266 1433 1316 ἅγγελος,
1469 1271 1665 1319 ἱμερόφω-

963 1331 1030 1362 νος
1053 1316 1196 1364 ἀηδών.
1219 1322 1334 1355 Minus
1357 1323 1456 1355 recte
1479 1323 1526 1355 ad
1551 1332 1666 1366 popu-

962 1370 1075 1404 larem
1099 1371 1196 1403 certe
1217 1371 1440 1413 opinionem,
1466 1380 1559 1413 quae
1581 1372 1663 1406 inde

963 1421 1008 1454 ab
1025 1417 1236 1468 Εἰρεσιώνῃ
1253 1421 1442 1454 Homerica
1464 1420 1568 1464 longe
1584 1431 1664 1455 sae-

961 1471 1042 1513 pius
1076 1470 1304 1504 hirundinem
1335 1470 1446 1504 habet
1475 1480 1542 1514 pro
1569 1473 1665 1506 veris

963 1521 1102 1561 nuntia,
1126 1530 1160 1554 v.
1180 1521 1239 1553 ⁴⁴:
1264 1517 1416 1564 Νεῦμαί
1429 1531 1510 1562 τοι,
1527 1520 1665 1565 νεῦμαι

962 1568 1160 1611 ἐνιαύσιος
1189 1580 1289 1604 ωστε
1310 1569 1481 1610 χελιδών.
1513 1567 1664 1615 ‘'Eo-mu·

962 1620 1003 1653 ἐν
1037 1618 1265 1678 προθύροις,
1298 1618 1400 1664 ’ψιλὴ
1423 1618 1556 1663 πόδας.
1595 1623 1665 1655 He·

965 1671 1055 1704 siod.
1077 1667 1130 1703 Ε.
1156 1671 1224 1703 καὶ
1240 1667 1297 1704 H.
1322 1671 1405 1704 568.
1431 1669 1508 1704 Τὸν
1525 1669 1663 1715 asper

965 1718 1163 1777 ὂρθρογόη
1193 1719 1398 1762 Πανδιονὶς
1422 1731 1528 1779 ωρτο
1562 1720 1665 1761 χελι-

962 1769 1039 1803 δών
1069 1766 1131 1812 'Eg
1163 1768 1269 1812 φάος
1301 1765 1524 1817 ἀνθρώποις
1550 1766 1666 1818 ἔαρος

963 1822 1052 1855 νέον
1070 1820 1305 1863 ἱσταμένοιο.
1323 1820 1512 1853 Simonidis
1523 1821 1661 1862 Fragm.

965 1872 1039 1904 ⁴2⁴.
1077 1870 1316 1903 Schneidew:
1353 1865 1504 1913 Ἄγγελε
1544 1867 1664 1904 κλυτὰ

962 1917 1078 1968 ἔαρος
1108 1916 1308 1962 ἆδυόδμου
1330 1919 1486 1953 Κυανέα
1506 1919 1662 1960 χελιδοῖ.

964 1972 1006 2004 Et
1026 1967 1280 2012 χελιδόνισμα
1302 1969 1398 2011 apud
1420 1969 1664 2004 Schneidewin

963 2020 1083 2062 Del.p.
1095 2020 1292 2061 465.Bergk
1304 2028 1341 2062 p.
1352 2012 1557 2060 882εἮνι9’,
1569 2013 1665 2063 ἦνθε

964 2066 1141 2110 χελιδών,
1185 2065 1317 2110 Καλὰς
1353 2063 1456 2115 ὥρας
1491 2065 1662 2113 ἄγουσα,

964 2116 1120 2160 Καλοὺς
1141 2116 1342 2159 ἐνιαυτοὺς
1364 2117 1444 2152 κτλ.
1465 2137 1501 2142 -
1519 2120 1664 2153 Nativae

965 2168 1197 2211 simplicitatis
1232 2169 1417 2210 antiquum
1450 2169 1506 2202 est
1534 2177 1664 2202 monu-

966 2219 1126 2251 mentum
1149 2217 1325 2251 Volcense
1338 2218 1425 2250 Arm.
1446 2218 1551 2250 Instit.
1567 2218 1660 2250 arch.

964 2267 1039 2300 Vol.
1067 2268 1108 2300 11.
1134 2268 1171 2300 Τ.
1197 2266 1252 2300 24.
1284 2267 1398 2307 (Text.
1428 2266 1504 2299 Vol.
1529 2267 1600 2300 VII.
1623 2275 1661 2309 p.

965 2317 1074 2358 240ss
1100 2311 1292 2360 Ἓφηβος.
1317 2315 1398 2349 ῙΔΟ
1428 2315 1661 2349 ΧΕΛΙΔΟΝ.

962 2363 1082 2412 Ἀνήρ.
1143 2366 1211 2399 ΝΕ
1255 2365 1355 2399 ΤΟΝ
1390 2364 1660 2399 ΗΕΡΑΚΑΕΑ.

966 2415 1076 2456 Παῖς.
1102 2414 1288 2448 HAYTEI.
1307 2411 1430 2462 Ἀνήρ.
1446 2413 1542 2449 ΕΑΡ
1553 2413 1660 2448 ΕΔΕ.

964 2466 1022 2498 Bis
1046 2465 1171 2498 Cicero
1194 2464 1289 2498 illam
1310 2466 1405 2498 veris
1421 2465 1580 2498 nuntiam
1594 2463 1663 2497 λα-

965 2512 1156 2559 λαγεῦσαν
1178 2516 1283 2548 vocat
1303 2515 1348 2547 ad
1359 2515 1428 2548 Att.
1443 2515 1475 2556 9,
1490 2515 1544 2548 48.
1559 2515 1594 2547 et
1607 2515 1660 2554 40,

964 2565 996 2597 2.
1024 2566 1143 2597 Horat.
1170 2565 1260 2607 Epp.
1286 2565 1324 2605 4,
1350 2565 1388 2605 7,
1415 2563 1473 2597 ⁴3:
1506 2564 1662 2598 CmZo-

960 2614 1078 2655 phyris
1087 2631 1122 2638 --
1130 2618 1161 2647 et
1174 2614 1350 2646 hirundine
1359 2614 1485 2655 prima.
1498 2630 1537 2637 —-
1547 2613 1662 2646 Tertia
1708 2624 1714 2661 ζ

965 2664 1119 2704 denique
1145 2665 1199 2696 est
1227 2662 1366 2697 fabulae
1395 2663 1509 2696 forma
1533 2662 1658 2705 odyss.
1705 2679 1708 2681 ·
