1722 2904
172 82 254 123 538

686 81 855 114 HORATlI
880 82 1104 115 CARMJNUM

657 457 1112 500 cmm-

342 593 481 644 Quem
512 597 579 639 tu,
614 589 903 647 Melpomene,
937 587 1072 631 semel

398 674 652 715 Nascentem
680 669 851 727 placido
881 669 1041 712 lumine
1071 667 1231 713 videris
1248 703 1257 719 ,

343 752 463 794 Illum
493 766 578 794 non
607 751 730 794 labor
759 749 959 794 Isthmius

400 832 586 876 Clarabit
615 831 824 889 pugilem,
858 844 943 874 non
975 844 1116 888 equus
1147 829 1328 888 impiger

342 939 479 982 Curru
510 938 639 981 ducet
667 936 852 980 Achaico

1593 936 1618 976 5

259 1084 315 1116 111.
340 1084 449 1115 Inscr.
475 1080 566 1122 volg.
590 1081 641 1113 Ad
662 1080 898 1121 Melpomenen.
926 1096 962 1103 -
988 1079 1039 1112 Aa
1059 1080 1194 1112 Musam
1215 1078 1273 1112 bc.
1302 1096 1339 1102 —
1374 1079 1425 1112 Ad
1446 1079 1575 1120 Melpo-

214 1141 330 1165 menen
350 1133 484 1165 Musam
507 1132 540 1164 S.
569 1147 605 1154 -
631 1130 755 1163 Achaio
778 1130 848 1170 c,F.
876 1129 1004 1171 (Ceteri
1027 1129 1098 1161 mei
1120 1128 1291 1171 Achaico.)

215 1263 272 1294 111.
313 1262 396 1294 Post
419 1259 547 1293 multas
570 1259 646 1292 illas
669 1268 712 1291 ac
735 1259 873 1291 diutur-

175 1320 239 1344 nas
274 1310 555 1343 obtrectatorum
595 1310 631 1341 et
670 1309 872 1350 iniquorum

174 1369 321 1393 suorum
338 1358 575 1391 cavillationes
591 1367 631 1391 se
647 1358 793 1390 tandem
807 1366 873 1389 ve-

172 1418 253 1441 rum
284 1411 390 1450 atque
421 1409 566 1440 unicum
596 1409 766 1440 Romanae
793 1407 873 1449 fidi-

171 1459 278 1491 ciuem
292 1459 387 1498 lyrae
402 1467 422 1489 a
439 1458 511 1490 suis
526 1455 757 1499 popularibus
773 1456 873 1497 agni-

174 1510 251 1539 tum
268 1516 347 1540 esse
364 1506 525 1539 laetatur.
547 1524 583 1529 —-
609 1507 781 1547 Tempus,
800 1514 872 1546 quo

172 1557 240 1588 hoc
258 1565 403 1588 carmen
421 1555 657 1596 compositum
673 1555 734 1595 sit,
760 1555 874 1587 incer-

174 1608 248 1638 tum
263 1607 328 1638 est.
351 1604 541 1637 Grotefend
556 1604 667 1636 refert
681 1604 727 1636 ad
743 1613 774 1636 a.
794 1604 868 1636 738.

222 1656 323 1687 1-5.
364 1655 585 1694 Melpomene]
627 1653 696 1686 Cfr.
728 1653 791 1686 Od.
826 1654 868 1693 ⁴,

172 1703 231 1742 24,
251 1704 282 1735 3.
309 1704 340 1743 3,
360 1703 419 1743 30,
439 1704 492 1735 ⁴6.
514 1721 549 1726 -
568 1703 870 1742 semel-wideris]

173 1754 349 1795 «primum
378 1754 485 1793 atque
514 1754 703 1794 propterea
732 1753 796 1791 ita,
833 1753 872 1783 ut

172 1802 266 1834 nulla
302 1802 367 1834 alia
398 1803 450 1834 vis
479 1801 641 1834 malefica
671 1803 703 1834 ei
726 1802 870 1834 obstare

174 1854 211 1883 et
232 1861 363 1884 nocere
385 1853 509 1893 postea
532 1852 676 1893 possit.»
704 1870 740 1874 -
767 1852 871 1884 Criti-

172 1910 252 1940 cus,
279 1902 339 1942 qui
362 1902 453 1933 hanc
477 1902 698 1934 notissimam
723 1910 872 1933 consue-

172 1950 332 1982 tudinem
355 1951 515 1983 Latinam
538 1960 571 1982 v.
598 1951 696 1983 semel
729 1951 871 1991 ignora-

172 2000 252 2039 bat,
279 2001 429 2033 coniecit
451 2001 559 2032 simul.
600 2002 650 2033 Tu
667 2000 728 2032 cfr.
747 2000 810 2032 Od.
830 2001 844 2032 ⁴
861 2026 867 2040 ,

172 2049 232 2088 ⁶24,
260 2049 311 2081 46.
344 2067 380 2072 -
401 2051 537 2090 placido
560 2050 701 2090 lumine]
734 2051 869 2088 «Quem

171 2101 208 2131 tu
232 2099 341 2131 oculis
364 2099 547 2132 benevolis
561 2100 676 2141 primo
699 2101 871 2141 temporis

171 2150 319 2189 puncto,
360 2157 431 2189 quo
466 2150 569 2181 natus
605 2150 676 2187 est,
713 2149 800 2190 (ipso
835 2150 868 2181 in

172 2198 381 2239 horoscopo)
407 2199 606 2240 aspexeris,
644 2199 673 2230 is
710 2198 869 2239 profecto

171 2255 353 2287 nunquam
383 2248 416 2278 in
447 2256 490 2279 eo
521 2246 736 2287 elaborabit,
774 2249 812 2279 ut
834 2248 869 2279 in

171 2298 387 2328 Graecorum
433 2296 524 2329 ludis
567 2296 719 2338 publicis
756 2297 870 2328 victor

172 2345 299 2376 evadat
347 2345 466 2386 (quem
507 2347 681 2378 honorem
716 2345 762 2377 illi
804 2347 870 2377 Ro-

170 2403 359 2426 manorum
408 2395 587 2436 triumpho
633 2395 866 2436 aequiparare

171 2443 362 2483 solebant),
387 2453 504 2485 neque
532 2446 570 2475 ut
597 2444 705 2476 rebus
732 2443 868 2477 bellicis

173 2492 287 2524 clarus
311 2492 371 2525 fiat
394 2502 436 2525 ac
460 2493 504 2525 de
530 2493 690 2525 hostibus
721 2493 868 2526 devictis

173 2542 399 2583 triumphet.»
420 2561 455 2566 --
479 2543 530 2574 De
553 2544 699 2583 aspectu
717 2543 866 2575 deorum

173 2592 289 2631 opinio
321 2594 374 2624 est
408 2592 662 2633 antiquissima.
723 2592 864 2624 Hesiod.

172 2640 299 2681 Thoog.
315 2642 351 2673 84
368 2651 372 2671 :
393 2636 542 2673 Ὅντινα
554 2639 763 2683 τιμήσουσι
776 2638 867 2682 Διὸς

921 1255 1058 1304 κοῦραι
1091 1254 1302 1301 μεςιάλοιο,
1349 1255 1409 1302 Τῷ
1441 1256 1515 1301 μὲν
1556 1256 1619 1292 ἐπὶ

921 1305 1078 1355 γλώσσῃ
1110 1305 1296 1355 γλυκερὴν
1328 1308 1503 1347 χείουσιν
1532 1303 1619 1341 ἀοι-

920 1355 1004 1401 δήν.
1051 1358 1150 1390 Pind.
1169 1356 1307 1400 Olymp.
1326 1358 1365 1397 7,
1384 1358 1442 1390 ⁴⁴:
1464 1351 1619 1391 “anon

921 1406 952 1439 δ’
977 1403 1096 1439 ἄλλον
1118 1404 1319 1440 ἐποπτεύει
1332 1403 1459 1453 Χάρις
1473 1405 1620 1449 ζωθάλ-

919 1467 1022 1499 μιος.
1047 1457 1195 1489 Theocr.
1213 1457 1252 1497 9,
1270 1456 1329 1490 35:
1356 1453 1427 1498 οὓς
1441 1453 1514 1503 γὰρ
1529 1452 1621 1504 6ρῆ-

919 1515 960 1538 τε
998 1504 1163 1548 (Μῶσαι)
1211 1503 1428 1546 Γαθεῦσω,
1476 1503 1553 1547 τώς
1589 1505 1619 1538 δ’

921 1551 1007 1588 οὔτι
1029 1552 1133 1598 ποτῷ
1156 1552 1355 1598 δαλήσατο
1377 1555 1511 1602 Κίρκα.
1557 1555 1619 1589 Al-

921 1606 1031 1647 ciphr.
1057 1605 1095 1645 3,
1125 1604 1190 1638 44:
1226 1601 1511 1652 εὖμενεστέροις
1543 1600 1619 1648 ὄμ-

919 1665 1040 1698 μασιν
1070 1653 1217 1687 ἐκεῖνον
1249 1651 1353 1688 εἶδον
1374 1655 1419 1688 αἱ
1437 1653 1615 1702 Χάριτες.

921 1702 980 1748 Τῷ
1003 1705 1217 1751 κυριωτέρῳ
1247 1714 1313 1738 usa
1335 1706 1391 1738 est
1412 1705 1553 1748 Sappho
1581 1705 1618 1746 in

919 1753 1022 1786 simili
1058 1755 1230 1786 sententia
1267 1754 1321 1787 Fr.
1358 1754 1423 1787 90:
1460 1753 1616 1796 (Musae)

919 1802 971 1836 Αἵ
990 1812 1040 1845 με
1061 1803 1192 1845 τιμίαν
1214 1802 1403 1847 ἐποίησαν
1415 1827 1425 1843 ,
1453 1798 1548 1850 ἔργα
1569 1798 1618 1835 τὰ

919 1849 1003 1892 σφὰ
1026 1851 1167 1885 δοῖσαι.
1196 1871 1233 1876 -
1260 1852 1356 1886 labor
1369 1853 1537 1894 Isthmius]
1561 1853 1618 1886 Sic

918 1911 1026 1943 saepe
1051 1902 1144 1944 apud
1167 1901 1359 1934 Pindarum
1381 1901 1427 1934 de
1448 1902 1504 1935 his
1524 1900 1616 1935 ludis

917 1949 1115 1994 κάματος,
1139 1948 1270 1992 πόνος.
1303 1952 1389 1984 Stat.
1407 1949 1489 1983 silv.
1507 1950 1546 1992 4,
1574 1950 1614 1992 4,

918 2001 977 2033 3⁴:
1002 2000 1074 2032 Elei
1096 2000 1236 2033 labores.
1267 2019 1304 2023 —
1329 1999 1490 2041 clarabit]
1520 1998 1617 2032 «cla-

917 2058 998 2082 rum
1013 2049 1157 2089 reddet,
1182 2049 1406 2089 illustrabitn
1432 2049 1618 2083 ‹nobilita-

917 2099 999 2132 tis».
1029 2099 1151 2131 Senon.
1183 2098 1341 2131 Verbum
1363 2100 1418 2132 est
1439 2099 1616 2141 antiquius

918 2158 960 2181 ac
975 2149 1166 2190 poeticum.
1191 2167 1227 2172 —
1248 2148 1360 2188 ducet]
1385 2148 1560 2181 «reducet
1580 2148 1616 2180 in

916 2199 1106 2239 patriam,»
1131 2197 1194 2229 Od.
1212 2196 1245 2237 4,
1263 2198 1303 2238 2,
1322 2198 1380 2236 ⁴7;
1406 2197 1614 2239 neutiquam

916 2255 1002 2279 vero
1026 2255 1110 2279 cum
1132 2246 1227 2279 aliis:
1261 2247 1316 2279 «in
1338 2247 1416 2288 ipso
1440 2245 1615 2279 curriculo

916 2297 1087 2328 victorem
1103 2296 1266 2329 reddet.»
1286 2314 1322 2319 —
1339 2295 1493 2336 Achaico]
1517 2296 1615 2328 Tunc

917 2347 989 2378 tota
1013 2347 1158 2378 Graecia
1182 2355 1203 2378 a
1226 2346 1391 2379 Romanis
1413 2345 1543 2378 Achaia
1559 2353 1616 2378 so-

917 2394 1013 2427 lebat
1046 2394 1227 2437 appellari.
1274 2396 1351 2427 Non
1385 2395 1441 2428 est
1471 2403 1535 2427 cur
1567 2394 1615 2427 ad

916 2445 1100 2476 victoriam
1116 2444 1300 2476 dumtaxat
1310 2443 1529 2485 Olympicam
1546 2443 1615 2476 hoc

916 2493 1131 2533 referamus,
1157 2493 1221 2526 sed
1242 2493 1436 2534 generatim
1460 2492 1615 2535 loquitur

917 2543 961 2576 de
985 2543 1075 2576 ludis
1099 2543 1267 2576 Graeciae
1289 2541 1451 2585 publicis.

959 2593 1032 2625 6-8.
1060 2593 1163 2625 Deliis
1176 2610 1191 2616 -
1199 2592 1299 2634 soliis]
1315 2591 1433 2625 «lauro
1447 2590 1613 2634 Apollinis

915 2643 949 2674 in
981 2641 1065 2674 Delo
1097 2641 1207 2674 insula
1231 2642 1338 2674 nati.»
1358 2659 1394 2664 —
1412 2640 1610 2680 contuderit]
