1722 2904
169 67 254 109 556
685 68 856 101 HoRATn
881 67 1110 101 CARMJNUM

164 162 327 201 primam,
353 169 461 202 quam
485 161 630 193 Romani
654 161 929 202 reportaverint,
955 170 999 193 ex
1022 169 1093 201 quo
1116 158 1288 192 Hannibal
1312 160 1346 192 in
1362 159 1497 194 Italiam
1512 161 1618 193 venit.

170 216 276 257 Atqui
291 217 430 248 constat
445 225 488 248 ex
503 216 673 256 historiis,
692 216 763 248 iam
779 225 810 248 a.
831 225 864 248 u.
884 225 914 248 c.
933 215 1009 248 539.
1028 217 1065 248 et
1080 215 1220 248 duobus
1236 215 1469 257 sequentibus
1485 217 1621 249 Poenos

169 280 189 303 a
212 273 257 305 M.
285 270 430 304 Claudio
454 270 617 305 Marcello
639 274 804 313 praetore
827 270 922 313 apud
953 270 1077 303 Nolam
1100 271 1208 304 fuisse
1231 271 1447 313 profligatos.
1494 271 1621 304 Clades

169 328 265 369 apud
287 328 485 361 Metaurum
510 326 645 369 {accidit
667 335 699 359 a.
725 336 760 359 u.
787 336 820 359 c.
848 326 923 360 547.
971 326 1158 360 Marcellus
1181 327 1296 368 prima
1319 327 1466 359 victoria
1489 327 1620 360 Nolana

169 383 290 415 docuit
312 381 545 415 Hannibalem
568 383 660 415 vinci
683 391 807 424 posse,
834 391 948 423 eaque
972 391 1032 415 res
1056 382 1238 422 Romanis,
1265 382 1310 414 de
1333 391 1373 415 re
1389 391 1530 416 summa
1545 383 1620 415 fere

168 439 239 470 iam
273 438 564 480 desperantibus,
607 439 764 470 animum
797 437 961 470 reddidit.
1011 439 1135 478 Itaque
1169 438 1324 470 historici
1359 437 1436 471 dies
1468 437 1621 471 Nolanos

167 493 286 527 multis
320 493 484 526 laudibus
519 493 802 526 celebraverunt.
856 494 928 525 Liv.
960 493 1019 533 23,
1058 493 1111 525 46.
1141 492 1258 526 Valer.
1281 487 1378 527 Max.
1404 494 1441 534 4,
1478 494 1510 526 6.
1557 495 1621 527 At-

167 557 238 590 que
267 550 332 582 ista
361 550 507 581 victoria
537 548 669 581 Nolana
697 551 769 581 tam
799 548 930 581 crebro
954 550 990 580 et
1020 550 1119 589 grato
1142 549 1301 582 omnium
1323 557 1490 582 sermone
1513 559 1620 583 usur-

165 605 337 646 pabatur,
377 606 418 637 ut
450 605 712 646 propemodum
747 613 805 637 res
839 605 874 636 in
908 603 1140 646 proverbium
1173 603 1310 637 abierit.
1359 605 1433 638 Cic.
1463 606 1559 638 Brut.
1585 605 1616 638 3.

167 660 372 701 Hieronym.
398 661 462 701 ΕΡ.
488 660 542 692 7.»
586 661 654 692 ΗΡ.

252 716 400 755 Verum,
426 716 465 747 ut
487 724 579 756 quae
603 715 759 747 historici
782 716 865 747 sunt
886 715 1084 756 argumenti
1107 716 1142 747 in
1166 715 1234 748 hac
1257 715 1484 748 adnotatione
1500 717 1618 749 omnia

167 771 424 811 concedamus,
450 771 572 812 quidni
596 771 777 810 Horatius,
803 770 890 802 dum
914 770 1078 803 Claudios
1102 772 1262 803 Nerones
1284 771 1452 813 patricios
1468 773 1618 805 summis

165 825 330 859 laudibus
354 826 503 865 extollit,
530 827 574 858 M.
601 825 788 858 Claudium
811 825 1016 859 Marcellum
1038 826 1219 868 plebeium
1241 827 1480 868 praeteriens,
1511 836 1619 869 prae-

166 881 299 914 claram
334 881 429 914 illam
461 882 646 914 victoriam
676 891 695 913 a
729 882 767 914 C.
794 881 940 914 Claudio
971 883 1110 914 Nerone
1143 891 1187 914 ex
1217 882 1438 915 Hasdrubale
1470 882 1619 916 relatam

165 938 321 979 prImam
349 937 408 969 tali
436 938 579 969 nomine
607 946 694 970 vere
717 937 861 978 dignam
882 946 1012 971 vocare
1036 938 1217 979 potuerit?
1261 939 1365 980 Apud
1386 940 1530 981 poetam
1552 947 1618 971 au—

166 993 239 1025 tem
262 992 414 1033 lyricum
435 993 471 1024 in
494 993 741 1025 huiuscemodi
765 992 937 1035 exemplis
962 1002 1005 1026 ex
1020 994 1246 1035 antiquitate,
1271 1002 1343 1026 non
1359 1003 1402 1026 ex
1415 995 1617 1036 praesentia

165 1049 322 1089 repetitis
344 1048 500 1080 historici
524 1049 704 1090 scriptoris
728 1050 990 1082 accurationem
1020 1058 1165 1091 semper
1192 1050 1376 1091 requirere
1405 1059 1533 1084 sanum
1562 1050 1618 1082 in-

165 1105 360 1145 terpretem
382 1102 505 1144 valde,
532 1105 672 1146 opinor,
698 1105 861 1138 dedecet.

567 1297 1062 1335 Excunsus
1113 1299 1197 1334 ΙΙΙ.

736 1398 787 1428 An
810 1406 866 1429 vv.
893 1397 929 1429 6⁴
941 1396 1035 1430 —64.

248 1477 347 1509 Hanc
369 1477 552 1518 stropham
574 1476 620 1509 ab
644 1477 794 1510 Hosman
816 1477 1059 1519 Peerlkampio
1082 1486 1154 1510 non
1179 1477 1423 1511 addubitatam
1445 1487 1510 1521 pro
1525 1478 1613 1511 sub—

162 1531 268 1564 ditiva
283 1532 407 1564 hahuit
422 1533 493 1564 iam
510 1533 548 1565 C.
567 1533 605 1565 L.
623 1533 765 1573 Struve,
784 1533 965 1574 professor
980 1534 1294 1574 Regiomontanus,
1313 1534 1348 1566 13
1364 1534 1612 1576 scriptiuncula

161 1587 207 1619 ad
231 1588 270 1620 G.
296 1589 332 1619 L.
359 1587 587 1621 Klausenium
617 1588 713 1621 4836.
740 1589 864 1621 missa:
901 1588 946 1621 ab
982 1589 1095 1622 otioso
1131 1590 1226 1622 enim
1260 1590 1496 1623 Grammatico
1532 1599 1612 1623 eam

160 1642 372 1675 inculcatam
396 1653 495 1683 esse,
527 1645 587 1684 qui
609 1644 718 1676 animi
741 1653 848 1677 causa
872 1645 923 1677 sic
947 1645 1090 1689 Hydrae
1115 1646 1151 1678 et
1171 1643 1356 1692 Σπαρτῶν
1379 1645 1514 1679 fabulas
1538 1647 1612 1678 tra-

161 1700 256 1730 ctare
280 1698 441 1730 voluerit.
484 1700 605 1739 (Nemo
622 1701 742 1732 autem
759 1701 914 1732 atrocius
937 1701 972 1732 in
988 1702 1056 1733 hoc
1073 1709 1218 1733 carmen
1235 1703 1414 1742 grassatus
1430 1703 1484 1734 est
1502 1710 1611 1743 quam

160 1754 284 1787 Martin
306 1755 357 1787 De
379 1755 506 1794 aliquot
526 1756 660 1787 Horatii
682 1755 892 1788 Carminibus
909 1756 1053 1798 (Posen.
1079 1755 1188 1798 ⁴844.)
1213 1765 1249 1798 p.
1277 1757 1322 1789 XI
1349 1766 1418 1798 sq„
1457 1758 1517 1799 qui
1540 1766 1610 1790 non

161 1808 275 1841 solum
295 1819 377 1842 cum
393 1809 636 1851 Peerlkampio
655 1819 777 1843 versus
793 1812 825 1843 2.
844 1811 876 1843 3.
894 1810 926 1844 4.
945 1812 977 1844 6.
997 1811 1113 1844 ⁴8-22.
1133 1811 1169 1844 4⁴
1177 1811 1250 1845 -48.
1269 1812 1402 1852 73—76.,
1420 1813 1486 1846 sed
1502 1814 1610 1846 etiam

159 1873 215 1896 vv.
241 1865 358 1897 29-36.
385 1865 502 1898 65-68.
529 1865 720 1898 eiiciendos
745 1865 892 1907 censet.)

246 1921 337 1952 Sane
371 1920 525 1953 notabile
561 1923 615 1954 est
648 1930 773 1954 versus
807 1923 889 1954 ante
924 1922 1093 1954 Criticum
1128 1922 1339 1956 Leidensem
1367 1924 1450 1955 huic
1471 1924 1527 1957 vel
1562 1924 1608 1957 illi

158 1977 363 2016 suspectos,
391 1977 508 2009 Carm.
528 1977 565 2017 3,
593 1978 651 2017 47,
678 1978 751 2009 5-8.
770 1977 809 2016 4,
835 1977 873 2016 4,
900 1978 1031 2017 48-22.‚
1056 1977 1196 2018 itidem,
1220 1979 1259 2010 ut
1275 1978 1360 2018 hos,
1379 1978 1608 2020 mythologici

158 2039 238 2063 csse
263 2033 460 2072 argumenti
485 2035 521 2064 et
549 2034 624 2065 sine
648 2042 777 2073 magno
806 2033 1003 2065 carminum
1026 2033 1239 2066 detrimento
1262 2032 1372 2065 deleri
1397 2042 1516 2075 posse.
1564 2036 1608 2067 At

157 2095 243 2118 vero
277 2087 431 2119 invicem
461 2097 542 2120 sese
572 2088 785 2128 defendunt,
822 2097 904 2120 cum
933 2088 1177 2121 demonstrent
1210 2089 1342 2121 Horatii
1377 2098 1515 2122 morem
1540 2089 1606 2132 (alii

158 2141 277 2173 dicent
298 2143 431 2183 vitium)
457 2143 582 2182 fu1sse,
617 2143 932 2176 Alexandrinorum
955 2153 1067 2185 prope
1090 2145 1158 2176 ritu
1181 2145 1214 2176 in
1238 2143 1319 2176 talia
1341 2145 1518 2178 interdum
1543 2155 1605 2178 ex-

158 2198 339 2237 spatiandi.
369 2198 437 2231 Cfr.
465 2200 571 2231 etiam
595 2200 851 2232 Wuestemann
875 2199 920 2231 ad
947 2200 1066 2231 Horat.
1093 2200 1161 2231 Sat.
1188 2200 1225 2239 2,
1253 2200 1289 2240 4,
1315 2200 1368 2233 35.
