1722 2904
527 60 605 93 Lm.
630 59 687 92 111.
733 59 772 92 C.
797 59 912 92 XXIV.

1425 57 1508 100 479

177 165 356 209 Vincunt
386 177 577 222 aequora
605 163 799 212 navitae,

229 246 428 303 Magnum
456 244 689 302 pauperies
717 242 998 300 opprobrium
1027 242 1147 287 iubet

174 325 355 379 Quidvis
384 331 427 369 et
454 324 597 368 facere
626 331 669 368 et
698 324 786 382 pati

229 405 491 463 virtutisque
519 406 632 448 viam
661 404 823 448 deserit
853 403 1016 447 arduae
1027 405 1049 446 ⁸?

173 510 248 555 Vel
275 525 355 554 nos
384 511 427 553 in
456 509 735 568 Capitolium,

230 592 326 644 Quo
356 590 519 635 clamor
546 597 671 635 vocat
698 598 741 635 et
769 591 893 635 turba
924 591 1172 641 faventium,

172 671 247 716 Vel
276 685 355 715 nos
385 672 427 714 in
459 685 578 715 mare
611 671 856 729 proximum

148 815 203 850 44.
228 816 376 849 descrere
397 814 576 848 Bentleius
600 815 691 847 coni.
721 834 756 838 —
783 815 836 848 47.
861 824 958 848 mare
973 815 1144 856 publicum
1166 817 1204 849 C.

61 939 194 972 laribus
227 940 302 972 suis
336 939 519 981 optionem
542 939 625 971 dat:
666 937 755 971 «Vel

62 997 123 1022 eas
146 989 181 1021 in
202 989 295 1021 Iovis
318 988 502 1031 Capitolini
525 988 668 1028 cellam,
700 988 756 1021 dis

61 1037 319 1072 immortalibus
341 1038 552 1078 sacrandas,
591 1038 755 1071 humanis
806 1038 850 1070 tis

59 1087 185 1120 usibus
207 1087 414 1120 eximendas
437 1089 731 1129 comportemus»
745 1113 753 1126 ‚

62 1136 169 1179 (quod
191 1145 226 1169 v.
251 1135 465 1169 eliciendum
495 1145 515 1169 e
538 1145 614 1178 seq.
638 1137 756 1168 mitta-

59 1185 176 1228 mus,)
223 1194 352 1227 «quam
389 1186 539 1218 divitum
584 1194 754 1228 pompam

59 1234 151 1268 ultro
180 1244 268 1277 opes
295 1231 380 1268 suas
407 1236 480 1268 Iovi
514 1235 754 1268 dedicantium

60 1287 231 1326 sequetur
244 1285 351 1318 totius
365 1283 486 1326 populi
499 1285 647 1318 Romani
661 1284 755 1318 mul-

60 1334 172 1366 titudo
194 1334 309 1367 fausto
332 1333 487 1367 clamore
511 1336 584 1367 tam
607 1343 755 1376 magna-

60 1384 157 1416 nimo
187 1382 332 1416 consilio
358 1382 590 1426 applausum,
630 1393 755 1426 quem-

60 1432 255 1466 admodum
291 1432 383 1466 solet
419 1433 752 1475 triumphantibus.»

62 1482 186 1514 «Vocat
199 1481 335 1515 elamor
357 1482 483 1515 turbae
506 1482 654 1516 faventis
678 1484 754 1525 (pro

61 1539 132 1572 quo
165 1531 271 1564 docte
305 1533 382 1571 est,
432 1532 560 1565 clamor
593 1536 623 1564 et
656 1532 756 1564 turba

58 1580 279 1622 succutiunt),
309 1582 396 1614 dum
423 1583 538 1623 praeit
559 1590 752 1624 pompam;

61 1630 166 1671 eique
196 1630 309 1671 favet,
334 1630 403 1662 hoc
426 1632 499 1671 est,
534 1630 757 1664 acclamatio-

61 1679 166 1712 nibus
198 1679 358 1712 favorem
391 1680 544 1722 prodit.»
588 1681 753 1717 Musca:

58 1730 173 1771 favero
203 1729 250 1762 de
282 1728 383 1762 laetis
417 1729 753 1770 acclamationibus,

60 1780 100 1811 ut
120 1779 192 1811 Liv.
218 1779 258 1819 4,
277 1779 337 1811 ⁴2:
377 1782 408 1811 et
429 1780 484 1812 illc
505 1780 655 1820 quidem,
692 1780 756 1811 ad—

59 1828 233 1860 nuentibus
252 1837 294 1860 ac
314 1829 507 1861 vocantibus
527 1830 617 1870 suis,
640 1830 757 1871 favore

59 1877 241 1910 multon-tm·
261 1878 374 1910 addito
397 1879 511 1911 animo
534 1879 654 1911 evadit.

103 1926 159 1959 47.
183 1926 238 1960 48.
277 1927 332 1960 Vel
351 1927 430 1970 nos]
468 1927 550 1960 «Vel
573 1936 755 1961 summum

61 1976 262 2011 divitiarum
306 1978 551 2019 contemptum
595 1978 757 2011 testaturi

62 2034 207 2059 causam
229 2027 266 2059 ct
286 2028 473 2060 materiem
494 2027 671 2060 malorum
687 2036 756 2060 no-

62 2076 219 2109 strorum
244 2076 282 2108 in
299 2078 408 2109 'mare
438 2077 691 2118 demergamus
721 2078 757 2109 et

62 2125 208 2166 quidem
240 2126 277 2158 in
302 2127 501 2167 praa-imum
532 2135 644 2166 mare,
684 2135 755 2168 quo

62 2174 164 2207 citius
179 2183 260 2207 eam
275 2176 311 2207 in
325 2176 582 2217 sempiternum
593 2184 758 2208 amovea-

26 2253 29 2254 .
61 2231 175 2256 mus.»
213 2225 452 2257 Romanorum
475 2220 596 2258 autem
617 2225 755 2257 divitias

62 2273 110 2304 ita
152 2276 340 2315 exaggerat
376 2273 472 2307 Philo
516 2274 552 2306 in
590 2275 670 2315 Leg.
710 2274 756 2306 ad

63 2322 187 2354 Caium
207 2332 243 2364 p.
268 2323 322 2356 97.
349 2324 463 2365 Lips.:
511 2323 552 2355 οἱ
571 2323 612 2356 ἐν
630 2320 755 2369 Ῥώμῃ

62 2371 127 2403 καὶ
160 2371 201 2403 οἱ
220 2371 261 2404 ἐν
283 2371 329 2418 τῇ
354 2368 451 2419 ἄλλῃ
471 2369 629 2416 Ἰταλία,
669 2374 755 2418 παρ’

63 2415 122 2461 οἷς
153 2415 319 2468 ἄργυρος
351 2422 417 2454 καὶ
450 2418 596 2479 χρυσὸς
623 2421 757 2464 ἐτεθη-

64 2467 248 2526 σαύριστο
262 2469 469 2512 τοσοῦτος,
490 2480 589 2503 ωστε
609 2472 644 2503 εἰ
657 2468 757 2514 σύμ-

65 2529 139 2560 πας
161 2515 184 2551 ὁ
207 2517 247 2561 ἐξ
269 2515 424 2562 ἁπάσης
446 2518 516 2562 τῆς
547 2516 666 2563 ἄλλης
699 2521 757 2552 οἰ-

65 2569 255 2612 κουμένης
297 2566 376 2601 ἀπὸ
419 2567 590 2616 περάτων
630 2566 757 2603 αὐτῶν

66 2618 330 2661 συνενεχθειη,
366 2617 491 2662 πολλῷ
514 2617 757 2652 καταδεέστε-

805 948 873 985 ρος
887 934 938 971 ἂν
953 934 1168 985 εὑρεθῆναι.
1187 957 1223 962 —
1242 939 1396 972 Gemmas
1410 944 1441 973 et
1451 941 1507 973 la-

799 989 905 1031 pices]
922 988 985 1022 Ubi
1000 989 1091 1022 haec
1106 998 1165 1021 vv.
1180 990 1372 1030 iunguntur
1385 999 1407 1022 a
1421 993 1507 1032 poe-

861 1063 869 1077 ,
900 1037 1112 1080 plerumque
1135 1047 1285 1080 yemmcae
1307 1039 1507 1080 significant

804 1087 941 1130 lapides
965 1088 1160 1129 pretiosos,
1185 1087 1319 1130 (magii
1339 1089 1505 1131 acumem

804 1137 930 1178 lapides
943 1145 1030 1169 vero
1046 1137 1196 1170 uniones
1210 1139 1503 1180 margaritasque.

805 1187 861 1219 Sic
888 1188 985 1219 certe
1017 1186 1116 1219 Ovid.
1150 1186 1196 1219 de
1225 1187 1416 1220 medicam.
1451 1188 1507 1220 fa-

805 1236 872 1268 ciei
886 1245 920 1268 v.
938 1236 1000 1268 20:
1026 1235 1245 1276 Conspicuam
1259 1238 1398 1278 gemmis
1409 1238 1507 1270 voltis

802 1286 923 1318 habere
935 1294 1074 1318 manum
1086 1295 1098 1317 .·
1120 1286 1262 1318 Induitis
1275 1286 1358 1318 collo
1377 1287 1506 1328 lapides

805 1336 936 1368 Oriente
953 1339 1109 1376 paratos.
1135 1334 1281 1368 Martial.
1301 1336 1337 1368 Η
1352 1362 1359 1375 ,
1377 1337 1438 1376 50,
1456 1336 1501 1370 4:

804 1385 944 1418 Gemma
974 1385 1026 1417 vel
1057 1394 1081 1416 a
1110 1385 1213 1426 digito
1234 1385 1288 1417 vel
1308 1386 1400 1417 cadit
1420 1395 1507 1419 aure

803 1434 899 1474 lapis.
935 1435 1024 1466 Item
1039 1434 1126 1475 lapis
1139 1434 1327 1467 manifesto
1344 1434 1390 1467 de
1406 1443 1505 1467 mar-

804 1483 914 1524 garita
937 1484 1062 1516 Senec.
1088 1482 1226 1525 Hippol.
1250 1483 1337 1516 392:
1367 1493 1428 1517 nec
1449 1485 1506 1516 m·—

802 1541 882 1564 veus
918 1533 1005 1574 lapis
1040 1533 1193 1566 Deducat
1229 1541 1346 1573 aures,
1399 1534 1506 1566 Indici

805 1582 928 1614 donum
948 1582 1066 1614 maris.
1113 1581 1215 1614 Silius
1239 1583 1293 1622 ⁴2,
1311 1582 1392 1615 230:
1417 1583 1506 1615 miro

805 1632 963 1663 candoris
982 1632 1107 1664 honore
1132 1633 1233 1664 Lucet
1254 1632 1291 1664 in
1312 1641 1397 1665 aure
1418 1633 1506 1673 lapis

804 1681 916 1713 vmbris
937 1682 1092 1713 advectus
1113 1681 1156 1713 ab
1178 1682 1257 1713 oris.
1297 1681 1389 1714 Alibi
1410 1691 1505 1724 yem-

804 1739 880 1762 mac
912 1730 1063 1763 uniones
1094 1730 1292 1771 significare
1323 1731 1502 1772 videntur,

805 1780 872 1813 nisi
894 1779 985 1812 forte
1008 1780 1144 1821 antiqui
1165 1789 1205 1812 re
1228 1789 1315 1812 vera
1338 1781 1505 1813 credide—

805 1830 876 1862 rint
898 1830 1006 1862 etiam
1027 1829 1269 1869 sardonychas,
1294 1831 1503 1871 maraydos,

806 1880 1023 1918 adamantus,
1055 1878 1206 1918 iaspidas
1233 1879 1344 1920 (Mart.
1369 1880 1411 1919 5,
1436 1880 1503 1920 Η.)

806 1937 825 1960 a
860 1928 951 1960 mari
984 1928 1124 1969 exspui,
1174 1928 1215 1959 ut
1251 1927 1425 1969 colligitur
1460 1937 1505 1961 ex

806 1977 926 2010 Curtio
949 1976 988 2016 8,
1006 1976 1045 2018 9,
1064 1976 1128 2009 ⁴9:
1154 1976 1310 2009 Gemmas
1329 1979 1506 2019 margari-

804 2030 920 2067 tasque
940 2035 1036 2059 mare
1058 2026 1209 2059 litoribus
1230 2027 1389 2068 infimdit.
1425 2027 1501 2061 Tib.

805 2074 843 2115 4¹,
860 2077 900 2116 2,
918 2076 983 2108 ⁴9:
1007 2076 1504 2118 thaascunqueniqermbro

806 2126 845 2159 dc
866 2126 962 2158 litore
982 2134 1131 2167 gemmas
1149 2126 1328 2159 Proximus
1339 2126 1420 2159 Eois
1434 2128 1505 2159 col-

804 2176 878 2217 ligit
907 2175 1008 2207 Indus
1040 2175 1147 2215 aquis.
1194 2176 1354 2218 propert.
1382 2177 1422 2217 4,
1448 2175 1502 2216 ⁴4,

806 2226 865 2257 ⁴2:
904 2225 949 2256 Et
981 2225 1103 2266 leyitur
1133 2224 1246 2257 rubris
1276 2234 1409 2267 gemma
1441 2226 1502 2257 sub

806 2274 1014 2313 aequoribus,
1048 2274 1088 2313 3,
1117 2273 1158 2313 4,
1186 2275 1229 2306 2:
1272 2275 1460 2316 yermniferi
1484 2294 1505 2300 -

804 2323 921 2355 maris.
961 2322 1105 2356 Martial.
1135 2324 1173 2363 8,
1198 2323 1259 2363 28,
1289 2323 1352 2356 ⁴4:
1378 2324 1505 2356 tibi--

806 2373 902 2406 Cedet
923 2373 1118 2412 Erythraeis
1137 2376 1236 2405 cruta
1248 2382 1381 2414 yemma
1393 2374 1501 2406 vadis.

807 2421 987 2454 Claudian.
1023 2423 1060 2454 L.
1096 2423 1250 2455 Serenae
1287 2423 1430 2463 reginae
1466 2431 1501 2455 v.

806 2471 869 2504 74:
906 2471 1071 2504 Cantaber
1101 2472 1250 2504 Oceanus
1277 2473 1387 2504 vicino
1409 2472 1505 2504 litore
1520 2475 1531 2481 “

805 2530 953 2563 gemmas
982 2522 1137 2562 Exspuit.
1184 2521 1285 2553 Idem
1318 2522 1353 2553 in
1388 2521 1500 2553 Rufin.

808 2571 821 2602 l
839 2596 846 2610 ,
879 2571 961 2603 386:
992 2574 1196 2613 pontumque
1213 2580 1278 2611 per
1299 2579 1428 2602 omnm
1449 2571 1505 2602 Ri-

806 2620 924 2652 debunt
966 2621 1086 2653 virides
1125 2622 1262 2662 yemmis
1298 2619 1503 2652 nascentibus
