1722 2904
34 708 37 710 ’
102 726 173 756 tum
192 723 339 764 Ρωηροᾶι·
358 723 487 763 Mami.

584 86 719 119 LIBER.
767 85 898 118 CARM.
924 85 977 117 IV.

1418 81 1499 122 665

553 373 1000 416 cmxv.

285 474 415 531 Lupis
445 480 486 517 et
516 474 636 530 agnis
666 481 824 531 quanta
854 473 1003 516 sortito
1033 471 1202 529 obtigit,

339 556 497 598 Tecum
526 554 626 596 mihi
656 554 872 597 discordia
902 561 988 604 est,

145 675 201 706 lv.
226 674 336 706 Inscr.
360 672 452 714 volg.
478 674 515 705 ln
539 674 685 706 Gnaeum
706 674 896 714 Pmnpeiwm
918 674 1052 705 Menam
1077 672 1132 706 vel
1154 674 1191 706 In
1206 674 1341 706 Menam
1363 673 1459 705 liber-

525 740 562 746 —
598 723 636 754 In
659 723 799 755 Sextum
819 723 1008 762 Pompeium
1040 722 1193 756 libertum
1223 723 1257 756 d.
1305 724 1376 764 Ego
1401 723 1456 755 in-

103 772 317 814 sci-ipserum
338 773 377 804 In
403 773 538 804 Vedium
559 773 692 813 Rufum.
740 771 828 804 Vide
851 771 1029 804 Adnotatt.

101 870 158 903 1v.
183 872 223 903 In
246 870 437 904 codicibus
452 870 594 903 duobus
610 871 713 902 Bern.
728 871 754 902 B

60 921 97 952 et
124 928 157 960 c,
192 920 228 952 in
255 919 508 961 Bambergensi
541 928 612 951 uno
649 921 755 960 atque

60 967 215 1001 Oberlini
240 970 267 1002 B
290 978 433 1010 unoque
456 970 542 1002 item
572 970 674 1007 Feae,
699 967 756 1000 vel

63 1017 231 1051 confusae
247 1019 329 1051 sunt
343 1018 435 1051 duae
452 1019 613 1051 diversae
637 1019 758 1050 inscri-

61 1067 201 1109 ptiones
225 1067 284 1100 vel
313 1070 395 1102 ante
423 1067 598 1108 syllabam
630 1068 672 1099 Ve
694 1076 756 1099 ex-

61 1116 146 1149 cidit
176 1117 244 1150 vel:
286 1117 316 1158 4)
347 1118 394 1149 ad
430 1117 569 1149 Sea-tima
602 1118 755 1156 Menam,

58 1166 204 1206 Pompeii
226 1165 396 1205 libertum
421 1166 453 1207 2)
480 1167 615 1198 Vedium
637 1166 757 1206 Rufum

59 1224 106 1248 ex
125 1215 279 1248 senatum
299 1216 448 1248 miratur
468 1224 648 1256 usurpasse
663 1223 759 1255 eque-

60 1267 163 1297 sto-om
184 1265 378 1306 &quitatem
407 1273 510 1304 usque
532 1266 578 1296 ad
603 1264 758 1296 tribaema-

59 1317 130 1346 tum
163 1314 354 1347 militarem.
400 1314 450 1355 (C.
479 1315 596 1346 Vedius
627 1314 759 1355 Rufus

62 1364 118 1396 est
149 1363 244 1405 apud
277 1365 399 1397 Mutat.
434 1364 538 1404 2076,
576 1365 628 1396 40.
668 1365 757 1404 Ergo

62 1413 132 1445 hoc
154 1421 194 1445 re
215 1421 301 1445 vera
323 1413 516 1446 Vediorum
539 1412 684 1446 alicuius
707 1413 759 1445 fa-

61 1461 178 1495 miliae
194 1462 259 1494 fuit
274 1462 496 1503 cognomen.)
520 1464 655 1495 Mature
672 1471 757 1495 sane

61 1512 272 1553 interpretes
303 1512 476 1553 cogitasse
505 1512 671 1544 videntur
702 1511 758 1543 alii

60 1561 106 1594 de
129 1561 208 1593 Sem.
232 1562 333 1594 Mena
363 1561 410 1602 (id
436 1563 507 1600 est,
543 1561 755 1599 menodoro,

59 1612 99 1643 ut
133 1610 282 1651 Apollo&
328 1610 584 1652 Apollodorus,
632 1612 756 1649 Lucas,

59 1660 263 1700 Lucanus),
308 1661 387 1692 Sex.
428 1661 585 1702 Pompeii
630 1659 757 1692 liberto

61 1707 135 1749 (Od.
160 1708 200 1748 3,
226 1709 285 1749 ⁴6,
310 1710 363 1741 ⁴5.
389 1710 588 1742 Comment.
614 1709 758 1749 Cruquii

61 1757 107 1790 ad
140 1758 175 1790 h.
200 1757 260 1799 1.),
299 1757 356 1790 alii
388 1759 433 1791 de
474 1759 568 1790 Vedio
600 1759 757 1799 quodam

58 1806 162 1847 Rufo,
199 1806 340 1839 aliunde
363 1808 508 1848 quidem
534 1807 630 1839 haud
654 1810 755 1846 noto,

59 1863 186 1887 verum
209 1864 301 1896 quae
332 1865 486 1897 persona
511 1857 592 1897 fingi
615 1857 758 1888 omnino

60 1913 131 1937 non
146 1905 277 1948 potuit,
301 1907 407 1947 atque
423 1904 480 1937 vel
498 1905 628 1937 idcireo
643 1905 760 1937 verior

60 1954 201 1987 videtur
214 1979 222 1994 ‚
247 1963 356 1995 quam
372 1955 451 1986 Sex.
470 1955 602 1986 Menas.
627 1955 670 1986 Et
691 1954 760 1985 hoc

61 2004 200 2036 rectum
222 2004 325 2044 puto,
357 2012 428 2044 quo
452 2002 555 2035 simul
578 2002 633 2034 illa
658 2011 760 2034 amo-

60 2053 165 2085 vetur
186 2051 389 2091 difficultas,
422 2052 602 2093 quomodo
630 2053 757 2091 Menas,

42 2100 135 2133 :dux
169 2100 335 2134 classium
370 2101 682 2142 Pompeianarum,
722 2110 756 2132 v

0 2152 1 2155 ’
60 2151 117 2183 20.
144 2150 264 2182 vocari
295 2150 451 2191 potuerit
485 2150 635 2182 tribunus
669 2150 760 2182 mili-

61 2202 144 2231 tum.
188 2200 303 2239 Atque
348 2199 438 2230 haec
482 2198 624 2230 videtur
668 2199 760 2230 anti-

806 870 949 902 ἱππέων
964 869 1072 910 τέλος
1083 868 1310 916 ἐσέγραψεν.
1327 871 1498 904 Diocass.

805 918 863 957 48,
889 918 943 952 45.
991 920 1042 951 De
1068 919 1248 952 tribunatu
1270 918 1419 952 militum
1441 928 1502 951 au-

805 969 878 999 tem
895 967 1057 1000 dubitare
1079 967 1174 1000 licet.
1213 970 1401 1010 Nunquam
1414 976 1501 1000 vero

804 1016 1006 1048 huiusmodi
1035 1025 1180 1049 carmen
1210 1018 1246 1050 in
1272 1016 1394 1050 fictam
1416 1026 1501 1059 per-

805 1073 930 1097 sonam
953 1065 1061 1097 scribi
1084 1066 1218 1107 potuit,
1254 1066 1291 1098 id
1313 1066 1411 1107 quod
1432 1075 1502 1098 nu—

805 1122 870 1154 per
893 1114 1038 1154 quidam
1061 1114 1279 1146 contendere
1295 1123 1405 1147 ausus
1421 1114 1500 1154 est.)

806 1163 1049 1204 compositum
1094 1172 1175 1195 esse
1219 1163 1361 1196 videtur
1401 1173 1435 1195 a.
1464 1173 1499 1195 u.

806 1212 882 1244 746.
917 1231 952 1234 -
996 1211 1151 1244 Similem
1186 1214 1307 1244 autem
1341 1211 1503 1253 indigna-

806 1262 939 1294 tionem
985 1263 1094 1304 spirat
1138 1264 1371 1295 Anacreontis
1418 1262 1502 1295 illud

806 1311 1022 1352 ΕτθςηῑἫ.
1047 1312 1171 1352 Bergk.
1188 1312 1406 1345 Schneidew.
1423 1311 1500 1344 Del.

806 1361 858 1392 72.
885 1369 964 1401 pag.
989 1359 1069 1392 365:
1100 1359 1236 1406 Ξανθῇ
1259 1359 1333 1393 δέ
1322 1362 1354 1404 γ’
1377 1357 1503 1416 Εὐρυ-

806 1407 905 1455 πύλῃ
927 1407 1034 1451 μέλει
1051 1405 1124 1441 ‘Oa
1113 1407 1371 1469 περιφόρητος
1387 1405 1504 1456 Ἀρτέ-

804 1469 889 1500 μων
904 1476 923 1481 -
938 1477 958 1483 -
973 1457 1167 1516 Κίβδηλον
1189 1456 1377 1505 εὑρίσκων
1398 1459 1499 1499 βίον·

805 1505 938 1540 Πολλὰ
967 1507 1039 1549 μὲν
1072 1508 1113 1540 ἐν
1143 1507 1252 1554 δουρὶ
1281 1509 1400 1550 τιθεὶς
1432 1505 1504 1542 αῦ-

807 1558 917 1596 χένα,
942 1554 1065 1589 πολλὰ
1087 1555 1118 1588 δ’
1142 1557 1183 1591 ἐν
1204 1556 1345 1603 τροχῷ,
1369 1556 1502 1590 Πολλά

807 1605 848 1639 δὲ
884 1604 1006 1638 νῶτον
1040 1607 1198 1652 σκυτίνῃ
1232 1605 1390 1650 μάστιγι
1423 1607 1503 1639 θω-

807 1657 974 1699 μιχθείς,
998 1654 1126 1699 κόμην
1150 1650 1323 1700 Πώγωνᾶ
1346 1659 1377 1689 τ’
1400 1657 1504 1690 ἐκτε-

808 1705 993 1748 τιλμένος.
1029 1704 1108 1738 Νῦν
1131 1704 1162 1737 δ’
1186 1705 1373 1746 ἐπιβαίνει
1396 1717 1504 1740 σατι-

806 1756 922 1795 νέων,
958 1753 1105 1801 χρύσεα
1129 1756 1283 1801 φορέων
1308 1756 1505 1802 καθέρμα-

807 1815 855 1837 τα
888 1802 988 1845 Πάϊς
1020 1802 1150 1847 Κύκης
1180 1806 1246 1837 καὶ
1275 1804 1504 1848 σκιαδίσκην

808 1853 1058 1897 ἐλεφαντίνην
1080 1855 1211 1900 φορέει
1238 1853 1417 1896 Γυναιξὶν
1438 1851 1506 1889 αὕ-

807 1914 893 1945 τως.

852 1954 925 1986 4-4.
950 1954 1052 1994 Lupis
1072 1957 1103 1985 et
1124 1954 1231 1996 aquis]
1256 1954 1317 1987 Est
1338 1955 1407 1986 hoc
1429 1954 1504 1986 fere

808 2002 988 2045 proverbii
1002 2002 1082 2035 loco
1098 2003 1168 2034 iam
1184 2003 1279 2044 apud
1294 2004 1500 2036 Homerum.

808 2052 904 2084 Iliad.
930 2062 975 2091 χ,
1008 2051 1090 2084 263:
1127 2047 1222 2084 Οὗδὲ
1245 2049 1355 2085 λύκοι
1376 2062 1417 2085 τε
1438 2054 1503 2085 καὶ

808 2097 923 2146 ἄρνες
946 2097 1153 2145 ὁμόφρονα
1175 2098 1303 2143 θυμὸν
1324 2111 1503 2140 εχουσιν,

805 2147 912 2182 Ἀλλὰ
936 2146 1038 2181 κακὰ
1061 2151 1272 2195 φρονέουσι
1303 2149 1506 2208 διαμπερὲς

808 2196 1046 2242 ἀλλήλοισιν.
1076 2218 1112 2222 —-
1137 2200 1306 2241 sortitoJ«
1291 2202 1407 2233 «sorte
1430 2202 1505 2234 sive

63 2248 230 2289 quissima
255 2245 466 2293 παράδοσις
481 2248 677 2289 primorum
694 2248 761 2280 Ho-
782 2247 785 2279 Ι
808 2248 884 2289 lege
917 2249 1023 2289 atque
1055 2248 1219 2281 instinctu
1253 2251 1432 2282 naturae.»
1467 2269 1502 2272 —

61 2296 141 2328 ratii
157 2297 399 2338 interpretum.
435 2297 583 2337 (Acriter
596 2305 661 2338 pro
677 2297 757 2328 Seae.

61 2346 163 2377 Mena
194 2347 328 2386 pugnat
369 2346 502 2378 Franke
541 2355 620 2387 pag.
662 2346 757 2385 ⁴26,

64 2402 171 2435 quem
196 2403 267 2426 non
284 2394 359 2426 sine
383 2394 498 2426 fructu
515 2394 690 2433 consules,
717 2404 758 2426 ac
782 2393 785 2444 ss

782 2281 785 2332 Ι
807 2297 976 2338 Hibericis]
1002 2305 1021 2328 e
1046 2298 1165 2338 sparto
1189 2297 1418 2353 (Pfriemqras)
1437 2301 1507 2330 tor-

782 2333 867 2385 t-,is
906 2347 1004 2379 cuius
1036 2355 1161 2387 magna
1194 2348 1246 2379 est
1276 2348 1310 2379 in
1340 2348 1503 2389 Hispania

809 2397 920 2437 copia.
957 2395 1108 2435 (Quintil.
1127 2397 1210 2427 Inst.
1236 2398 1322 2428 orat.
1349 2396 1386 2435 8,
1406 2397 1446 2435 2,
1463 2398 1503 2429 Ξῖ

63 2442 246 2475 fatendum
270 2444 324 2476 est
347 2452 451 2482 sane,
476 2453 510 2476 v
533 2444 628 2484 e‘ques
650 2453 683 2475 v.
704 2445 755 2476 45.
782 2445 785 2486 ξ
808 2445 879 2483 ille,
918 2445 973 2484 qui
996 2444 1030 2475 in
1054 2445 1185 2476 actione
1208 2445 1397 2477 Ibericas
1417 2446 1506 2477 her-

65 2490 238 2532 quadrare
264 2493 296 2524 in
327 2493 431 2524 istum
464 2494 618 2534 Pompeii
651 2491 785 2541 liber-ff

808 2493 879 2524 bas
906 2502 939 2525 se
967 2493 1034 2524 solo
1065 2494 1289 2533 nequidquam
1312 2494 1508 2535 intelligente

65 2542 159 2578 tum,
196 2542 317 2582 utpote
348 2550 455 2582 quem
488 2542 695 2574 Octavianus
719 2541 759 2574 ἐν
782 2553 785 2592 Ι
809 2542 953 2581 dicebat,
992 2544 1054 2574 nisi
1086 2543 1228 2574 irridens
1255 2543 1340 2575 hanc
1369 2545 1506 2575 vanila-
1532 2556 1553 2580 ἐς

66 2586 154 2634 τιμῇ
178 2588 325 2637 μεγάλῃ
351 2602 374 2632 η
378 2600 468 2632 fase
490 2588 705 2630 δακτυλίοις
720 2601 785 2623 τε
809 2596 872 2624 tem
896 2592 1027 2624 Cassius
1050 2593 1189 2624 Severus
1217 2596 1404 2633 spartum
1432 2602 1505 2625 oum

66 2641 228 2683 χρυσοῖς
251 2636 447 2681 ἐκόσμησε
471 2640 536 2672 καὶ
559 2639 598 2680 ἐς
622 2637 664 2672 τὸ
686 2638 759 2672 τῶν
781 2625 785 2665 Ι

809 2642 917 2673 dicere
953 2642 1036 2674 velle
1084 2643 1265 2674 indicasset.
1277 2642 1289 2682 J
1350 2643 1399 2675 Ex
1438 2643 1507 2676 hoc
