1722 2904
638 72 717 105 Lm.
743 72 798 104 Ν.

846 72 884 104 c.
910 40 997 103 xvs
1464 69 1546 111 623

440 177 488 220 Et
518 182 688 220 veteres
716 175 933 218 revocavit
960 181 1093 222 artes,

327 283 410 326 Per
437 295 546 340 quas
574 281 770 325 Latinum
797 293 954 324 nomen
983 287 1027 322 et
1055 278 1184 322 italae
1255 306 1258 308 -

326 363 512 406 Crevere
540 363 656 405 vires
684 361 883 418 famaque
914 368 958 404 et
986 360 1136 417 imperi

381 445 584 486 Porrecta
612 443 814 485 maiestas
841 441 898 484 ad
926 448 1045 484 ortus

439 522 549 567 Solis
579 523 633 566 ab
663 522 874 580 Hesperio
903 521 1047 565 cubili.

330 628 519 672 Custode
549 642 694 671 rerum
725 627 911 671 Caesare
941 641 1028 670 non
1056 626 1176 670 furor

326 708 471 752 Civilis
501 715 573 751 aut
600 708 666 765 vis
697 708 838 764 exiget
866 707 1020 757 otium,

382 789 473 831 Non
504 788 590 837 ira,
626 801 738 845 quae
768 787 968 845 procudit
998 801 1126 830 enses

190 908 243 941 45.
266 908 489 947 Ρωποιαᾳαο
503 908 540 939 T.
561 924 599 930 —
624 910 735 938 ortum
750 907 818 946 ST,

147 958 203 990 «et
223 965 349 990 omues
371 956 446 989 fere
470 957 599 988 nostri»
624 956 760 996 Bsuri..)
787 972 824 979 -

842 915 896 948 pr.
910 905 950 945 β,
968 907 1056 946 LCt,
1081 905 1192 938 Bentl.
1205 931 1213 946 ,
1240 907 1275 939 F.
1293 906 1401 948 (ortus
1414 908 1498 947 bod.

852 955 905 988 48.
931 955 1053 987 mmet
1080 955 1194 995 bScd,
1225 955 1371 989 Bentleii
1392 956 1502 999 pleri·

145 1015 234 1048 que,
268 1014 343 1039 var.
368 999 448 1038 lect.
473 1016 534 1049 γι,
561 1005 712 1038 Pottierii
734 1004 913 1046 plerique,
944 1005 1048 1044 CtFJ,
1081 1005 1246 1037 existimet
1272 1007 1438 1048 corrupte
1461 1008 1498 1040 T.

143 1055 268 1097 (αι-ἱροί
279 1066 335 1099 γι,
359 1055 514 1088 Pottierii
530 1056 544 1087 4
561 1079 569 1095 ,
588 1055 625 1094 3,
644 1055 688 1094 9.)
708 1072 746 1078 -
772 1054 824 1086 49.
850 1054 972 1093 iraque
987 1063 1072 1094 quae
1087 1055 1124 1086 T.
1146 1055 1352 1095 -producit
1374 1064 1445 1097 mg.
1463 1057 1498 1088 S.

101 1169 182 1194 esse
216 1161 433 1193 monstravit.
487 1161 575 1193 Rem
609 1160 644 1192 in
678 1158 796 1191 medio

99 1209 266 1251 relinquit
286 1209 477 1251 Franzius.)
501 1211 568 1242 Pro
592 1211 690 1242 certo
710 1217 795 1241 sane

100 1260 264 1292 Horatius
278 1259 324 1292 ad
337 1260 463 1292 Ianum
485 1260 620 1291 tertium
635 1258 796 1291 clausum

100 1309 282 1351 respicere
309 1317 381 1341 non
403 1309 534 1350 potuit,
570 1308 635 1341 sed
664 1307 795 1340 infinite

100 1357 273 1399 siguificat
294 1357 383 1390 duas
397 1358 534 1399 priores
550 1357 796 1390 huiuscemodi

100 1407 344 1440 (acrimonias.
369 1407 408 1439 ln
423 1407 599 1439 nummis:
615 1408 685 1440 Lm.
701 1407 795 1440 Crrs.

100 1456 199 1488 ovid.
209 1457 299 1489 Fast.
310 1457 342 1496 4,
357 1456 432 1488 429.
450 1458 556 1489 lanus
569 1456 614 1488 de
626 1465 682 1489 se:
700 1458 797 1489 modo

99 1514 248 1546 nomque
266 1505 435 1538 Patulcius
456 1506 541 1538 idom
561 1507 605 1538 Et
626 1507 723 1538 modo
738 1515 797 1538 sa-

99 1555 213 1596 crifico
244 1554 373 1587 Clinia-3
402 1563 459 1586 ore
478 1564 591 1587 vocor.
618 1573 655 1578 —-
695 1555 798 1587 Clusit

101 1604 243 1637 Codicis
250 1603 429 1636 vanderb.
439 1603 557 1636 multis
568 1603 710 1646 placuit,
729 1605 794 1636 sed

100 1652 211 1685 altera
232 1653 406 1695 scriptura
420 1654 597 1694 Augustus
619 1654 695 1695 ipse
711 1663 797 1686 usus

103 1701 209 1734 estin
223 1702 315 1735 Mon.
328 1703 458 1743 Ancyr.
474 1720 511 1726 -
527 1703 600 1734 Iani
611 1702 795 1742 bifrontes,

33 1760 39 1767 ·
101 1753 138 1783 et
163 1750 336 1784 imberbis
361 1753 397 1784 et
417 1752 606 1791 barbatus,
646 1754 728 1785 sunt
760 1753 796 1784 in

101 1799 224 1834 Miiller
243 1801 384 1833 Dantem.
411 1801 453 1834 V.
478 1803 518 1833 N.
544 1802 619 1834 327.
645 1802 721 1834 328.

146 1850 223 1882 40-
238 1851 290 1883 42.
329 1850 447 1892 frona]
496 1852 663 1892 Tragicus
701 1852 797 1893 apud

101 1899 175 1943 Cic.
193 1899 239 1931 de
255 1900 313 1932 Or.
331 1899 371 1939 3,
389 1899 426 1932 44
442 1909 450 1931 :
473 1901 692 1932 exsultantem
714 1904 744 1932 te
767 1905 798 1933 et

96 1949 335 1990 praefidentem
366 1949 423 1981 tibi
450 1951 638 1989 Rem-{ment
664 1951 797 1983 validae

102 1997 212 2039 layum
242 1998 389 2031 habenae
430 2002 531 2040 atque
561 2000 682 2039 imperi
713 2000 797 2031 insi-

101 2050 187 2079 stent
207 2047 297 2088 iuqo.
319 2066 356 2071 —
381 2048 542 2090 licentiae]
568 2050 794 2089 «Licentiam,

38 2112 54 2126 ἡ.
101 2105 193 2137 quae
214 2105 280 2138 per
301 2096 395 2129 bella
418 2090 583 2131 intestina
605 2107 725 2131 mores
747 2098 798 2130 le-

80 2153 235 2187 -gesque
257 2146 401 2188 impune
423 2146 588 2187 violarat,
619 2149 796 2188 Augustus

103 2194 141 2226 in
174 2195 336 2227 ordinem
370 2197 485 2237 coegit
521 2197 795 2237 exstirpavitque

102 2243 241 2285 culpas,
280 2245 403 2276 noxios
442 2246 578 2277 severis
616 2244 796 2287 suppliciis

101 2296 296 2332 coercens3
347 2294 536 2326 honestam
574 2294 795 2335 disciplinam

101 2343 287 2375 restituit.»
317 2361 354 2366 —
378 2344 580 2385 movitque]
604 2344 659 2376 Sic
674 2345 744 2375 Sat.
761 2345 794 2383 2,

102 2390 140 2429 3,
170 2391 231 2424 28:
270 2392 403 2424 Emovit
431 2395 572 2424 veterem
606 2392 794 2433 (morbum)

100 2440 187 2472 mire
198 2449 312 2472 noim-5.
333 2457 368 2463 —
394 2445 547 2473 veteres—
561 2441 665 2482 artes]
691 2450 798 2482 «pru-

102 2489 259 2522 dentiam
268 2515 277 2530 ,
312 2489 552 2523 fortitudinem
562 2515 571 2529 ‚
610 2490 777 2523 iustitiam
788 2515 795 2530 ,

101 2539 409 2580 temperantiam.»
433 2540 554 2572 Senon.

149 2587 225 2620 43-
240 2589 293 2620 46.
317 2587 649 2629 imm-maiestas]
685 2589 796 2620 Etiam

105 2635 238 2669 divise:
288 2638 465 2678 imperium
498 2638 615 2678 populo·
657 2638 797 2670 Romani

845 1158 1076 1198 maiestasque.
1095 1159 1167 1191 Cic.
1179 1168 1243 1200 pro
1250 1159 1450 1201 nauperd.
1465 1169 1494 1192 r.
1508 1161 1541 1192 7.

847 1208 1144 1246 deOrat.2‚39:
1175 1209 1384 1241 Simaiestas
1405 1213 1544 1241 &tani—

841 1258 971 1298 plaudo
996 1266 1038 1289 ac
1058 1258 1204 1299 diffinitas
1223 1259 1389 1298 civitatis,
1420 1260 1450 1290 is
1470 1268 1545 1291 eam

845 1308 994 1346 minuit»,
1026 1308 1084 1347 qui
1110 1309 1292 1340 exercitu-m
1314 1308 1457 1340 hostibus
1476 1318 1545 1349 po-

842 1357 915 1397 puli
948 1357 1089 1389 Romam·
1125 1357 1265 1389 tradidit
1290 1359 1358 1390 cet.
1401 1357 1540 1396 Quintil.

847 1407 884 1445 7,
914 1406 951 1444 3,
981 1406 1047 1438 35:
1081 1407 1240 1448 Maiestas
1266 1410 1312 1438 est
1343 1407 1378 1439 in
1403 1407 1544 1447 imperio

846 1459 947 1494 atque
971 1456 1007 1487 in
1029 1456 1118 1487 omni
1135 1457 1253 1496 populi
1268 1457 1410 1489 Romam*
1432 1457 1544 1497 ‹liqut-

846 1508 924 1536 tatc.
957 1523 993 1528 —
1016 1506 1193 1548 Pom-ecta]
1227 1515 1323 1547 pros.
1351 1515 1403 1537 or.
1430 1504 1540 1537 «dila-

848 1555 917 1586 tata
932 1579 940 1593 ‚
964 1556 1191 1595 propagata.»
1220 1572 1259 1578 --
1295 1556 1340 1587 ad
1362 1555 1464 1596 ortus]
1488 1555 1544 1586 Li-

846 1603 955 1635 brarii
978 1603 1112 1635 facilius
1134 1604 1170 1635 h.
1194 1603 1217 1636 l.
1242 1605 1423 1636 mutarunt
1444 1612 1541 1636 num.

846 1652 936 1694 plur.
963 1653 999 1684 in
1022 1652 1236 1693 singularem
1265 1653 1543 1693 frequentiorem

847 1710 956 1743 quam
973 1705 1107 1734 contra.
1133 1701 1203 1734 Cfr.
1218 1702 1282 1734 Od.
1298 1702 1318 1734 3
1330 1727 1338 1741 ,
1354 1703 1414 1742 27,
1433 1703 1486 1734 42.
1503 1719 1539 1724 -

845 1753 888 1784 ab
902 1753 1059 1792 Hesperio
1073 1751 1183 1793 cubili]
1209 1751 1275 1784 «ab
1292 1761 1424 1784 occasu
1435 1777 1444 1791 ‚
1470 1761 1542 1793 quo

846 1801 903 1834 Sol
927 1801 972 1834 ab
996 1801 1141 1833 aethere
1163 1800 1262 1833 velut
1283 1802 1318 1843 in
1342 1800 1458 1833 cubile
1481 1802 1544 1834 de-

845 1851 1017 1883 scendit.»
1065 1850 1296 1882 Mimnermus
1325 1851 1439 1891 Bergk
1461 1859 1540 1892 pag.

846 1900 932 1932 348:
970 1897 1045 1932 Τὸν
1077 1898 1149 1940 μὲν
1177 1895 1250 1944 γὰρ
1279 1895 1452 1941 ΓΗέλιον)
1479 1897 1542 1932 διὰ

845 1947 953 1991 κῦμα
997 1949 1107 1993 φέρει
1156 1947 1400 1993 πολυήρατος
1449 1945 1542 1992 εὐνὴ

845 1998 974 2041 Κωΐλη
988 2022 998 2038 ,
1018 1994 1230 2038 Ἡφαίστου
1248 1998 1381 2044 χερσὶν
1405 1997 1545 2041 ἐληλα-

844 2049 943 2090 μένη
963 2045 1124 2093 Χρυσοῦ
1150 2044 1353 2089 τιμήεντος
1374 2046 1453 2079 κτλ.

891 2098 1029 2130 47-20.
1065 2097 1219 2139 Custode]
1244 2097 1308 2130 Od.
1333 2097 1371 2136 3,
1399 2096 1459 2137 ⁴4,
1487 2098 1540 2130 45,

847 2147 910 2179 Od.
935 2146 973 2186 4,
998 2148 1038 2186 5,
1066 2147 1079 2178 4
1100 2155 1108 2177 :
1144 2147 1265 2186 optime
1292 2146 1454 2178 Romulae
1476 2147 1543 2179 Cu—

845 2199 910 2228 stos
930 2196 1047 2236 qentis.
1075 2213 1111 2218 —
1148 2195 1273 2237 exiget]
1297 2196 1412 2237 prima
1434 2195 1543 2236 signi-

846 2245 1028 2277 ficatione:
1072 2243 1243 2286 «expellet
1257 2270 1276 2283 ,,
1305 2244 1540 2277 exturbabit.»

847 2294 949 2333 Quod
972 2302 1055 2326 cum
1078 2302 1148 2326 non
1170 2292 1421 2334 intelligerent,
1458 2294 1544 2326 scri-

845 2344 994 2385 pserunt
1027 2343 1170 2381 mmet,
1221 2342 1318 2383 quod
1352 2344 1473 2374 tamen
1504 2352 1539 2375 v.

846 2393 1038 2434 usurpatur
1052 2391 1168 2433 potius
1184 2391 1229 2423 de
1252 2390 1362 2423 rebus
1384 2391 1539 2432 ingratis,

846 2441 954 2474 veluti
981 2441 1126 2473 aninmo
1148 2449 1285 2480 curam,
1308 2443 1450 2480 metum,
1474 2441 1542 2473 ali.-

847 2499 943 2530 quem
965 2499 983 2522 e
1003 2490 1164 2530 vinculis,
1200 2490 1374 2530 servitute,
1404 2490 1542 2522 crimine

847 2540 915 2572 cet.
952 2540 988 2571 et
1030 2540 1217 2580 praeterea
1250 2547 1378 2580 prosae
1423 2539 1540 2580 potius

846 2588 1013 2620 orationis
1041 2588 1142 2620 foret.
1179 2607 1215 2611 —
1252 2588 1327 2620 Non
1347 2587 1414 2629 ira]
1438 2586 1541 2620 belli-

848 2646 901 2669 ca.
949 2637 1023 2669 Tib.
1044 2638 1056 2669 4
1075 2663 1080 2674 ,
1100 2637 1136 2676 3,
1154 2636 1219 2669 47:
1254 2637 1329 2669 Non
1345 2638 1449 2676 acies,
1474 2646 1539 2669 non
