1722 2904
157 46 238 89 742

692 51 865 85 HORATII
888 51 1059 86 EPODON

326 154 376 196 Et
406 160 470 204 tu,
503 162 627 212 potes
661 170 781 209 nam,
814 157 933 202 solve
968 171 1038 201 me
1067 157 1304 210 dementia,
1553 160 1607 202 45

325 235 363 278 O
393 249 474 279 nec
502 236 692 293 paternis
723 237 918 281 obsoleta
945 238 1169 290 sordibus,

324 316 475 374 Neque
509 317 552 360 in
582 317 794 376 sepulcris
827 333 1071 377 pauperum
1103 320 1296 378 prudens
1327 334 1438 365 anus

324 397 612 442 Novendiales
644 399 856 457 dissipare
891 399 1107 458 pulveres.

323 479 414 523 Tibi
446 479 657 538 hospitale
687 487 840 538 pectus
874 487 918 525 et
953 495 1090 539 purae
1116 495 1293 533 manus,

323 561 526 618 'suusque
560 567 711 605 venter
742 562 1035 613 Pactumeius,
1069 569 1111 606 et
1144 569 1217 607 tuo

1551 566 1605 607 50

239 687 293 721 47.
318 688 386 720 Nec
407 688 546 727 B,LCtF
571 688 653 729 (non
675 688 772 730 ch).
801 705 838 712 -·
863 687 918 722 48.
942 689 1157 722 Nouendialis
1178 690 1216 721 B.
1243 706 1281 712 —
1312 689 1366 723 50.
1387 693 1562 731 pactarum

195 738 266 770 eius
287 739 331 777 T,
365 738 576 778 parcumeius
598 738 751 771 Pottierii
775 738 950 781 qumque,
986 739 1082 772 LtFJ.
1111 739 1162 780 (Ut
1184 748 1267 780 nos,
1302 740 1368 780 Bc,
1403 741 1492 774 item
1515 741 1559 781 b,

197 787 262 820 sed
285 788 342 820 hic
365 788 400 820 in
423 796 567 828 rasura,
603 787 762 821 Blandin.
780 814 788 828 ,
826 798 890 822 «ex
922 789 1052 822 nostris
1087 797 1213 822 omnes
1245 791 1391 831 praeter
1413 790 1500 823 Cod.
1527 791 1562 823 et

196 839 302 870 notae
337 839 373 870 et
406 838 530 870 aetatis
565 839 741 879 sequioris
764 840 972 872 Petrensem
995 838 1072 881 (μ)»
1095 839 1241 879 Reum,
1276 840 1432 873 Pottierii
1453 839 1563 883 pleri—

196 895 289 928 que,
315 886 442 927 Aldus,
469 887 516 927 C,
541 886 738 928 Bentleius‚
763 888 822 928 M.)

197 993 251 1026 45.
271 992 326 1026 46.
346 996 440 1033 potes
454 993 545 1035 nam]
562 992 731 1035 Exempla
749 994 854 1027 huius

154 1042 326 1076 formulae
349 1044 386 1076 in
400 1042 569 1085 precibus
587 1044 735 1077 usitatae
751 1053 855 1086 prae-

153 1093 242 1127 bent
264 1094 482 1135 interpretes
512 1093 559 1126 ad
580 1093 655 1126 Val.
681 1093 793 1126 Flacc.
820 1094 851 1133 4,

155 1144 196 1176 43
213 1153 219 1175 :
262 1144 397 1176 Versam
413 1144 527 1184 proles
549 1147 609 1176 tua
625 1144 753 1184 pandet
774 1144 856 1176 Idu-

152 1202 227 1225 men
252 1193 420 1235 (Namque
436 1193 568 1235 potest).
601 1193 768 1234 Agathias
782 1194 855 1226 An—

153 1243 237 1275 thol.
264 1242 372 1277 Palat.
391 1244 415 1276 1.
444 1252 480 1284 p.
498 1243 556 1275 (ΞΜ
578 1252 585 1274 z
608 1238 738 1281 Ἀλλά,
762 1240 852 1283 θεά,

152 1290 316 1326 δύνασαι
338 1290 423 1340 γάρ,
449 1289 477 1335 ἢ
491 1289 672 1339 ἡβητῆρά
693 1303 743 1336 με
768 1290 855 1326 τεῦ-

153 1340 221 1384 ξον
245 1342 324 1376 κτλ.
353 1362 390 1366 -
416 1344 444 1375 0
464 1352 523 1376 nee
540 1343 712 1385 paternis]
750 1344 856 1376 Cani-

153 1393 233 1425 diae
265 1393 428 1426 sordidos
457 1394 624 1435 parentes
655 1393 787 1426 obiicit.
816 1412 852 1418 —-

152 1444 314 1486 obsoleta]
355 1444 574 1485 «inquinata,
615 1443 852 1484 deformata»,

156 1496 196 1527 ut
219 1495 302 1526 sunt
323 1502 382 1526 res
415 1495 593 1527 vetustate
627 1494 852 1536 absumptae.

154 1545 226 1577 Cic.
252 1552 317 1586 pro
346 1543 459 1576 Sestio
489 1544 554 1576 28:
590 1544 709 1576 Virtus
725 1553 855 1576 --ne-

152 1603 216 1633 que
246 1593 364 1625 alienis
393 1602 545 1633 unquam
576 1593 727 1626 sordibus
760 1593 856 1626 obso-

152 1643 253 1676 lescit.
294 1643 344 1675 Ex
367 1642 539 1675 adulterio
556 1652 635 1676 eam
654 1644 790 1683 natam,
815 1645 855 1676 ut

153 1692 275 1725 volunt
297 1692 412 1724 Schol.
428 1718 435 1732 ,
462 1693 659 1733 significare
683 1694 818 1735 nequit.

195 1742 251 1775 47.
277 1742 331 1775 48.
359 1742 518 1782 sepulcris
524 1743 725 1783 pauperum]
745 1744 854 1776 «Nam

153 1792 301 1824 divitum
324 1791 486 1833 sepulcra
510 1793 584 1826 suis
608 1794 709 1825 erant
733 1794 855 1825 custo-

153 1842 259 1874 dibus
276 1850 419 1874 curae.»
437 1843 560 1874 Senon.
586 1843 722 1875 Horum
737 1845 855 1876 custo-

152 1891 238 1924 dum
269 1892 488 1924 mentionem
522 1891 603 1924 facit
626 1893 790 1925 Manetho
819 1893 851 1933 6,

151 1941 210 1973 53⁴
231 1950 238 1972 z
286 1938 536 1974 νεκυοστόλοι
560 1960 579 1965 -
595 1938 649 1974 ’H
685 1943 853 1988 φρουροὶ

152 1988 297 2023 νεκύων
320 1988 486 2034 τύμβοις
508 1987 566 2024 ⁰s'v1.
596 1990 849 2033 ναιετάοντες.

153 2041 224 2075 Cfr.
249 2042 359 2074 Inscr.
385 2051 485 2075 meas
508 2043 582 2074 Lat.
607 2044 647 2075 N.
666 2042 752 2075 4366
769 2051 848 2084 sqq.

155 2109 191 2114 -
211 2091 370 2133 prudens]
397 2092 504 2124 etiam
521 2092 565 2124 de
582 2091 684 2124 malis
701 2092 848 2125 artibus.

152 2143 271 2174 luven.
309 2141 345 2181 3,
382 2142 447 2174 86:
496 2142 657 2176 Graeculi
690 2143 852 2175 adulandi

150 2200 230 2233 qens
255 2193 526 2232 prudentissima.
558 2209 594 2216 —
634 2193 854 2225 Nouendiales

151 2241 324 2283 dissipare]
358 2251 506 2274 «eruere
539 2251 559 2275 e
594 2241 767 2284 sepulcris
805 2242 851 2275 ad

150 2302 257 2326 usum
302 2301 486 2326 sacrorum
532 2294 674 2325 tuorum
712 2294 851 2326 cineres

152 2351 280 2375 recens
315 2342 476 2374 conditos
520 2351 563 2374 ac
608 2343 746 2374 tantum
780 2351 851 2375 non

151 2391 311 2434 tepidos,
338 2392 469 2433 quippe
493 2393 552 2433 qui
576 2391 621 2424 ad
643 2392 851 2433 praestigias

152 2442 307 2482 magicas
331 2442 549 2474 efficaciores
573 2442 642 2474 sint
665 2450 773 2483 quam
791 2441 850 2473 diu

152 2492 331 2533 repositi.»
356 2491 454 2524 Ovid.
474 2492 556 2523 Her.
575 2491 611 2530 6,
630 2491 692 2523 90:
732 2490 850 2523 Certa-

152 2550 215 2581 que
256 2542 295 2574 de
328 2542 446 2582 tepidis
478 2541 602 2583 colligit
637 2549 712 2573 ossa
744 2541 846 2582 roqis.

153 2591 282 2623 Lucan.
305 2591 343 2630 6,
362 2590 442 2623 530:
483 2590 701 2630 ardentiaque
724 2598 798 2621 ossa
820 2591 849 2622 Ε

152 2640 266 2672 mediis
288 2641 379 2681 rapit
401 2640 461 2673 illa
482 2641 584 2683 roais.
615 2640 704 2673 Cum
728 2640 848 2672 autem

904 995 984 1027 usui
1014 993 1062 1028 illi
1092 994 1246 1028 nefando
1268 995 1369 1028 vivos
1402 996 1606 1029 incantandi

904 1044 1178 1086 adhiberentur,
1223 1045 1427 1079 necessario
1460 1045 1606 1087 dissipa-

905 1094 1047 1135 bantur,
1092 1095 1128 1127 in
1160 1094 1347 1137 pulverem
1380 1096 1605 1129 comminue-

904 1143 1046 1177 bantur.
1073 1145 1239 1178 Ceterum
1263 1144 1391 1187 triplex
1413 1145 1528 1178 exstat
1550 1145 1607 1178 in-

904 1195 1110 1236 terpretatio
1138 1204 1173 1227 v.
1197 1195 1436 1235 Nouendiales,
1471 1195 1519 1227 ita
1546 1196 1602 1235 ut,

906 1253 988 1277 cum
1016 1244 1074 1277 hic
1101 1245 1277 1278 iustorum
1299 1245 1448 1278 mortuis
1471 1244 1606 1278 facien-

905 1293 1033 1328 dorum
1068 1294 1145 1327 dies
1177 1293 1223 1327 ab
1258 1294 1333 1327 aliis
1373 1294 1605 1336 scriptoribus

905 1352 1083 1386 nusquam
1098 1345 1336 1384 memoretur,
1354 1345 1497 1386 optione
1513 1345 1605 1377 inter

904 1394 970 1426 has
994 1402 1084 1436 opus
1108 1394 1174 1426 sit:
1201 1394 1231 1436 4)
1257 1393 1490 1427 «Novendiale
1515 1394 1605 1427 dici-

904 1445 962 1476 tur
995 1443 1226 1484 sacrificium,
1263 1443 1361 1485 quod
1386 1445 1532 1497 gnortuo
1566 1438 1606 1476 fi't

905 1502 999 1526 nona
1022 1493 1100 1534 die,
1125 1501 1196 1535 qua
1219 1492 1379 1535 sepultus
1401 1494 1490 1526 est.»
1514 1494 1605 1525 Pon-

905 1553 999 1576 Pnrn.
1049 1543 1081 1584 ἓ)
1119 1543 1250 1585 «Apud
1292 1544 1456 1585 antiquos
1493 1543 1603 1575 moris

905 1594 986 1634 fuit,
1016 1594 1056 1626 ut
1077 1593 1195 1626 triduo
1219 1601 1348 1635 corpus
1371 1592 1527 1626 defuncti
1549 1593 1604 1624 ia-

905 1643 1004 1676 ceret
1026 1643 1142 1682 domi,
1175 1644 1212 1675 et
1232 1643 1314 1684 post
1334 1642 1492 1675 triduum
1514 1651 1602 1684 rogo

904 1694 1170 1735 imponeretur;
1209 1693 1296 1725 item
1331 1693 1413 1734 post
1444 1692 1603 1725 triduum

906 1743 992 1776 cinis
1020 1743 1056 1775 in
1086 1750 1214 1775 urnam
1243 1741 1464 1774 condebatur
1487 1742 1523 1774 et
1544 1743 1603 1774 tu-

904 1791 1000 1825 mulo
1030 1791 1290 1832 mandabatur;
1324 1791 1406 1824 ideo
1429 1790 1515 1823 dixit
1536 1800 1603 1824 no-

903 1841 1086 1875 vendiales
1101 1841 1285 1884 pulveres,
1310 1841 1347 1874 id
1363 1841 1435 1881 est,
1461 1841 1601 1873 cineres

904 1893 1103 1925 recentes.»
1129 1892 1240 1924 Coun.
1267 1891 1372 1929 Cano.
1419 1890 1451 1931 3)
1477 1890 1601 1932 «Apud

903 1942 1075 1981 maiores,
1107 1940 1170 1973 ubi
1200 1939 1255 1984 (al.
1279 1940 1496 1982 ubicunque)
1520 1940 1601 1982 quis

902 1991 1026 2025 fuisset
1040 1991 1251 2030 exstinctus,
1274 1989 1320 2022 ad
1335 1989 1483 2022 domum
1498 1998 1601 2023 suam

901 2040 1142 2080 referebatur;
1164 2058 1185 2064 -
1199 2057 1220 2064 -
1235 2041 1270 2072 et
1283 2038 1352 2072 illic
1368 2039 1508 2081 septem
1524 2041 1602 2072 erat

901 2090 1040 2130 diebus,
1065 2091 1191 2123 octavo
1214 2088 1481 2129 incendebatur,
1506 2097 1600 2122 nono

901 2140 1162 2183 sepeliebatur:
1209 2139 1304 2172 unde
1335 2138 1500 2171 Horatius
1531 2139 1602 2171 Νο-

900 2190 1067 2223 vendiales
1089 2191 1182 2222 cet.»
1221 2190 1360 2222 Sanvms
1383 2187 1430 2220 ad
1450 2188 1538 2221 Aen.
1563 2189 1598 2228 5,

902 2239 956 2273 64.
989 2240 1223 2272 commentat.
1251 2238 1396 2280 Cruquii
1420 2238 1600 2275 rationem

901 2291 1019 2329 recte,
1043 2290 1084 2322 ut
1105 2288 1260 2327 videtur,
1292 2287 1423 2330 probat
1444 2288 1599 2320 Torren-

903 2340 981 2372 tius.
1029 2338 1128 2371 conf.
1165 2337 1267 2380 Apul.
1293 2338 1434 2371 Metam.
1461 2337 1500 2376 9,
1531 2336 1597 2368 34ε

900 2390 1037 2429 Iamque
1058 2397 1145 2421 nono
1169 2389 1221 2421 die
1242 2388 1306 2420 rite
1327 2386 1494 2428 cmnpletis
1508 2386 1600 2427 apud

901 2438 1066 2471 tumulum
1097 2437 1316 2471 sollemnibus.
1363 2436 1520 2469 Donatus
1552 2434 1599 2467 ad

900 2490 1040 2522 Terent.
1058 2489 1200 2521 Phorm.
1216 2487 1229 2519 4
1244 2513 1251 2527 ,
1271 2487 1308 2527 4,
1328 2487 1391 2519 46ε
1415 2487 1454 2518 In
1475 2484 1600 2526 nuptiis

900 2539 1001 2571 eciam
1034 2539 1191 2579 septimus
1224 2537 1292 2569 dies
1322 2535 1599 2569 instaurationem

898 2589 967 2621 voti
988 2588 1100 2628 habet,
1125 2591 1161 2620 at
1185 2587 1219 2619 in
1240 2587 1358 2628 funere
1378 2593 1488 2618 nonus
1509 2584 1595 2624 dies,

900 2647 963 2679 qao
983 2637 1175 2679 parentalia
1204 2635 1455 2670 concluduntur.
1495 2632 1594 2667 Conf.
