1722 2904
600 83 734 117 LIBER.
781 84 911 118 CARM.
936 84 991 116 xl.

1446 83 1528 126 705

253 188 423 232 Inachia
451 188 615 239 furere,
647 187 764 231 silvis
792 187 1002 231 honorem
1031 186 1203 230 decutit.

196 270 291 313 Heu
319 283 409 319 me,
441 283 519 327 per
548 268 707 314 Urbem
724 293 782 300 —
800 282 900 311 nam
928 267 1063 326 pudet
1091 268 1192 311 tanti
1223 267 1322 312 mali
1340 293 1398 300 —

252 349 414 394 Fabula
438 358 598 408 quanta
623 349 702 392 fui!
733 349 1037 393 Conviviorum
1068 356 1112 392 et
1139 349 1350 407 poenitet,

197 431 244 472 ln
272 431 370 488 quis
400 438 612 474 amantem
640 430 820 488 languor
847 437 891 475 et
919 429 1136 474 silentium

251 512 399 569 Arguit
427 518 471 555 et
498 511 632 555 latere
662 512 819 569 petitus
848 512 934 554 imo
964 511 1151 568 spiritus.

1470 513 1524 555 ’10

198 593 409 636 Contrane
438 591 607 636 lucrum
634 591 693 634 nil
721 591 866 636 valere
903 591 1134 636 candidum

252 673 458 730 Pauperis
488 672 741 730 ingenium?
770 673 988 730 querebar
1017 672 1246 731 applorans
1276 674 1376 722 tibi,

197 752 331 797 Simul
360 752 537 797 calentis
573 753 890 797 inverecundus
920 753 1031 797 deus
1084 739 1098 745 ,

170 898 201 930 6.
226 897 398 930 Inachiam
415 897 507 930 cod.
533 899 697 930 Laurent.
735 897 909 939 (Inachaia
931 899 982 939 T.)
1018 915 1053 920 —
1091 899 1123 931 8.
1148 902 1185 931 ut
1202 899 1348 939 poenitet
1371 898 1479 932 Bentl.

126 947 217 979 coni.
255 945 405 987 (Habent
432 950 463 979 et
484 947 556 979 mei
579 948 614 979 et
636 947 792 980 Pottierii
815 948 966 988 omnes.)
1005 966 1042 971 —
1082 947 1114 980 9.
1140 951 1310 981 amantem
1338 949 1485 990 languor

125 995 293 1036 BbSTcd,
331 1005 456 1029 omnes
491 997 661 1036 Pottierii,
697 997 784 1029 Ven.
811 995 907 1029 ⁴48⁴.
941 999 976 1029 et
998 998 1047 1029 L:
1086 1001 1257 1030 amantem
1286 1001 1317 1030 et
1338 998 1485 1040 languor

125 1044 295 1085 Aldinae,
330 1045 384 1085 Ct,
409 1044 604 1084 Bentleius,
641 1045 711 1078 ΡΜ.
753 1045 805 1085 (Ut
828 1055 913 1085 nos,
937 1047 981 1087 J.)
1019 1063 1055 1070 —
1098 1047 1150 1079 44.
1177 1047 1368 1088 Contraque
1401 1056 1485 1081 cum

126 1094 239 1128 Codd.
263 1093 346 1136 aliq.
369 1094 533 1134 Aldinae,
558 1095 611 1127 Lt.
638 1095 690 1136 (Ut
705 1103 787 1134 nos,
811 1096 922 1128 nostri
945 1096 1094 1137 omnes.)
1122 1115 1158 1119 —
1184 1097 1266 1129 nihil
1280 1098 1318 1130 T.
1339 1115 1375 1120 —
1401 1099 1485 1130 Post

125 1144 221 1177 hunc
242 1153 336 1177 vers.
362 1143 481 1176 deficit
503 1143 590 1176 Cod.
622 1143 647 1176 d
676 1153 790 1185 usque

124 1194 266 1237 Epodos
290 1195 438 1237 excipit,
459 1203 552 1227 vers.
579 1194 653 1227 479.
683 1212 719 1218 -
746 1195 799 1228 ⁴2.

79 1321 216 1360 praeter
236 1321 371 1351 ceteros.
399 1316 437 1341 ’-
465 1328 518 1352 me
529 1337 548 1342 -
559 1336 579 1343 -
590 1319 714 1359 expetit
728 1337 748 1342 -
762 1337 780 1342 -

81 1368 189 1408 urere]
215 1376 293 1400 «me
309 1369 390 1400 ante
408 1375 533 1401 omnes
552 1369 651 1410 petit,
674 1368 779 1410 eligit,

81 1426 190 1459 quem
208 1418 321 1449 urat.»
346 1417 656 1456 Quemadmodum
667 1417 781 1450 forma

80 1466 222 1509 passiva
252 1466 352 1498 ovid.
370 1467 452 1500 Met.
479 1467 519 1506 7,
544 1468 606 1499 22:
633 1467 719 1508 Quid
745 1468 781 1500 in

81 1516 208 1556 hospite
227 1515 325 1557 reaia
343 1516 440 1557 virgo
465 1515 600 1548 Ureris?
628 1517 680 1550 sic
702 1517 737 1549 h.
754 1516 778 1549 l.

82 1574 182 1598 urere
201 1566 238 1597 in
251 1565 385 1606 puer-6³3
418 1566 541 1607 sicque
567 1567 704 1607 ardere,
727 1576 782 1599 su-

80 1615 213 1656 spirare
233 1615 270 1646 in
284 1614 417 1655 aliqua,
442 1616 478 1647 et
496 1617 655 1657 Propert.
674 1617 705 1656 4,
724 1616 778 1657 43,

82 1665 122 1697 7:
155 1664 306 1697 Perdita-s
325 1664 361 1696 ὄπ
384 1665 532 1705 quadam
554 1666 660 1697 tardis
676 1666 783 1706 paue-

82 1722 172 1746 scere
190 1714 282 1746 curis
301 1715 369 1746 cet.
407 1714 477 1746 Cfr.
498 1715 595 1747 Bach
615 1714 661 1747 ad
678 1715 776 1747 Ovid.

81 1763 163 1797 Met.
179 1762 218 1803 4,
236 1762 312 1796 234.
350 1763 452 1796 Hand
470 1765 572 1796 Turs.
597 1765 622 1796 Ι.
647 1773 683 1806 p.
702 1764 777 1796 536.

124 1813 146 1844 5
159 1829 181 1835 -
194 1812 228 1844 8.
267 1812 385 1845 tertius
416 1813 612 1855 December]
644 1814 778 1846 mensis

81 1869 147 1903 pro
164 1870 276 1894 ¹anno.
320 1861 486 1895 Similiter
511 1863 718 1904 Virngen.
736 1864 777 1902 ὅ,

82 1910 163 1943 626:
188 1911 338 1951 Septima
351 1928 371 1934 —
386 1929 405 1934 -
420 1915 540 1944 aestas.
567 1930 604 1935 —
627 1912 778 1953 Inachia]

81 1958 240 1992 Eandem
259 1961 437 1992 memorat
450 1960 561 2002 Epod.
580 1961 633 2001 42,
651 1960 704 1993 44.
723 1961 776 1993 45.

83 2008 154 2041 Cur
173 2010 294 2042 autem
311 2009 382 2042 hoc
405 2011 549 2042 nomine
572 2010 617 2042 ab
633 2010 776 2050 Inacho,

69 2057 198 2100 'prisco
211 2059 385 2100 Argorum
399 2068 496 2100 rege,
515 2059 621 2092 ducto
636 2069 723 2093 usus
735 2060 779 2092 sit

81 2106 212 2149 quidve
232 2116 276 2140 eo
297 2107 496 2148 significare
519 2108 687 2148 voluerit,
712 2117 778 2141 nos

46 2162 48 2164 ·
80 2157 242 2197 ignorare
258 2156 359 2189 fateri
382 2158 493 2190 satius
510 2159 564 2190 est
579 2167 687 2199 quam
703 2158 779 2190 fru-

80 2207 154 2239 stra
162 2205 331 2238 divinare.
346 2224 382 2229 —
396 2207 563 2248 honorem]
578 2207 776 2240 «frondes»

80 2255 175 2295 Virg.
200 2255 262 2287 Ge.
279 2255 323 2294 -2,
348 2254 433 2288 404:
464 2256 620 2297 Frigidus
638 2261 670 2289 et
689 2257 780 2289 silvis

80 2303 198 2344 Aquilo
230 2304 370 2336 decussit
394 2305 567 2344 honorem3
604 2306 656 2338 sic
687 2307 781 2339 ruris

80 2353 229 2393 honores,
247 2353 388 2394 «flores,
407 2354 559 2395 truges‚»
584 2355 647 2387 Od.
667 2356 703 2394 4,
723 2357 776 2396 47,

82 2402 136 2434 46.
157 2420 194 2425 -
216 2411 298 2435 nam
313 2404 428 2446 pudet]
454 2405 602 2437 «invitus
618 2414 685 2437 nec
700 2406 777 2438 sine

81 2449 315 2491 indignatione
334 2452 414 2485 dico
431 2461 490 2485 me
507 2453 639 2486 derisui
661 2454 779 2487 homi-

82 2499 186 2532 nibus
202 2499 330 2539 fuisse;
347 2510 428 2533 nam
433 2503 537 2542 pudet
550 2503 667 2535 tantae
683 2503 780 2543 igno-

82 2549 245 2582 miniae.»
268 2550 348 2582 Sine
360 2559 468 2583 causa
483 2551 589 2592 igitur
600 2552 774 2584 Brouckh.

82 2598 275 2638 iampudet.
301 2616 336 2622 —
364 2599 494 2632 Fabula
516 2600 612 2632 haud
634 2609 715 2633 raro
731 2600 777 2634 de

82 2647 223 2680 sinistro
253 2656 408 2681 rumore.
426 2656 429 2659 ·
454 2648 528 2681 Tib.
569 2650 604 2689 4,
640 2649 680 2689 4,
715 2649 775 2682 83:

195 2708 316 2737 ΗοιιΑτ.
339 2716 410 2738 voi..
430 2708 451 2738 1.
495 2717 546 2740 ει),
570 2717 673 2739 MAIOR
696 2709 742 2738 m.

825 1144 870 1176 ad
904 1146 997 1179 Artis
1031 1146 1217 1188 poeticae,
1253 1155 1345 1188 quae
1374 1147 1410 1179 in
1440 1155 1484 1179 eo

826 1194 972 1230 Ultimus
994 1205 1028 1227 v.
1054 1196 1090 1228 in
1111 1196 1149 1228 B.

828 1320 933 1352 Parce
942 1328 1046 1360 puer,
1071 1329 1205 1360 quaeso,
1228 1329 1270 1353 ne
1292 1321 1400 1361 turpis
1411 1321 1529 1362 fabula

826 1370 920 1411 flam.
945 1369 1044 1402 Ovid.
1061 1370 1139 1402 Am.
1165 1370 1203 1409 3,
1223 1371 1236 1402 4
1254 1396 1262 1410 ,
1286 1370 1323 1402 24
1344 1380 1351 1401 :
1386 1370 1528 1411 Fabula,

828 1428 888 1451 nec
908 1419 1025 1459 sentis,
1049 1422 1119 1451 tota
1139 1419 1280 1451 iactaris
1302 1420 1338 1451 in
1362 1419 1456 1452 Urbe.

873 1468 928 1500 9-
944 1467 998 1501 44.
1023 1469 1184 1511 languor]
1211 1470 1354 1511 «torpor
1381 1471 1417 1502 et
1443 1478 1528 1502 cru—
1600 1459 1602 1463 ’

830 1518 942 1550 ciatus
969 1518 1112 1550 animi.»
1147 1519 1274 1550 Aenos.
1316 1536 1355 1542 —-
1389 1519 1528 1561 Arquit]

831 1567 912 1600 «Est
944 1567 1093 1608 perfecti
1126 1568 1331 1609 temporis.»
1365 1569 1461 1601 Innu.
1490 1587 1526 1592 —-

828 1616 974 1658 spiritus]
1012 1617 1183 1658 «suspiria
1214 1626 1258 1649 ex
1286 1618 1359 1650 imo
1381 1618 1528 1659 pectore

829 1666 973 1707 petita.»
1005 1665 1115 1698 Plaut.
1142 1666 1227 1698 Cist.
1253 1667 1292 1706 4,
1312 1667 1350 1706 4,
1368 1667 1427 1699 58:
1458 1667 1529 1699 Hoc

828 1715 873 1746 sis
900 1715 992 1754 vide,
1027 1717 1065 1747 ut
1088 1715 1207 1755 petivit
1227 1716 1417 1756 Suspirium
1439 1716 1529 1749 alte!

829 1764 923 1804 Virg.
948 1765 1034 1796 Aen.
1061 1764 1099 1803 4,
1125 1764 1183 1796 374
1203 1774 1211 1795 z
1236 1765 1419 1805 Suspirans
1439 1766 1527 1798 imo—

829 1821 892 1852 que
913 1813 1046 1845 trahem
1068 1822 1091 1845 a
1107 1817 1242 1854 pectore
1262 1823 1385 1847 vocem.
1424 1815 1524 1847 ovid.

828 1863 909 1895 Met.
947 1863 984 1902 2,
1021 1862 1103 1895 774:
1151 1864 1340 1903 voltumque
1375 1864 1447 1896 ima
1483 1865 1529 1896 ad

827 1911 974 1952 smpim
996 1912 1117 1944 duxit:
1133 1931 1169 1936 —
1195 1913 1372 1954 Contrane]
1389 1912 1528 1955 Triplex

829 1961 863 1992 h.
893 1959 916 1992 1.
954 1962 1168 1994 constructio
1203 1963 1384 1994 contracta
1422 1962 1452 2002 4)
1483 1971 1527 1995 ex

828 2010 1099 2051 interrogatione
1115 2021 1122 2042 :
1149 2011 1314 2044 Contrane
1334 2011 1466 2043 lucrum
1479 2011 1529 2043 nil

826 2059 915 2091 valet
935 2059 1129 2101 ingenium?
1156 2060 1187 2101 2)
1212 2069 1257 2092 ex
1279 2060 1526 2101 indignationis

828 2107 1104 2142 exclamatione:
1152 2110 1279 2142 Contra
1313 2111 1444 2142 lucrum
1479 2110 1529 2142 m'l

825 2158 936 2190 valere
957 2158 1148 2199 inqenium!
1172 2158 1202 2199 3)
1222 2159 1392 2199 Querebar
1405 2160 1455 2191 nil
1466 2168 1528 2191 va-

827 2207 894 2239 lere
930 2208 1111 2248 ingenium.
1165 2208 1223 2240 Nil
1256 2209 1370 2241 valere
1406 2210 1526 2241 autem

827 2255 923 2297 apud
936 2257 1115 2290 Inachiam
1131 2259 1253 2290 contra
1268 2257 1430 2290 rivalium
1445 2267 1527 2291 mu-

826 2314 914 2338 nera
937 2304 1087 2347 largiora
1109 2305 1259 2348 simplex
1282 2315 1324 2339 ac
1346 2307 1526 2340 sincerum

827 2355 1006 2396 ingenium
1029 2364 1135 2389 suum
1157 2355 1381 2389 lamentatur.
1406 2374 1442 2379 —
1462 2366 1527 2398 ap-

822 2404 964 2444 plorans
1000 2404 1074 2445 tibi]
1115 2413 1225 2437 «cum
1246 2403 1403 2438 lacrimis
1423 2414 1526 2439 meos

828 2461 970 2485 amores
993 2452 1056 2485 tibi
1079 2453 1297 2486 confessus.»
1339 2454 1380 2485 V.
1405 2455 1525 2495 applo-

826 2510 924 2541 rare,
958 2500 1327 2549 προσολοφύρεσθαί
1348 2512 1433 2543 τινι,
1468 2504 1526 2537 vix

827 2549 910 2583 alibi
940 2552 1117 2594 reperitur
1145 2560 1254 2594 quam
1283 2553 1341 2585 hic
1365 2555 1401 2585 et
1429 2553 1526 2595 apud

827 2602 1001 2634 Senecam
1025 2602 1181 2640 Quaestt.
1206 2603 1278 2634 nat.
1298 2601 1336 2641 4,
1361 2603 1400 2642 2,
1425 2603 1457 2635 6.
1486 2621 1522 2627 -

826 2650 1074 2694 inverecundus]
1089 2659 1180 2693 «quo
1191 2650 1370 2686 liberalius
1382 2653 1524 2694 sumpto

1261 2712 1297 2741 45
