1722 2904
160 111 242 153 388

674 109 845 142 HORATII
870 108 1096 142 CARMINUM

500 216 562 258 De
593 221 742 257 tenero
772 212 1003 256 meditatur
1031 210 1193 268 ungui;

383 298 478 340 Mox
509 296 698 338 iuniores
727 293 900 352 quaerit
929 291 1149 336 adulteros

1554 290 1608 333 25

382 380 495 420 Inter
525 376 662 419 mariti
692 375 802 425 vina,
836 387 981 431 neque
1011 372 1128 430 eligit

439 458 515 501 Cui
545 457 677 500 donet
705 454 977 513 impermissa
1006 452 1161 510 raptim

242 612 296 644 27.
331 610 519 642 intermissa
542 606 647 649 8135,
679 606 769 639 Pott.
796 608 869 638 tres

197 662 252 693 tus
276 661 312 692 et
334 659 420 692 Ach.
448 658 543 691 Statii
567 656 670 690 liber.
720 656 772 696 (Ut
794 663 877 694 nos,

152 796 298 829 artibus.
347 796 439 834 Cur,
466 803 618 836 quaeso,
652 794 723 825 iasm
743 801 850 832 nwnc,

151 848 181 879 si
204 846 349 878 iamiam
371 846 511 876 matura
535 844 618 875 est‘?
652 844 744 875 Num
772 843 854 884 post

149 895 390 929 maturitatem
406 894 553 926 demum
569 892 644 925 illas
666 892 852 925 addiscere

149 944 334 977 debebat?
393 945 506 976 Immo
544 941 721 983 iungenda
762 942 852 974 haec

149 1003 233 1027 cum
256 992 512 1035 sequentibus:
541 993 630 1024 «iam
643 1001 748 1031 nune,
773 1000 853 1024 ma-

148 1046 227 1077 tura
251 1043 414 1086 quidem,
449 1041 514 1074 sed
537 1041 697 1074 nondum
727 1042 849 1083 nupta,

151 1094 272 1126 animo
296 1093 403 1134 agitat
425 1100 567 1124 amores
590 1092 747 1131 incestos,
775 1089 852 1123 «vel

152 1143 487 1184 impudicissimus»,
504 1150 586 1173 mox
594 1141 778 1183 nuptacet.
796 1140 851 1173 Ad

148 1193 255 1235 partt.
280 1193 351 1224 iam
372 1200 460 1224 nunc
484 1191 546 1223 cfr.
567 1190 629 1223 Od.
649 1191 688 1231 2,
716 1190 754 1230 4,
780 1190 847 1230 ⁴7„

152 1243 188 1274 et
211 1241 358 1281 crebro,
384 1250 456 1274 non
479 1241 599 1272 tamen
615 1249 771 1282 semper,
789 1248 852 1281 po-

150 1292 283 1323 nuntur
294 1290 545 1333 propositionis
560 1290 657 1322 initio
669 1315 676 1329 ,
699 1290 738 1321 ut
753 1289 850 1331 apud

147 1340 258 1373 Plaut.
296 1339 364 1373 Mil.
401 1338 488 1381 glor.
521 1340 558 1379 2,
585 1340 624 1379 6,
652 1339 736 1371 403:
776 1340 850 1371 Iasm

147 1399 236 1422 nunc
260 1390 343 1422 satis
365 1393 395 1422 et
411 1390 489 1430 plus
503 1390 607 1421 nimio
621 1390 732 1421 ‘merui
752 1390 845 1421 mali.

148 1440 279 1472 Contra
302 1440 452 1481 Propert
477 1439 517 1479 4,
546 1439 607 1478 Μ,
632 1439 692 1471 93:
726 1440 851 1471 Discite

147 1493 325 1522 venturam
347 1490 417 1521 iam
431 1498 519 1521 nunc
534 1489 654 1521 sentire
673 1493 847 1522 senectwm.

147 1540 187 1571 In
228 1538 406 1571 clausulae
444 1540 564 1571 autem
601 1538 670 1571 fine
711 1539 760 1580 (ut
792 1539 849 1571 hie

148 1587 318 1621 volebant
338 1588 505 1629 nonnulli)
531 1588 649 1621 locum
667 1598 851 1630 nunquam

148 1637 269 1670 habet.
297 1637 367 1670 Csr.
386 1638 487 1670 Hand
504 1639 602 1671 Turs.
630 1639 685 1671 111.
711 1648 747 1680 p.
771 1638 846 1671 453.

190 1687 245 1719 24.
270 1688 322 1720 De
336 1688 605 1730 tenero-ungui]
632 1690 850 1720 Graecorum

146 1733 189 1778 ἐξ
221 1732 380 1769 ἁπαλῶν
415 1734 577 1777 ὀνύχων.
640 1740 715 1771 Iam
749 1737 849 1770 solita

149 1787 205 1818 est
227 1787 492 1828 interpretatio:
533 1788 634 1820 «inde
658 1797 678 1820 a
702 1786 850 1830 puellari

147 1836 282 1875 aetate,
307 1845 327 1868 a
343 1837 458 1878 prima
474 1837 753 1874 adolescentia»;
779 1845 851 1878 qua

148 1884 296 1925 quidem
330 1887 476 1928 recepta
510 1895 581 1919 non
614 1888 736 1919 tamen
773 1887 849 1919 sine

148 1943 256 1967 causa
287 1935 322 1967 in
351 1937 424 1967 toto
454 1935 532 1969 loco
562 1936 678 1970 haesit
700 1936 850 1970 Hofman

149 1984 378 2026 Peerlkamp,
410 1987 571 2018 ceterum
600 1987 689 2019 mire
718 1994 852 2028 propo-

151 2043 240 2067 nens
253 2043 287 2066 v.
303 2035 344 2066 22
356 2044 362 2065 z
376 2034 403 2066 Α
414 2039 523 2067 matre
532 2036 640 2078 vir90.
660 2037 835 2069 «Matura»
843 2061 850 2075 ,

149 2084 273 2125 inquit,
293 2083 406 2116 «male
423 2085 590 2117 convenit
605 2094 688 2118 cum
700 2094 854 2127 sequen-

149 2132 264 2172 tibus,
315 2133 377 2165 ubi
416 2133 545 2167 eadem
581 2135 680 2176 virgo
725 2135 853 2167 dicitur

150 2191 292 2216 amores
316 2183 474 2216 incestos
498 2184 663 2216 meditari
687 2185 726 2216 de
741 2187 852 2217 tenero

150 2232 290 2274 miqui.»
342 2233 412 2265 Sed
446 2242 576 2266 novam
598 2219 774 2267 rationem
797 2235 854 2267 in-

150 2282 294 2322 geniose
318 2284 354 2314 et
376 2282 481 2315 docte
498 2292 613 2325 nuper
632 2284 856 2325 investigavit

151 2331 266 2371 Unger
288 2331 329 2363 V.
355 2332 393 2364 R.
418 2341 453 2374 p.
479 2332 581 2373 bot,
608 2341 717 2374 quam
738 2333 856 2366 brevi-

151 2380 206 2412 ter
228 2380 286 2412 hie
310 2389 497 2422 exponam.
545 2382 685 2415 scillcet
706 2380 748 2425 ἐξ
763 2379 856 2416 ὀνύ-

152 2439 234 2469 χων
269 2431 304 2462 et
337 2427 378 2472 ἐξ
412 2427 572 2463 ἁπαλῶν
609 2428 762 2472 ὀνύχων
799 2434 855 2466 est

155 2479 336 2520 «penitus»
350 2506 357 2520 ,
392 2482 431 2512 ut
452 2489 518 2513 nos
541 2481 761 2522 diceremus,
789 2492 855 2516 «ex

154 2528 286 2561 intimis
310 2529 468 2569 nervis»,
493 2531 532 2562 ut
554 2531 665 2563 Latini
688 2530 771 2564 alibi
800 2532 855 2564 di-

153 2579 298 2618 xerunt,
338 2586 403 2610 «ex
434 2579 514 2611 imis
544 2579 743 2613 medullis.»
783 2581 856 2614 Cur

153 2627 275 2659 autem
321 2627 464 2660 intimus
503 2636 630 2662 sensus
667 2630 856 2672 unguiculis

155 2674 260 2708 tribui
285 2677 448 2717 potuerit,
467 2678 582 2719 aperit
591 2677 710 2712 Pollux
723 2679 755 2718 2,
777 2678 851 2712 ⁴46.

885 631 892 645 ,
928 604 1113 644 improvisa
1135 601 1319 636 Pulmanni
1344 602 1431 637 Cod.
1456 603 1563 645 quin-

903 653 1027 693 Bbed.)

903 785 1054 831 ὅνυχες,
1071 788 1136 831 ὑφ’
1148 786 1208 831 οἷς
1219 786 1268 823 τὰ
1280 787 1396 837 νεῦρα
1411 787 1608 824 παύεσθαι

903 839 1093 885 λέγουσιν.
1129 840 1276 874 Rufinus
1295 841 1401 874 Anth.
1423 840 1496 874 Pal.
1518 842 1545 875 1.
1569 850 1606 884 p.

903 890 944 923 87
962 900 969 922 ε
1009 887 1080 933 τὴν
1102 886 1244 933 ψυχὴν
1266 887 1309 932 ἐξ
1333 886 1487 930 ὀνύχων
1509 886 1609 924 ἀνά-

902 950 971 984 γει.
1019 940 1108 973 Plut.
1142 940 1188 973 de
1218 940 1330 974 Educ.
1365 939 1426 973 lib.
1452 941 1485 973 5.
1510 949 1547 983 p.
1572 940 1604 974 3.

901 990 966 1023 Ed.
984 990 1110 1023 Didot:
1138 987 1460 1037 συμπαθέστερόν
1474 1000 1518 1023 τε
1528 986 1606 1038 γὰρ

900 1040 1100 1087 θρέψουσι
1133 1040 1200 1073 καὶ
1235 1037 1300 1073 διὰ
1322 1039 1500 1082 πλείονος
1522 1039 1606 1074 ἐπι-

899 1089 1072 1133 μελείας,
1105 1086 1159 1131 ὦς
1180 1085 1232 1122 ἄν
1254 1085 1412 1123 ἔνδοθεν
1433 1090 1524 1130 καί,
1560 1086 1607 1122 τὸ

900 1138 947 1184 δὴ
964 1137 1186 1185 λεγόμενον,
1200 1137 1242 1182 ἐξ
1253 1135 1408 1180 ὀνύχων
1421 1136 1607 1183 [ἁπαλῶν]

900 1187 1105 1235 ἀγαπῶσαι
1126 1187 1173 1222 τὰ
1189 1190 1305 1223 τέκνα
1318 1214 1328 1231 ,
1352 1190 1433 1232 ubi,
1459 1199 1542 1223 cum
1557 1190 1605 1224 de

899 1241 1074 1274 matribus
1097 1240 1287 1273 manifesto
1310 1242 1445 1282 agatur,
1471 1240 1606 1282 signifi-

899 1292 957 1323 eat
992 1290 1187 1332 «penitusm
1249 1291 1340 1323 Item
1377 1289 1604 1323 Automedon

899 1340 1004 1373 Anth.
1041 1338 1112 1372 Pal.
1147 1340 1175 1372 Ι.
1212 1348 1247 1381 p.
1286 1339 1372 1372 ⁴⁴9:
1413 1335 1493 1382 Τὴν
1523 1335 1604 1372 ἀπὸ

899 1387 970 1432 τῆς
988 1385 1115 1432 Ἀσίης
1138 1385 1374 1435 ὀρχηστρίδα
1387 1413 1396 1429 ,
1438 1386 1510 1432 τὴν
1532 1399 1606 1422 κα-

899 1440 1100 1480 κοτέχνοις
1131 1436 1337 1482 Σχήμασιν
1371 1436 1413 1482 ἐξ
1443 1435 1606 1472 ἁπαλῶν

898 1490 1107 1532 κινυμένην
1129 1484 1282 1528 ὀνύχων
1319 1482 1455 1531 (αοιίὶιιε
1481 1491 1601 1524 motus

900 1539 1022 1572 lascivi
1031 1538 1130 1572 velut
1141 1547 1185 1571 ex
1196 1539 1329 1572 teneris
1340 1538 1521 1581 unguibus
1533 1540 1603 1572 orti

900 1591 1015 1622 totum
1047 1597 1114 1630 per
1144 1596 1274 1630 corpus
1314 1588 1602 1631 propagantur-‚iq

900 1637 1032 1672 Αἰνέω.
1059 1637 1168 1671 Plaut.
1185 1638 1292 1671 Stich.
1317 1639 1359 1679 5,
1384 1639 1425 1679 5,
1451 1638 1514 1671 ⁴9:
1539 1639 1604 1671 Lo—

895 1689 1014 1729 pidam
1036 1691 1068 1720 et
1089 1696 1227 1720 suavem
1248 1688 1436 1720 cantionem
1451 1688 1606 1729 aliquam
1627 1702 1634 1707 *

901 1739 1039 1779 occipito
1073 1738 1304 1778 cinaedicam,
1347 1738 1406 1770 Ubi
1422 1738 1607 1779 penum-i-

900 1797 1034 1820 scamus
1055 1796 1160 1828 usque
1181 1796 1226 1820 ex
1246 1787 1460 1830 unguiculis,
1495 1796 1609 1830 quem

900 1836 1019 1869 locum
1052 1837 1228 1879 expressit
1258 1837 1428 1880 Apuleius
1461 1838 1544 1872 Met.
1567 1846 1605 1880 p.

901 1886 977 1919 938.
1014 1887 1075 1926 Η.,
1115 1886 1178 1918 ubi
1213 1886 1496 1921 Hildebrandus:
1547 1883 1610 1929 «ἐξ

902 1931 1054 1974 ὀνύχων
1076 1934 1226 1976 φιλεῖν,
1257 1936 1294 1969 id
1317 1938 1389 1976 est,
1416 1945 1460 1969 ex
1483 1937 1607 1970 intimo

901 1986 1070 2027 pectore,
1095 1985 1256 2026 penitus,
1283 1985 1507 2026 medullitus;
1545 1987 1607 2029 qui

902 2035 998 2067 enim
1022 2043 1066 2066 ex
1081 2033 1242 2076 partibus
1259 2035 1421 2076 corporis
1436 2033 1608 2070 extremis
1638 2058 1646 2063 -

902 2084 1003 2126 quasi
1025 2083 1152 2125 flagrat
1174 2085 1210 2116 et
1231 2083 1390 2125 lascivit,
1426 2086 1500 2118 toto
1524 2094 1608 2118 cor-

901 2142 989 2175 pore
1024 2133 1279 2175 concupiscit·
1326 2133 1399 2167 Cic.
1436 2133 1483 2167 ad
1505 2135 1602 2168 Fam.

903 2183 934 2223 4,
952 2183 984 2222 6,
1002 2182 1043 2215 2:
1068 2182 1435 2224 sedpraestateeum,
1453 2184 1607 2225 quintilli

903 2241 926 2264 a
948 2232 1083 2272 teneris,
1107 2234 1146 2264 ut
1168 2232 1289 2265 Graeci
1310 2232 1442 2274 dicunt,
1476 2233 1604 2276 unqui-

901 2282 985 2315 culis
1018 2291 1052 2314 es
1085 2282 1257 2324 cognitus,
1295 2282 1445 2316 «intime
1458 2294 1494 2324 ιι,
1533 2291 1606 2317 non

905 2331 1007 2364 «inde
1031 2340 1051 2363 a
1074 2332 1188 2373 prima
1210 2332 1402 2374 pueritia;»
1440 2341 1507 2375 pro
1533 2341 1606 2375 qua

902 2384 1023 2415 tamen
1056 2382 1312 2424 significatione
1346 2381 1608 2424 unger.attu1it

903 2432 1069 2465 Laurent.
1097 2431 1185 2472 Lyd.
1211 2431 1257 2464 de
1280 2432 1394 2473 Magg.
1418 2432 1460 2473 2,
1487 2432 1543 2465 26.
1565 2440 1618 2475 p.·

905 2481 991 2514 438:
1014 2477 1107 2522 τοὺς
1128 2478 1170 2513 δὲ
1183 2478 1332 2524 νόμους
1345 2478 1473 2523 εἰδώς.
1501 2479 1607 2528 αἵπερ

903 2541 961 2572 τις
982 2524 1101 2572 ἄλλος
1114 2555 1124 2572 ,
1150 2526 1209 2572 οἷς
1223 2528 1264 2573 ἐξ
1279 2526 1439 2564 ἁπαλῶν
1454 2527 1606 2570 ὀνύχων

903 2577 1107 2627 ἐνετράφη.
1131 2580 1206 2614 Alia
1220 2581 1421 2614 testimonia
1434 2589 1501 2624 pro
1510 2580 1606 2623 prio-

904 2639 944 2663 re
968 2629 1024 2663 illa
1047 2629 1129 2662 vide
1152 2630 1248 2672 apud
1269 2631 1400 2672 ipsum.

948 2680 1002 2712 25.
1031 2679 1085 2713 26.
1111 2680 1196 2714 Mox
1214 2680 1360 2713 iuniores
1373 2678 1457 2722 cet]
1484 2679 1603 2712 «Dum
