1722 2904
604 122 681 154 Lm.
709 122 764 154 m.
812 121 851 154 C.
877 121 933 153 vi.

282 543 434 567 =-J
482 548 512 556 *⁴

248 573 412 619 Delicta
441 532 652 626 maiorum
682 539 918 616 immeritus
949 545 1068 621 lues,

246 648 454 703 Romane,
486 639 626 697 donec
657 652 815 710 templa
844 652 1048 696 refeceris

31 769 42 823 ,ἶ
109 788 166 820 vl.
190 788 303 819 Inscr.
328 785 419 827 volg.
466 786 516 817 Ad
538 786 712 818 Romanos.
742 803 777 807 —
802 786 852 817 Aa
869 785 1031 825 populum
1054 786 1241 817 [conionum
1264 785 1353 818 BST.
1385 805 1418 809 —

38 835 42 846 ⁷
65 836 117 869 Aa
135 836 319 878 dammum
343 837 526 868 Romanum
549 835 584 867 b.
614 853 651 857 —
676 835 768 867 Redit
790 835 835 866 ad
856 835 1041 876 Augustum
1064 843 1095 866 c.

53 953 124 986 ³vl.
163 953 358 995 Corruptos
380 951 506 984 aetatis
529 959 615 984 suae
638 960 719 984 mo-

44 998 46 1000 ’
72 1028 75 1031 .
105 1003 323 1044 conquestus
347 1002 444 1035 cives
458 1028 466 1041 ,
501 1002 540 1033 ut
562 1001 608 1034 ad
630 1002 718 1034 sim-

42 1053 47 1090 Ϊ
79 1061 150 1085 rm
171 1061 213 1085 ac
235 1060 399 1086 severam
421 1053 596 1085 maiorum
611 1052 719 1085 disci—

127 1116 143 1130 n
174 1101 341 1141 redeant,
366 1101 594 1140 exhortatum
625 1103 718 1135 tecte

64 1151 89 1188 ,ἰ
122 1156 221 1184 'enns
254 1159 399 1184 omnem
429 1151 592 1184 Caesaris
614 1153 719 1184 Octa-

44 1201 113 1245 μ’
136 1209 259 1234 curam
282 1201 319 1233 et
340 1209 488 1242 operam
510 1201 546 1233 in
569 1210 612 1233 eo
642 1202 718 1243 ipso

80 1260 98 1280 ,ι
123 1272 126 1278 .
147 1263 164 1279 ι,
206 1258 311 1289 esse,
357 1252 398 1282 ut
430 1250 561 1282 civium
597 1259 718 1283 mores

59 1295 62 1298 ’
103 1312 117 1327 ··
137 1313 141 1327 ·
161 1300 268 1332 ntur.
314 1299 405 1332 Cum
427 1300 485 1332 bic
507 1300 717 1332 Parthorum

82 1369 85 1377 ι
105 1364 109 1374 ³
131 1357 205 1382 nm
237 1349 411 1382 victorum
440 1347 717 1392 (νικησάντων)

66 1405 68 1407 ’
93 1398 156 1432 tio
169 1398 248 1439 fiat,
272 1398 503 1441 probabiliter
517 1401 614 1432 certe
636 1402 718 1432 ante

54 1454 116 1493 ju.
140 1456 173 1481 c.
197 1448 273 1481 734.
304 1457 449 1481 carmen
481 1449 718 1490 compositum

80 1522 90 1530 .
122 1497 167 1530 Et
189 1505 272 1530 cum
293 1497 365 1530 iam
379 1497 447 1530 sub
463 1498 600 1530 initium
621 1498 720 1539 prin-

68 1569 70 1573 ,
101 1547 159 1580 lus
180 1547 392 1580 octavianus
415 1547 578 1580 Caesaris
607 1548 719 1589 ipsius

132 1597 210 1629 'um
231 1598 377 1629 secutus
401 1597 590 1638 cogitasset
620 1596 718 1638 leges

71 1642 110 1691 ,ᾗ
125 1671 134 1686 ,
168 1646 299 1687 quibus
324 1645 484 1678 licentiae
511 1655 554 1678 ac
583 1645 718 1679 libidini

139 1709 155 1723 ιι
188 1695 313 1734 iretur,
353 1696 614 1737 sapientissimo
637 1696 720 1728 huic

68 1747 73 1750 ’
100 1744 186 1784 'o,
220 1744 319 1786 quod
341 1743 396 1776 ille
420 1745 551 1778 multos
573 1745 720 1778 demum

129 1801 241 1827 annos
266 1795 413 1836 exsequi
439 1795 574 1836 potuit,
614 1797 720 1837 poeta

103 1867 107 1870 -
143 1842 313 1885 praelusit
341 1844 436 1876 circa
466 1853 498 1875 a.
522 1853 556 1876 ιι.
584 1853 614 1876 c.
641 1845 717 1876 726.

63 1887 92 1925 2*-
113 1907 120 1920 ·-
156 1893 289 1925 Franke
320 1893 411 1926 Fast.
447 1894 532 1926 Hor.
569 1903 604 1935 p.
642 1894 717 1926 ⁴93.

68 1939 328 1983 ,Billenburger
348 1950 385 1984 p.
402 1942 470 1983 88.)
504 1943 577 1975 Lex
599 1944 720 1975 autem

3 1995 4 1998 ’
60 1989 100 2031 jj‘
131 1989 178 2025 (le
201 1990 382 2024 adulteriis
405 1990 475 2023 lata
502 1994 557 2025 est
576 2001 608 2024 a.
632 2002 668 2024 u.
686 2001 717 2024 c.

70 2049 104 2081 '.'‚·
115 2064 125 2079 ,
143 2040 220 2072 Lex
240 2041 347 2082 Papia
363 2042 527 2082 Poppaea
543 2041 588 2073 de
611 2042 721 2073 mari-

54 2127 59 2132 .
90 2085 718 2122 ‘1=ordinihusdemuma.u.c.762.

108 2138 248 2171 Meta
258 2139 342 2181 cet]
361 2139 412 2171 Ex
426 2139 670 2181 antiquissima
686 2141 722 2172 et

108 2193 121 2214 1
176 2187 251 2220 sum
279 2189 316 2220 et
338 2189 554 2220 Graecorum
582 2189 721 2229 opinio-

15 2270 18 2271 .
47 2221 84 2277 ,⁷
106 2210 239 2278 -Έιιι-ιρ.
258 2237 371 2278 Frgm
388 2238 457 2270 inc.
477 2238 551 2270 ⁴33
576 2238 718 2271 mattha

11 2303 13 2305 ·
65 2288 72 2318 J
96 2283 195 2318 ϊτῶν
226 2284 414 2318 τεκόντων
448 2285 643 2330 σφάλματ’
667 2288 721 2328 εἰς

9 2331 16 2345 ³
77 2337 91 2357 ’·
150 2333 334 2379 ἐκγόνους
368 2336 415 2368 Οἱ
446 2336 529 2369 θεοὶ
558 2338 721 2383 τρέπου-

69 2418 75 2423 ,
94 2391 105 2416 a
119 2401 157 2407 —
171 2385 348 2428 maionm]
365 2386 446 2418 inde
463 2395 483 2418 a
499 2386 721 2427 temporibus

18 2463 19 2466 ,
70 2431 104 2476 ’,ν
132 2433 195 2474 ι’,;
232 2434 384 2467 duarum
416 2444 527 2477 prope
565 2437 722 2467 aetatum

8 2482 11 2483 ’
68 2476 105 2518 ,'-
139 2481 209 2514 hoc
238 2479 383 2516 carmen
406 2484 654 2526 compositum.
682 2503 719 2508 —

208 2531 220 2574 ]
245 2533 332 2565 «etsi
353 2532 444 2565 nulla
459 2533 602 2575 propria
618 2532 721 2575 culpa

136 2592 141 2601 ¹
185 2593 216 2612 ,ι
260 2582 397 2614 Etenim
418 2581 574 2623 loquitur
595 2582 640 2614 de
664 2591 723 2614 ae-

27 2661 30 2663 .
64 2667 67 2670 Α
115 2628 287 2668 ,iamiam
309 2631 464 2671 oriente,
489 2639 581 2672 quae
601 2631 723 2672 proxi-

82 2679 355 2718 praecedentis
378 2657 517 2722 culpas,
550 2681 615 2712 nisi
645 2680 719 2722 ipsa

769 951 815 984 ad
837 960 978 984 morum
996 953 1233 985 innocentiam
1249 954 1284 984 et
1298 953 1467 994 pietatem

769 1002 925 1034 reditura
959 1002 1020 1040 sit,
1053 1001 1153 1034 luere
1187 1001 1330 1034 debeat.
1378 1001 1467 1034 Nihil

769 1053 888 1083 autem
911 1050 1083 1083 infelicius
1097 1059 1256 1092 unquam
1271 1051 1344 1083 vidi
1359 1060 1467 1093 quam

769 1100 837 1132 ΗΡ.
863 1100 1012 1132 coniect.
1036 1101 1197 1137 niet-itum
1222 1101 1354 1133 etenim
1377 1101 1469 1133 inter

769 1150 899 1182 Delicta
915 1151 951 1182 et
966 1150 1149 1182 humer-itus
1158 1149 1322 1183 callidam
1332 1175 1340 1189 ‚
1358 1151 1468 1183 immo

769 1200 968 1240 egregiam,
993 1208 1012 1231 a
1035 1200 1142 1241 poeta
1164 1200 1363 1240 quaesitam
1386 1207 1468 1232 esse

767 1243 964 1281 ἀντίθεσιν
985 1250 1084 1281 recte
1100 1249 1341 1290 significarunt
1355 1249 1470 1282 Krab-

770 1306 836 1330 ner
857 1300 894 1330 et
915 1297 1163 1339 Dillenburger
1183 1307 1263 1340 pag.
1287 1298 1343 1330 88.

812 1347 844 1379 2.
868 1347 1025 1389 Romane]
1049 1348 1162 1389 Saepe
1184 1347 1235 1380 sic
1259 1348 1377 1379 Livius
1401 1355 1468 1388 pro

770 1405 919 1429 numero
946 1395 1083 1438 plurali.
1133 1396 1203 1429 Ctr.
1240 1397 1348 1429 etiam
1370 1397 1465 1436 Virg.

769 1447 857 1478 Aen.
874 1446 908 1486 6,
932 1446 1016 1479 852:
1049 1446 1097 1478 Tu
1118 1455 1234 1487 regere
1251 1446 1391 1486 imperio
1407 1454 1470 1485 po-

764 1496 878 1536 pulos,
901 1497 1065 1536 Romane,
1085 1500 1258 1529 manento.
1275 1515 1312 1519 —
1330 1495 1464 1537 templa]

771 1546 939 1586 Templum
960 1546 1103 1588 proprie
1119 1546 1234 1578 omnis
1249 1545 1349 1578 locus
1364 1546 1469 1577 antea

768 1595 937 1638 profanus
952 1621 960 1635 ‚
985 1597 1108 1637 postea
1131 1596 1384 1636 inauguratus;
1409 1603 1469 1626 ae-

770 1646 841 1684 des,
887 1645 1003 1677 omnis
1044 1644 1196 1676 deorum
1233 1644 1373 1676 domus.
1421 1644 1466 1676 M.

768 1695 881 1726 Varro
905 1694 1000 1735 apud
1022 1693 1108 1726 Geli.
1134 1693 1194 1733 ⁴4,
1213 1694 1252 1726 7:
1278 1703 1344 1725 mm
1359 1702 1471 1725 omnes

769 1744 866 1776 aedes
886 1752 1004 1775 sacras
1025 1743 1147 1783 templa
1162 1752 1229 1775 esse
1243 1752 1285 1775 ac
1299 1752 1341 1775 ne
1355 1743 1471 1775 aedem

770 1793 901 1833 quidem
929 1793 1040 1825 Vestae
1062 1793 1219 1832 templum
1241 1801 1322 1831 esse.
1378 1792 1419 1824 H.
1443 1791 1467 1823 1.

769 1842 987 1883 homonyma
1004 1844 1096 1874 sunt.
1144 1843 1212 1874 Per
1233 1840 1326 1873 bella
1349 1843 1471 1873 autem

769 1891 882 1924 civilia
906 1893 942 1923 et
962 1893 1109 1933 propter
1132 1890 1251 1923 clades
1281 1891 1470 1923 hominum

770 1942 806 1973 et
838 1942 986 1982 propter
1016 1941 1190 1982 pecuniae
1224 1939 1406 1972 derectum
1434 1940 1470 1971 in

769 1991 846 2032 ipsa
878 1990 968 2022 urbe
1000 1991 1184 2031 magisque
1215 1990 1322 2021 etiam
1346 1990 1380 2021 in
1404 1998 1470 2033 op-

769 2039 860 2081 pidis
876 2038 1035 2080 neglecta
1058 2039 1196 2071 fuerant
1213 2037 1355 2079 templa.
1388 2039 1472 2077 Pro-

768 2091 860 2131 pert.
874 2091 908 2128 2,
922 2090 955 2129 6,
966 2089 1025 2121 35:
1051 2089 1116 2120 Sed
1129 2098 1195 2121 non
1211 2088 1313 2129 (nunc
1325 2087 1467 2120 Hertzb.

771 2139 874 2179 coni.)
892 2139 1057 2170 immerito
1071 2138 1194 2170 velavit
1208 2146 1339 2170 aranea
1350 2138 1471 2178 fanum

757 2189 813 2220 -Εῖ
833 2189 927 2220 mala
948 2189 1090 2220 desertos
1112 2190 1252 2227 occupat
1264 2187 1367 2219 herba
1381 2188 1467 2219 deo&

774 2256 809 2261 -
834 2237 1006 2278 refeceris]
1031 2237 1177 2278 Augusti
1200 2245 1243 2268 ea
1265 2235 1355 2268 laus.
1395 2236 1467 2269 Cir.

771 2286 834 2318 Od.
852 2287 885 2326 2,
904 2288 964 2326 ⁴5,
980 2287 1055 2326 20„
1081 2286 1177 2318 unde
1201 2293 1286 2318 eum
1307 2286 1359 2318 sic
1382 2285 1471 2318 allo-

771 2337 890 2377 quitur
912 2335 1010 2368 Ovid.
1037 2337 1126 2368 Fast.
1152 2336 1190 2375 2,
1216 2335 1281 2368 63:
1322 2336 1471 2376 Templo-

770 2394 847 2417 ηοω
875 2386 1021 2425 positor,
1056 2384 1254 2425 templorum
1279 2388 1393 2417 sancte
1412 2394 1471 2417 re-

766 2437 892 2474 postor.
927 2434 1020 2475 Virg.
1037 2436 1125 2466 Aen.
1142 2434 1180 2473 8,
1198 2433 1275 2466 7⁴6.
1292 2434 1470 2475 Augustus

772 2484 924 2516 sacravit
956 2483 1112 2515 Maxima
1148 2486 1329 2515 tercentum
1367 2486 1482 2525 totam,

771 2532 909 2564 delubra
926 2541 990 2572 per
1014 2532 1141 2564 Urbem.
1189 2532 1284 2564 Suet.
1309 2532 1385 2564 oct.
1402 2531 1467 2564 30:

770 2582 872 2614 Aedes
892 2589 1009 2613 sacras
1028 2584 1190 2613 vetustate
1221 2581 1386 2622 collapsas
1411 2585 1471 2613 αιιῖ

770 2631 920 2663 incendio
954 2629 1144 2670 absumptas
1178 2630 1301 2671 refecit.
1358 2630 1469 2662 Etiam

770 2679 931 2711 Tiberius
963 2680 1053 2711 teste
1076 2679 1195 2712 Tacito
1218 2681 1307 2711 Ann.
1337 2679 1357 2711 2
1373 2704 1380 2718 ,
1405 2678 1466 2711 49:
