1722 2904
145 67 189 110 74
200 68 225 110 2
677 70 848 103 HORATn
873 70 1046 104 EPODON

199 174 237 217 Ο
269 187 351 231 ego
382 187 467 217 non
496 173 613 225 felix,
647 188 777 232 quam
806 180 851 217 tu
882 174 1013 232 fugis,
1045 181 1092 217 ut
1121 181 1250 232 pavet
1279 189 1403 221 acres
1537 178 1593 221 25

254 257 373 313 Agna
403 255 528 313 lupos
558 269 832 313 capreaeque
866 255 1041 299 leones!

227 389 281 420 25.
309 388 335 420 Ο
361 397 420 429 eqo
442 388 561 430 infelix
585 388 718 421 «Codd.
745 388 890 430 quidam
912 388 987 420 tam
1009 387 1159 421 aliorum
1182 397 1292 430 quam
1315 389 1450 429 nostri,
1464 390 1552 423 ·sed

184 438 206 469 ii
231 446 302 470 non
324 436 469 470 ultimae
491 438 713 470 vetustatis.»
744 439 867 470 Banu.
901 439 1160 471 Grammaticus
1183 438 1402 472 Eichenfeld.
1418 448 1454 482 p.
1474 441 1549 473 ⁴⁴2.

185 488 222 520 et
245 488 425 520 Charisius
441 497 476 530 p.
496 487 570 521 434.
590 490 626 520 P.
646 497 726 531 pag.
746 488 799 520 94.
818 489 856 521 L.
884 487 936 529 (Ut
958 496 1040 527 nos,
1067 497 1193 522 omnes
1215 489 1326 522 nostri
1341 490 1379 522 et
1391 490 1494 531 Pott.)
1513 506 1548 513 —

186 538 277 570 acris
291 539 381 571 BST.
410 556 446 561 -
473 538 527 571 26.
553 538 651 579 lupus
672 539 709 570 T.

142 657 234 688 mihi.
264 673 300 680 -
327 666 430 697 quam
452 657 498 699 te]
525 669 540 686 «
553 665 661 698 quam
690 657 751 688 tua
776 658 846 688 te.»
896 665 963 688 non
984 656 1069 698 felix
1089 657 1275 690 Memnonis
1294 657 1404 698 Astyr.
1432 656 1598 690 Similiter

145 723 180 729 -
208 707 235 738 0
258 715 317 748 eyo
340 716 406 738 non
429 706 523 748 felin]
558 707 732 739 Firmatur
754 707 846 740 haec
897 705 994 738 idem
1009 705 1049 746 3,
1075 706 1155 738 ⁴92:
1180 716 1248 739 mm
1270 715 1397 747 aequas
1419 706 1599 749 (inaequa-

141 755 246 788 lectio
270 765 290 788 a
315 756 426 788 Codd.
453 757 583 789 nostris
595 782 602 795 ,
633 765 750 798 neque
777 755 846 789 ulla
895 755 958 797 les)
975 773 995 779 -
1010 773 1029 779 -
1043 755 1170 788 Arctos.
1188 774 1225 779 —
1243 756 1347 798 lupos]
1371 756 1522 789 Theocr.
1541 757 1594 795 Η,

142 805 265 838 aderat
280 806 487 845 necessitas,
510 815 574 838 cur
590 805 768 838 licentiam
786 806 847 838 ad·
895 805 956 838 24:
994 803 1149 849 Φεύγεις
1170 803 1202 837 δ’
1226 799 1356 852 ὥσπερ
1378 799 1439 846 ὄϊς
1461 801 1597 838 πολιὸν

142 855 299 887 mitteret
336 854 467 888 vocalis
506 864 577 888 non
617 854 736 888 elisae.
789 856 845 888 Sic
895 852 1014 888 λύκον
1047 851 1270 901 ἁθρήσασα.
1305 874 1341 879 —
1366 855 1520 898 capreae]
1555 853 1594 888 ll.

143 903 284 936 Consol.
305 905 375 936 Liv.
394 906 482 945 Aug.
497 914 534 937 v.
549 904 632 938 445:
656 905 772 937 Iamne
786 914 846 947 690
895 903 934 944 λ,
960 905 1042 938 383;
1070 903 1157 938 Οἴτε
1167 915 1213 938 σε
1228 906 1450 952 πεφρίκασι,
1468 903 1595 938 λέονθ’

143 964 210 986 non
232 954 343 995 felix?
365 955 436 986 iam
456 964 540 996 pars
560 955 642 987 mihi
663 958 767 996 rapta
781 956 847 987 Ne·
895 951 948 996 ὥς
969 952 1142 998 μηκάδες
1163 951 1281 999 αἶγες.

143 1004 294 1036 romam?
317 1003 419 1037 Silius
435 1004 474 1044 3,
501 1005 581 1038 334:
607 1005 762 1047 Armiyer
783 1006 847 1038 Eoi
