<?xml version="1.0" encoding="UTF-8"?>
<!DOCTYPE html PUBLIC "-//W3C//DTD XHTML 1.0 Transitional//EN"
    "http://www.w3.org/TR/xhtml1/DTD/xhtml1-transitional.dtd">
<html xmlns="http://www.w3.org/1999/xhtml" xml:lang="en" lang="en">
 <head>
  <title>
</title>
<meta http-equiv="Content-Type" content="text/html;charset=utf-8" />
  <meta name='ocr-system' content='tesseract 3.04.00' />
  <meta name='ocr-capabilities' content='ocr_page ocr_carea ocr_par ocr_line ocrx_word'/>
</head>
<body>
  <div class='ocr_page' id='page_1' title='image "./qhoratiusflaccus12horauoft_0086.png"; bbox 0 0 1722 2904; ppageno 0'>
   <div class='ocr_carea' id='block_1_1' title="bbox 241 122 323 165">
    <p class='ocr_par' dir='ltr' id='par_1_1' title="bbox 241 122 323 165">
     <span class='ocr_line' id='line_1_1' title="bbox 241 122 323 165; baseline 0.012 -1"><span class='ocrx_word' id='word_1_1' title='bbox 241 122 323 165; x_wconf 73' lang='lat'>372</span> 
     </span>
    </p>
   </div>
   <div class='ocr_carea' id='block_1_2' title="bbox 470 228 1214 351">
    <p class='ocr_par' dir='ltr' id='par_1_2' title="bbox 470 228 1214 351">
     <span class='ocr_line' id='line_1_2' title="bbox 470 228 1172 278; baseline -0.006 -7"><span class='ocrx_word' id='word_1_2' title='bbox 470 228 651 278; x_wconf 85' lang='lat' dir='ltr'>Custos;</span> <span class='ocrx_word' id='word_1_3' title='bbox 684 231 921 269; x_wconf 84' lang='lat' dir='ltr'><strong>amatorem</strong></span> <span class='ocrx_word' id='word_1_4' title='bbox 951 230 1172 268; x_wconf 82' lang='lat' dir='ltr'>trecentae</span> 
     </span>
     <span class='ocr_line' id='line_1_3' title="bbox 525 305 1214 351; baseline -0.006 0"><span class='ocrx_word' id='word_1_5' title='bbox 525 307 761 351; x_wconf 86' lang='lat' dir='ltr'><strong>Pirithoum</strong></span> <span class='ocrx_word' id='word_1_6' title='bbox 790 305 994 350; x_wconf 88' lang='lat' dir='ltr'>cohibent</span> <span class='ocrx_word' id='word_1_7' title='bbox 1021 311 1214 350; x_wconf 84' lang='lat' dir='ltr'>catenae.</span> 
     </span>
    </p>
   </div>
   <div class='ocr_carea' id='block_1_3' title="bbox 236 482 944 1279">
    <p class='ocr_par' dir='ltr' id='par_1_3' title="bbox 236 482 943 1279">
     <span class='ocr_line' id='line_1_4' title="bbox 239 482 942 546; baseline -0.004 -23"><span class='ocrx_word' id='word_1_8' title='bbox 239 499 286 546; x_wconf 90' lang='lat' dir='ltr'>p.</span> <span class='ocrx_word' id='word_1_9' title='bbox 301 485 355 523; x_wconf 88' lang='lat'>30.</span> <span class='ocrx_word' id='word_1_10' title='bbox 380 490 418 523; x_wconf 88' lang='grc' dir='ltr'>Ε</span> <span class='ocrx_word' id='word_1_11' title='bbox 449 499 488 523; x_wconf 92' lang='lat' dir='ltr'>se</span> <span class='ocrx_word' id='word_1_12' title='bbox 525 482 631 523; x_wconf 79' lang='lat' dir='ltr'>vocat</span> <span class='ocrx_word' id='word_1_13' title='bbox 665 489 942 543; x_wconf 78' lang='grc' dir='ltr'><strong><em>προσκείμενον</em></strong></span> 
     </span>
     <span class='ocr_line' id='line_1_5' title="bbox 238 535 941 586; baseline -0.004 -14"><span class='ocrx_word' id='word_1_14' title='bbox 238 537 286 586; x_wconf 85' lang='grc' dir='ltr'>τῇ</span> <span class='ocrx_word' id='word_1_15' title='bbox 311 536 420 572; x_wconf 81' lang='grc' dir='ltr'><em>πόλει</em></span> <span class='ocrx_word' id='word_1_16' title='bbox 442 535 520 572; x_wconf 78' lang='grc' dir='ltr'>ὑπὸ</span> <span class='ocrx_word' id='word_1_17' title='bbox 541 537 611 572; x_wconf 81' lang='grc' dir='ltr'>τοῦ</span> <span class='ocrx_word' id='word_1_18' title='bbox 634 535 742 579; x_wconf 77' lang='grc' dir='ltr'><em>θεοῦ,</em></span> <span class='ocrx_word' id='word_1_19' title='bbox 767 539 803 570; x_wconf 92' lang='lat' dir='ltr'>et</span> <span class='ocrx_word' id='word_1_20' title='bbox 824 536 941 580; x_wconf 87' lang='lat' dir='ltr'>paullo</span> 
     </span>
     <span class='ocr_line' id='line_1_6' title="bbox 238 583 941 647; baseline -0.003 -26"><span class='ocrx_word' id='word_1_21' title='bbox 238 590 321 632; x_wconf 90' lang='lat' dir='ltr'>post</span> <span class='ocrx_word' id='word_1_22' title='bbox 342 589 669 647; x_wconf 76' lang='grc' dir='ltr'><em>προσκαθίζοντα,</em></span> <span class='ocrx_word' id='word_1_23' title='bbox 695 589 780 621; x_wconf 81' lang='lat' dir='ltr'>item</span> <span class='ocrx_word' id='word_1_24' title='bbox 795 586 905 620; x_wconf 86' lang='grc' dir='ltr'><em>δοκεῖ</em></span> <span class='ocrx_word' id='word_1_25' title='bbox 917 583 941 619; x_wconf 84' lang='grc' dir='ltr'><strong><em>ὁ</em></strong></span> 
     </span>
     <span class='ocr_line' id='line_1_7' title="bbox 238 635 938 686; baseline -0.003 -14"><span class='ocrx_word' id='word_1_26' title='bbox 238 636 331 680; x_wconf 75' lang='grc' dir='ltr'><em>θεὸς</em></span> <span class='ocrx_word' id='word_1_27' title='bbox 347 638 416 681; x_wconf 82' lang='grc' dir='ltr'>ἐμὲ</span> <span class='ocrx_word' id='word_1_28' title='bbox 427 637 474 686; x_wconf 80' lang='grc' dir='ltr'>τῇ</span> <span class='ocrx_word' id='word_1_29' title='bbox 492 635 601 671; x_wconf 81' lang='grc' dir='ltr'><em>πόλει</em></span> <span class='ocrx_word' id='word_1_30' title='bbox 613 637 938 684; x_wconf 81' lang='grc' dir='ltr'><em>προστεθεικέναι.</em></span> 
     </span>
     <span class='ocr_line' id='line_1_8' title="bbox 238 687 942 729; baseline -0.006 -7"><span class='ocrx_word' id='word_1_31' title='bbox 238 688 392 722; x_wconf 87' lang='lat' dir='ltr'><strong>Lucilius</strong></span> <span class='ocrx_word' id='word_1_32' title='bbox 415 689 474 729; x_wconf 74' lang='lat'>44,</span> <span class='ocrx_word' id='word_1_33' title='bbox 501 689 532 721; x_wconf 91' lang='grc'>6.</span> <span class='ocrx_word' id='word_1_34' title='bbox 566 688 776 721; x_wconf 87' lang='lat' dir='ltr'>Achaintre:</span> <span class='ocrx_word' id='word_1_35' title='bbox 802 688 839 720; x_wconf 81' lang='lat' dir='ltr'>Si</span> <span class='ocrx_word' id='word_1_36' title='bbox 861 687 942 719; x_wconf 79' lang='lat' dir='ltr'>mihi</span> 
     </span>
     <span class='ocr_line' id='line_1_9' title="bbox 238 737 943 779; baseline -0.004 -8"><span class='ocrx_word' id='word_1_37' title='bbox 238 747 306 771; x_wconf 72' lang='lat' dir='ltr'>non</span> <span class='ocrx_word' id='word_1_38' title='bbox 323 742 466 779; x_wconf 79' lang='lat' dir='ltr'>praetor</span> <span class='ocrx_word' id='word_1_39' title='bbox 488 739 547 770; x_wconf 82' lang='lat' dir='ltr'>siet</span> <span class='ocrx_word' id='word_1_40' title='bbox 570 738 704 770; x_wconf 80' lang='lat' dir='ltr'>additus</span> <span class='ocrx_word' id='word_1_41' title='bbox 721 741 823 777; x_wconf 81' lang='lat' dir='ltr'>atque</span> <span class='ocrx_word' id='word_1_42' title='bbox 838 737 943 778; x_wconf 65' lang='lat' dir='ltr'>agitet</span> 
     </span>
     <span class='ocr_line' id='line_1_10' title="bbox 237 786 943 830; baseline -0.004 -9"><span class='ocrx_word' id='word_1_43' title='bbox 237 797 301 821; x_wconf 87' lang='lat' dir='ltr'>me.</span> <span class='ocrx_word' id='word_1_44' title='bbox 327 788 422 830; x_wconf 84' lang='lat' dir='ltr'>Virg.</span> <span class='ocrx_word' id='word_1_45' title='bbox 447 789 535 821; x_wconf 88' lang='lat' dir='ltr'>Aen.</span> <span class='ocrx_word' id='word_1_46' title='bbox 563 788 602 828; x_wconf 87' lang='lat'>6,</span> <span class='ocrx_word' id='word_1_47' title='bbox 628 788 690 820; x_wconf 89' lang='lat'>90:</span> <span class='ocrx_word' id='word_1_48' title='bbox 726 796 787 820; x_wconf 76' lang='lat' dir='ltr'>nec</span> <span class='ocrx_word' id='word_1_49' title='bbox 811 786 943 819; x_wconf 75' lang='lat' dir='ltr'>Teucris</span> 
     </span>
     <span class='ocr_line' id='line_1_11' title="bbox 238 836 941 878; baseline -0.003 -8"><span class='ocrx_word' id='word_1_50' title='bbox 238 839 358 871; x_wconf 69' lang='lat' dir='ltr'>addita</span> <span class='ocrx_word' id='word_1_51' title='bbox 371 839 454 870; x_wconf 84' lang='lat' dir='ltr'>Iwno</span> <span class='ocrx_word' id='word_1_52' title='bbox 470 839 616 878; x_wconf 82' lang='lat' dir='ltr'><em>Usquam</em></span> <span class='ocrx_word' id='word_1_53' title='bbox 628 837 745 869; x_wconf 77' lang='lat' dir='ltr'>aberit.</span> <span class='ocrx_word' id='word_1_54' title='bbox 764 837 821 869; x_wconf 91' lang='lat' dir='ltr'>Sic</span> <span class='ocrx_word' id='word_1_55' title='bbox 833 836 941 869; x_wconf 86' lang='lat' dir='ltr'>etiam</span> 
     </span>
     <span class='ocr_line' id='line_1_12' title="bbox 238 886 943 929; baseline -0.006 -8"><span class='ocrx_word' id='word_1_56' title='bbox 238 888 429 929; x_wconf 76' lang='lat' dir='ltr'>appositus;</span> <span class='ocrx_word' id='word_1_57' title='bbox 467 888 563 920; x_wconf 89' lang='lat' dir='ltr'>Suet.</span> <span class='ocrx_word' id='word_1_58' title='bbox 590 886 665 919; x_wconf 90' lang='lat' dir='ltr'><strong>Tib.</strong></span> <span class='ocrx_word' id='word_1_59' title='bbox 691 887 753 919; x_wconf 73' lang='lat'>22:</span> <span class='ocrx_word' id='word_1_60' title='bbox 790 886 943 918; x_wconf 74' lang='lat' dir='ltr'>tribunus</span> 
     </span>
     <span class='ocr_line' id='line_1_13' title="bbox 236 935 941 978; baseline -0.004 -7"><span class='ocrx_word' id='word_1_61' title='bbox 236 938 381 971; x_wconf 76' lang='lat' dir='ltr'>militwm</span> <span class='ocrx_word' id='word_1_62' title='bbox 407 940 515 970; x_wconf 78' lang='lat' dir='ltr'>custos</span> <span class='ocrx_word' id='word_1_63' title='bbox 535 937 717 978; x_wconf 82' lang='lat' dir='ltr'>appositus.</span> <span class='ocrx_word' id='word_1_64' title='bbox 752 954 789 959; x_wconf 98' lang='lat'><strong>—</strong></span> <span class='ocrx_word' id='word_1_65' title='bbox 816 935 941 977; x_wconf 80' lang='lat' dir='ltr'>Custos]</span> 
     </span>
     <span class='ocr_line' id='line_1_14' title="bbox 238 985 942 1028; baseline -0.003 -8"><span class='ocrx_word' id='word_1_66' title='bbox 238 995 423 1028; x_wconf 86' lang='lat' dir='ltr'>nunquam</span> <span class='ocrx_word' id='word_1_67' title='bbox 461 986 506 1019; x_wconf 86' lang='lat' dir='ltr'>ab</span> <span class='ocrx_word' id='word_1_68' title='bbox 545 995 589 1019; x_wconf 91' lang='lat' dir='ltr'>eo</span> <span class='ocrx_word' id='word_1_69' title='bbox 627 985 836 1025; x_wconf 85' lang='lat' dir='ltr'>discedens,</span> <span class='ocrx_word' id='word_1_70' title='bbox 876 985 942 1019; x_wconf 90' lang='lat' dir='ltr'>sed</span> 
     </span>
     <span class='ocr_line' id='line_1_15' title="bbox 238 1034 941 1077; baseline -0.001 -7"><span class='ocrx_word' id='word_1_71' title='bbox 238 1037 462 1070; x_wconf 87' lang='lat' dir='ltr'>continenter</span> <span class='ocrx_word' id='word_1_72' title='bbox 504 1037 623 1068; x_wconf 90' lang='lat' dir='ltr'>rostro</span> <span class='ocrx_word' id='word_1_73' title='bbox 666 1044 750 1068; x_wconf 93' lang='lat' dir='ltr'>eum</span> <span class='ocrx_word' id='word_1_74' title='bbox 794 1034 941 1077; x_wconf 84' lang='lat' dir='ltr'>pulsans</span> 
     </span>
     <span class='ocr_line' id='line_1_16' title="bbox 238 1086 940 1128; baseline 0.001 -10"><span class='ocrx_word' id='word_1_75' title='bbox 238 1088 411 1127; x_wconf 87' lang='lat' dir='ltr'>iecurque</span> <span class='ocrx_word' id='word_1_76' title='bbox 436 1086 512 1118; x_wconf 87' lang='lat' dir='ltr'>eius</span> <span class='ocrx_word' id='word_1_77' title='bbox 535 1094 679 1118; x_wconf 85' lang='lat' dir='ltr'>vorans.</span> <span class='ocrx_word' id='word_1_78' title='bbox 701 1103 737 1108; x_wconf 94' lang='grc'>-</span> <span class='ocrx_word' id='word_1_79' title='bbox 764 1086 940 1128; x_wconf 77' lang='lat' dir='ltr'>trecentae]</span> 
     </span>
     <span class='ocr_line' id='line_1_17' title="bbox 239 1134 944 1179; baseline 0 -11"><span class='ocrx_word' id='word_1_80' title='bbox 239 1136 340 1179; x_wconf 84' lang='lat' dir='ltr'>(utin</span> <span class='ocrx_word' id='word_1_81' title='bbox 355 1144 461 1177; x_wconf 87' lang='lat' dir='ltr'>prosa</span> <span class='ocrx_word' id='word_1_82' title='bbox 477 1143 530 1167; x_wconf 88' lang='lat' dir='ltr'>or.</span> <span class='ocrx_word' id='word_1_83' title='bbox 543 1134 702 1176; x_wconf 75' lang='lat' dir='ltr'>sexcenti)</span> <span class='ocrx_word' id='word_1_84' title='bbox 720 1135 944 1168; x_wconf 79' lang='lat' dir='ltr'>«innumera-</span> 
     </span>
     <span class='ocr_line' id='line_1_18' title="bbox 237 1184 944 1228; baseline 0 -10"><span class='ocrx_word' id='word_1_85' title='bbox 237 1185 345 1226; x_wconf 87' lang='lat' dir='ltr'>biles,</span> <span class='ocrx_word' id='word_1_86' title='bbox 363 1184 600 1227; x_wconf 78' lang='lat' dir='ltr'>permultae.»</span> <span class='ocrx_word' id='word_1_87' title='bbox 614 1203 651 1208; x_wconf 91' lang='lat'>—</span> <span class='ocrx_word' id='word_1_88' title='bbox 668 1185 863 1228; x_wconf 75' lang='lat' dir='ltr'>Pirithoum]</span> <span class='ocrx_word' id='word_1_89' title='bbox 880 1186 944 1218; x_wconf 88' lang='lat' dir='ltr'>La-</span> 
     </span>
     <span class='ocr_line' id='line_1_19' title="bbox 237 1235 942 1279; baseline -0.001 -11"><span class='ocrx_word' id='word_1_90' title='bbox 237 1236 419 1279; x_wconf 87' lang='lat' dir='ltr'>pitharum</span> <span class='ocrx_word' id='word_1_91' title='bbox 446 1243 589 1276; x_wconf 89' lang='lat' dir='ltr'>regem,</span> <span class='ocrx_word' id='word_1_92' title='bbox 615 1235 676 1276; x_wconf 88' lang='lat' dir='ltr'>qui</span> <span class='ocrx_word' id='word_1_93' title='bbox 692 1235 942 1277; x_wconf 86' lang='lat' dir='ltr'>Proserpinam</span> 
     </span>
    </p>
   </div>
   <div class='ocr_carea' id='block_1_4' title="bbox 238 1283 1001 1327">
    <p class='ocr_par' dir='ltr' id='par_1_4' title="bbox 238 1283 1001 1327">
     <span class='ocr_line' id='line_1_20' title="bbox 238 1283 1001 1327; baseline 0 -9"><span class='ocrx_word' id='word_1_94' title='bbox 238 1294 284 1318; x_wconf 84' lang='lat' dir='ltr'>ex</span> <span class='ocrx_word' id='word_1_95' title='bbox 295 1286 387 1318; x_wconf 91' lang='lat' dir='ltr'>Orco</span> <span class='ocrx_word' id='word_1_96' title='bbox 401 1294 530 1327; x_wconf 88' lang='lat' dir='ltr'>rapere</span> <span class='ocrx_word' id='word_1_97' title='bbox 546 1283 718 1324; x_wconf 83' lang='lat' dir='ltr'>voluerat,</span> <span class='ocrx_word' id='word_1_98' title='bbox 735 1285 832 1317; x_wconf 90' lang='lat' dir='ltr'>unde</span> <span class='ocrx_word' id='word_1_99' title='bbox 847 1294 944 1318; x_wconf 66' lang='lat' dir='ltr'>amae-</span> <span class='ocrx_word' id='word_1_100' title='bbox 994 1286 1001 1292; x_wconf 88' lang='lat'>&#39;</span> 
     </span>
    </p>
   </div>
   <div class='ocr_carea' id='block_1_5' title="bbox 238 1331 944 1576">
    <p class='ocr_par' dir='ltr' id='par_1_5' title="bbox 238 1331 944 1576">
     <span class='ocr_line' id='line_1_21' title="bbox 238 1331 943 1377; baseline -0.001 -9"><span class='ocrx_word' id='word_1_101' title='bbox 238 1339 292 1368; x_wconf 87' lang='lat' dir='ltr'>tor</span> <span class='ocrx_word' id='word_1_102' title='bbox 320 1343 387 1377; x_wconf 90' lang='lat' dir='ltr'>per</span> <span class='ocrx_word' id='word_1_103' title='bbox 409 1331 590 1377; x_wconf 81' lang='grc' dir='ltr'><strong><em>λιτότητα</em></strong></span> <span class='ocrx_word' id='word_1_104' title='bbox 617 1343 682 1376; x_wconf 93' lang='lat' dir='ltr'>pro</span> <span class='ocrx_word' id='word_1_105' title='bbox 710 1333 863 1367; x_wconf 87' lang='lat' dir='ltr'>scelesto</span> <span class='ocrx_word' id='word_1_106' title='bbox 886 1343 943 1367; x_wconf 90' lang='lat' dir='ltr'>ra-</span> 
     </span>
     <span class='ocr_line' id='line_1_22' title="bbox 238 1384 937 1427; baseline -0.001 -10"><span class='ocrx_word' id='word_1_107' title='bbox 238 1386 342 1427; x_wconf 89' lang='lat' dir='ltr'>ptore</span> <span class='ocrx_word' id='word_1_108' title='bbox 369 1384 509 1417; x_wconf 85' lang='lat' dir='ltr'>dicitur.</span> <span class='ocrx_word' id='word_1_109' title='bbox 549 1384 648 1417; x_wconf 88' lang='lat' dir='ltr'>ovid.</span> <span class='ocrx_word' id='word_1_110' title='bbox 674 1385 756 1417; x_wconf 85' lang='lat' dir='ltr'>Met.</span> <span class='ocrx_word' id='word_1_111' title='bbox 782 1384 823 1424; x_wconf 87' lang='lat'>8,</span> <span class='ocrx_word' id='word_1_112' title='bbox 857 1384 937 1417; x_wconf 72' lang='lat'>6⁴2:</span> 
     </span>
     <span class='ocr_line' id='line_1_23' title="bbox 239 1434 943 1475; baseline -0.001 -8"><span class='ocrx_word' id='word_1_113' title='bbox 239 1435 376 1467; x_wconf 69' lang='lat' dir='ltr'>deorum</span> <span class='ocrx_word' id='word_1_114' title='bbox 391 1434 531 1475; x_wconf 81' lang='lat' dir='ltr'>Spretor</span> <span class='ocrx_word' id='word_1_115' title='bbox 544 1437 621 1466; x_wconf 86' lang='lat' dir='ltr'>erat</span> <span class='ocrx_word' id='word_1_116' title='bbox 640 1434 823 1474; x_wconf 74' lang='lat' dir='ltr'>mentisque</span> <span class='ocrx_word' id='word_1_117' title='bbox 843 1434 943 1475; x_wconf 79' lang='lat' dir='ltr'>ferox</span> 
     </span>
     <span class='ocr_line' id='line_1_24' title="bbox 238 1483 944 1525; baseline -0.001 -8"><span class='ocrx_word' id='word_1_118' title='bbox 238 1484 358 1517; x_wconf 68' lang='lat' dir='ltr'>Ixione</span> <span class='ocrx_word' id='word_1_119' title='bbox 371 1487 483 1516; x_wconf 81' lang='lat' dir='ltr'>natus.</span> <span class='ocrx_word' id='word_1_120' title='bbox 501 1500 537 1506; x_wconf 98' lang='lat'>—</span> <span class='ocrx_word' id='word_1_121' title='bbox 552 1483 700 1516; x_wconf 77' lang='lat' dir='ltr'>cohibent</span> <span class='ocrx_word' id='word_1_122' title='bbox 710 1483 858 1525; x_wconf 81' lang='lat' dir='ltr'>catenae]</span> <span class='ocrx_word' id='word_1_123' title='bbox 875 1484 944 1517; x_wconf 90' lang='lat' dir='ltr'>Eu-</span> 
     </span>
     <span class='ocr_line' id='line_1_25' title="bbox 240 1530 943 1576; baseline -0.001 -10"><span class='ocrx_word' id='word_1_124' title='bbox 240 1534 306 1576; x_wconf 87' lang='lat' dir='ltr'>rip.</span> <span class='ocrx_word' id='word_1_125' title='bbox 338 1534 457 1567; x_wconf 87' lang='lat' dir='ltr'>Pirith.</span> <span class='ocrx_word' id='word_1_126' title='bbox 490 1535 627 1576; x_wconf 84' lang='lat' dir='ltr'>Fragm.</span> <span class='ocrx_word' id='word_1_127' title='bbox 660 1534 716 1567; x_wconf 88' lang='lat' dir='ltr'>IV.</span> <span class='ocrx_word' id='word_1_128' title='bbox 746 1533 857 1567; x_wconf 86' lang='lat' dir='ltr'>Dind:</span> <span class='ocrx_word' id='word_1_129' title='bbox 889 1530 943 1574; x_wconf 80' lang='grc' dir='ltr'>ὥς</span> 
     </span>
    </p>
   </div>
   <div class='ocr_carea' id='block_1_6' title="bbox 753 119 1178 154">
    <p class='ocr_par' dir='ltr' id='par_1_6' title="bbox 753 119 1178 154">
     <span class='ocr_line' id='line_1_26' title="bbox 753 119 1178 154; baseline -0.002 0"><span class='ocrx_word' id='word_1_130' title='bbox 753 120 926 154; x_wconf 86' lang='lat' dir='ltr'><strong>HORATlI</strong></span> <span class='ocrx_word' id='word_1_131' title='bbox 951 119 1178 154; x_wconf 78' lang='lat' dir='ltr'>CARMINUM</span> 
     </span>
    </p>
   </div>
   <div class='ocr_carea' id='block_1_7' title="bbox 1638 304 1693 347">
    <p class='ocr_par' dir='ltr' id='par_1_7' title="bbox 1638 304 1693 347">
     <span class='ocr_line' id='line_1_27' title="bbox 1638 304 1693 347; baseline -0.018 0"><span class='ocrx_word' id='word_1_132' title='bbox 1638 304 1693 347; x_wconf 90' lang='grc'>80</span> 
     </span>
    </p>
   </div>
   <div class='ocr_carea' id='block_1_8' title="bbox 983 483 1722 1179">
    <p class='ocr_par' dir='ltr' id='par_1_8' title="bbox 990 483 1722 1179">
     <span class='ocr_line' id='line_1_28' title="bbox 992 483 1722 532; baseline -0.003 -13"><span class='ocrx_word' id='word_1_133' title='bbox 992 483 1146 530; x_wconf 80' lang='grc' dir='ltr'><em>Θησεὺς</em></span> <span class='ocrx_word' id='word_1_134' title='bbox 1171 483 1224 530; x_wconf 75' lang='grc' dir='ltr'>τῷ</span> <span class='ocrx_word' id='word_1_135' title='bbox 1252 483 1421 532; x_wconf 76' lang='grc' dir='ltr'><em>Πειρίθῳ</em></span> <span class='ocrx_word' id='word_1_136' title='bbox 1448 483 1722 530; x_wconf 81' lang='grc' dir='ltr'><em>κολαζομένῳ</em></span> 
     </span>
     <span class='ocr_line' id='line_1_29' title="bbox 991 531 1722 580; baseline -0.001 -10.963"><span class='ocrx_word' id='word_1_137' title='bbox 991 537 1058 570; x_wconf 77' lang='grc' dir='ltr'><em>καὶ</em></span> <span class='ocrx_word' id='word_1_138' title='bbox 1079 534 1265 580; x_wconf 74' lang='grc' dir='ltr'><em>δεδεμένῳ</em></span> <span class='ocrx_word' id='word_1_139' title='bbox 1281 533 1424 577; x_wconf 84' lang='grc' dir='ltr'><em>Πέδαις</em></span> <span class='ocrx_word' id='word_1_140' title='bbox 1445 531 1722 575; x_wconf 63' lang='grc' dir='ltr'><em>ἅχαλκεύτονὲ</em></span> 
     </span>
     <span class='ocr_line' id='line_1_30' title="bbox 991 581 1722 628; baseline -0.003 -9"><span class='ocrx_word' id='word_1_141' title='bbox 991 597 1054 619; x_wconf 90' lang='grc' dir='ltr'>σιν</span> <span class='ocrx_word' id='word_1_142' title='bbox 1080 581 1258 628; x_wconf 85' lang='grc' dir='ltr'><em>εζευκται</em></span> <span class='ocrx_word' id='word_1_143' title='bbox 1289 582 1421 626; x_wconf 80' lang='grc' dir='ltr'><em>πόδας.</em></span> <span class='ocrx_word' id='word_1_144' title='bbox 1460 584 1621 627; x_wconf 78' lang='grc' dir='ltr'><em>ΑΡοΠοᾱ.</em></span> <span class='ocrx_word' id='word_1_145' title='bbox 1650 574 1722 627; x_wconf 69' lang='lat'>2,1</span> 
     </span>
     <span class='ocr_line' id='line_1_31' title="bbox 991 631 1694 682; baseline -0.003 -13"><span class='ocrx_word' id='word_1_146' title='bbox 991 637 1030 676; x_wconf 96' lang='lat'>5,</span> <span class='ocrx_word' id='word_1_147' title='bbox 1057 637 1116 668; x_wconf 72' lang='lat'>⁴2:</span> <span class='ocrx_word' id='word_1_148' title='bbox 1151 631 1212 678; x_wconf 74' lang='grc' dir='ltr'>ΓΗ</span> <span class='ocrx_word' id='word_1_149' title='bbox 1211 632 1369 682; x_wconf 80' lang='grc' dir='ltr'><em>ρακλῆς)</em></span> <span class='ocrx_word' id='word_1_150' title='bbox 1400 633 1600 678; x_wconf 76' lang='grc' dir='ltr'><em>πλησίον·</em></span> <span class='ocrx_word' id='word_1_151' title='bbox 1613 631 1694 667; x_wconf 78' lang='grc' dir='ltr'>τῶν</span> 
     </span>
     <span class='ocr_line' id='line_1_32' title="bbox 983 645 1695 728; baseline -0.001 -9.987"><span class='ocrx_word' id='word_1_152' title='bbox 983 680 1110 718; x_wconf 87' lang='grc' dir='ltr'><em>Αιδου</em></span> <span class='ocrx_word' id='word_1_153' title='bbox 1149 645 1278 718; x_wconf 81' lang='grc' dir='ltr'><em>πυλῶν</em></span> <span class='ocrx_word' id='word_1_154' title='bbox 1313 682 1523 728; x_wconf 83' lang='grc' dir='ltr'><em>γενόμενος</em></span> <span class='ocrx_word' id='word_1_155' title='bbox 1560 683 1695 727; x_wconf 85' lang='grc' dir='ltr'><em>Θησέα</em></span> 
     </span>
     <span class='ocr_line' id='line_1_33' title="bbox 992 728 1708 782; baseline -0.001 -14"><span class='ocrx_word' id='word_1_156' title='bbox 992 728 1079 781; x_wconf 83' lang='grc' dir='ltr'><em>εὗρε</em></span> <span class='ocrx_word' id='word_1_157' title='bbox 1111 735 1178 768; x_wconf 79' lang='grc' dir='ltr'><em>καὶ</em></span> <span class='ocrx_word' id='word_1_158' title='bbox 1210 734 1419 782; x_wconf 76' lang='grc' dir='ltr'><em>Πειρίθουν</em></span> <span class='ocrx_word' id='word_1_159' title='bbox 1449 731 1519 767; x_wconf 86' lang='grc' dir='ltr'>τὸν</span> <span class='ocrx_word' id='word_1_160' title='bbox 1549 733 1708 780; x_wconf 84' lang='grc' dir='ltr'><em>Περσε-</em></span> 
     </span>
     <span class='ocr_line' id='line_1_34' title="bbox 991 781 1696 829; baseline -0.003 -10"><span class='ocrx_word' id='word_1_161' title='bbox 991 783 1119 829; x_wconf 87' lang='grc' dir='ltr'><em>φόνης</em></span> <span class='ocrx_word' id='word_1_162' title='bbox 1138 782 1456 828; x_wconf 82' lang='grc' dir='ltr'><em>μνηστευόμενον</em></span> <span class='ocrx_word' id='word_1_163' title='bbox 1477 781 1606 829; x_wconf 76' lang='grc' dir='ltr'><em>γάμον</em></span> <span class='ocrx_word' id='word_1_164' title='bbox 1628 784 1696 818; x_wconf 71' lang='grc' dir='ltr'><em>καὶ</em></span> 
     </span>
     <span class='ocr_line' id='line_1_35' title="bbox 990 831 1695 879; baseline 0 -11"><span class='ocrx_word' id='word_1_165' title='bbox 990 833 1054 869; x_wconf 87' lang='grc' dir='ltr'>διὰ</span> <span class='ocrx_word' id='word_1_166' title='bbox 1083 831 1201 868; x_wconf 78' lang='grc' dir='ltr'><em>τοῦτο</em></span> <span class='ocrx_word' id='word_1_167' title='bbox 1231 833 1403 879; x_wconf 74' lang='grc' dir='ltr'><em>δεθέντα.</em></span> <span class='ocrx_word' id='word_1_168' title='bbox 1450 832 1695 877; x_wconf 82' lang='grc' dir='ltr'><em>Θεασάμενοι</em></span> 
     </span>
     <span class='ocr_line' id='line_1_36' title="bbox 991 879 1704 943; baseline -0.001 -25"><span class='ocrx_word' id='word_1_169' title='bbox 991 884 1033 919; x_wconf 83' lang='grc' dir='ltr'>δὲ</span> <span class='ocrx_word' id='word_1_170' title='bbox 1058 881 1248 931; x_wconf 79' lang='grc' dir='ltr'><em>Ἡρακλέα</em></span> <span class='ocrx_word' id='word_1_171' title='bbox 1275 882 1346 926; x_wconf 89' lang='grc' dir='ltr'>τὰς</span> <span class='ocrx_word' id='word_1_172' title='bbox 1375 887 1509 943; x_wconf 80' lang='grc' dir='ltr'><em>χεῖρας</em></span> <span class='ocrx_word' id='word_1_173' title='bbox 1527 879 1694 941; x_wconf 69' lang='grc' dir='ltr'><em>ὤρεγον,</em></span> <span class='ocrx_word' id='word_1_174' title='bbox 1702 918 1704 923; x_wconf 78' lang='grc'><strong>,</strong></span> 
     </span>
     <span class='ocr_line' id='line_1_37' title="bbox 991 931 1696 978; baseline 0 -11"><span class='ocrx_word' id='word_1_175' title='bbox 991 931 1043 976; x_wconf 83' lang='grc' dir='ltr'>ὥς</span> <span class='ocrx_word' id='word_1_176' title='bbox 1071 931 1386 978; x_wconf 78' lang='grc' dir='ltr'><em>ἀναστησόμενοι</em></span> <span class='ocrx_word' id='word_1_177' title='bbox 1407 931 1472 967; x_wconf 89' lang='grc' dir='ltr'>διὰ</span> <span class='ocrx_word' id='word_1_178' title='bbox 1498 931 1570 978; x_wconf 81' lang='grc' dir='ltr'>τῆς</span> <span class='ocrx_word' id='word_1_179' title='bbox 1597 934 1696 968; x_wconf 57' lang='grc' dir='ltr'><em>ἐκεί-</em></span> 
     </span>
     <span class='ocr_line' id='line_1_38' title="bbox 990 981 1656 1028; baseline -0.003 -9"><span class='ocrx_word' id='word_1_180' title='bbox 990 995 1061 1019; x_wconf 86' lang='grc' dir='ltr'>νου</span> <span class='ocrx_word' id='word_1_181' title='bbox 1083 984 1189 1027; x_wconf 81' lang='grc' dir='ltr'><em>βίας·</em></span> <span class='ocrx_word' id='word_1_182' title='bbox 1216 981 1240 1018; x_wconf 84' lang='grc' dir='ltr'>ὁ</span> <span class='ocrx_word' id='word_1_183' title='bbox 1261 983 1303 1018; x_wconf 82' lang='grc' dir='ltr'>δὲ</span> <span class='ocrx_word' id='word_1_184' title='bbox 1330 984 1464 1028; x_wconf 84' lang='grc' dir='ltr'><em>Θησέα</em></span> <span class='ocrx_word' id='word_1_185' title='bbox 1484 983 1558 1028; x_wconf 76' lang='grc' dir='ltr'>μὲν</span> <span class='ocrx_word' id='word_1_186' title='bbox 1579 983 1656 1025; x_wconf 81' lang='grc' dir='ltr'><em>λαβ</em></span> 
     </span>
     <span class='ocr_line' id='line_1_39' title="bbox 990 1030 1679 1090; baseline -0.001 -22"><span class='ocrx_word' id='word_1_187' title='bbox 990 1045 1108 1079; x_wconf 88' lang='grc' dir='ltr'><em>μενος</em></span> <span class='ocrx_word' id='word_1_188' title='bbox 1137 1032 1208 1078; x_wconf 83' lang='grc' dir='ltr'>τῆς</span> <span class='ocrx_word' id='word_1_189' title='bbox 1232 1031 1363 1090; x_wconf 83' lang='grc' dir='ltr'><em>χειρὸς</em></span> <span class='ocrx_word' id='word_1_190' title='bbox 1389 1030 1536 1082; x_wconf 80' lang='grc' dir='ltr'><em>ἤγειρε,</em></span> <span class='ocrx_word' id='word_1_191' title='bbox 1565 1033 1638 1068; x_wconf 85' lang='grc' dir='ltr'><em>Πει</em></span> <span class='ocrx_word' id='word_1_192' title='bbox 1672 1074 1679 1078; x_wconf 57' lang='lat'>.</span> 
     </span>
     <span class='ocr_line' id='line_1_40' title="bbox 990 1082 1695 1128; baseline 0 -10"><span class='ocrx_word' id='word_1_193' title='bbox 990 1085 1090 1118; x_wconf 77' lang='grc' dir='ltr'><em>θουν</em></span> <span class='ocrx_word' id='word_1_194' title='bbox 1123 1083 1165 1118; x_wconf 83' lang='grc' dir='ltr'>δὲ</span> <span class='ocrx_word' id='word_1_195' title='bbox 1196 1082 1419 1128; x_wconf 84' lang='grc' dir='ltr'><em>ἀναστῆσαι</em></span> <span class='ocrx_word' id='word_1_196' title='bbox 1451 1082 1695 1128; x_wconf 79' lang='grc' dir='ltr'><em>βουλόμενος</em></span> 
     </span>
     <span class='ocr_line' id='line_1_41' title="bbox 990 1130 1692 1179; baseline 0 -1"><span class='ocrx_word' id='word_1_197' title='bbox 990 1132 1061 1178; x_wconf 79' lang='grc' dir='ltr'>τῆς</span> <span class='ocrx_word' id='word_1_198' title='bbox 1093 1133 1166 1179; x_wconf 75' lang='grc' dir='ltr'>γῆς</span> <span class='ocrx_word' id='word_1_199' title='bbox 1194 1135 1426 1178; x_wconf 71' lang='grc' dir='ltr'><em>κινουμένης</em></span> <span class='ocrx_word' id='word_1_200' title='bbox 1453 1130 1620 1178; x_wconf 73' lang='grc' dir='ltr'><em>ἀφῆκεν</em></span> <span class='ocrx_word' id='word_1_201' title='bbox 1653 1151 1692 1160; x_wconf 95' lang='grc'>-·</span> 
     </span>
    </p>
   </div>
   <div class='ocr_carea' id='block_1_9' title="bbox 1634 629 1722 2904">
    <p class='ocr_par' dir='ltr' id='par_1_9' title="bbox 1634 629 1722 2904">
     <span class='ocr_line' id='line_1_42' title="bbox 1706 629 1722 751; baseline 0 0"><span class='ocrx_word' id='word_1_202' title='bbox 1706 629 1722 751; x_wconf 95' lang='lat' dir='ltr'>  </span> 
     </span>
     <span class='ocr_line' id='line_1_43' title="bbox 1699 751 1722 899; baseline 0 -47"><span class='ocrx_word' id='word_1_203' title='bbox 1699 751 1722 899; x_wconf 95' lang='lat' dir='ltr'>   </span> 
     </span>
     <span class='ocr_line' id='line_1_44' title="bbox 1639 899 1722 1059; baseline 0 0"><span class='ocrx_word' id='word_1_204' title='bbox 1639 899 1722 1059; x_wconf 95' lang='lat' dir='ltr'>    </span> 
     </span>
     <span class='ocr_line' id='line_1_45' title="bbox 1692 1059 1722 1201; baseline 0 -91"><span class='ocrx_word' id='word_1_205' title='bbox 1692 1059 1722 1201; x_wconf 95' lang='lat' dir='ltr'>    </span> 
     </span>
     <span class='ocr_line' id='line_1_46' title="bbox 1634 1314 1722 2904; baseline 0 0"><span class='ocrx_word' id='word_1_206' title='bbox 1634 1314 1722 2904; x_wconf 95' lang='lat' dir='ltr'>     </span> 
     </span>
    </p>
   </div>
   <div class='ocr_carea' id='block_1_10' title="bbox 992 1335 1696 1577">
    <p class='ocr_par' dir='ltr' id='par_1_10' title="bbox 992 1335 1696 1577">
     <span class='ocr_line' id='line_1_47' title="bbox 992 1335 1695 1378; baseline 0 -10"><span class='ocrx_word' id='word_1_207' title='bbox 992 1344 1074 1369; x_wconf 87' lang='lat' dir='ltr'>sare</span> <span class='ocrx_word' id='word_1_208' title='bbox 1091 1335 1282 1368; x_wconf 86' lang='lat' dir='ltr'>Octaviano</span> <span class='ocrx_word' id='word_1_209' title='bbox 1298 1343 1533 1378; x_wconf 87' lang='lat' dir='ltr'>oppressum;</span> <span class='ocrx_word' id='word_1_210' title='bbox 1558 1335 1695 1368; x_wconf 70' lang='lat' dir='ltr'>Franks</span> 
     </span>
     <span class='ocr_line' id='line_1_48' title="bbox 992 1384 1696 1428; baseline 0.003 -10"><span class='ocrx_word' id='word_1_211' title='bbox 992 1386 1028 1418; x_wconf 83' lang='lat' dir='ltr'>F.</span> <span class='ocrx_word' id='word_1_212' title='bbox 1063 1386 1147 1418; x_wconf 90' lang='lat' dir='ltr'>Hor.</span> <span class='ocrx_word' id='word_1_213' title='bbox 1182 1394 1218 1428; x_wconf 92' lang='lat' dir='ltr'>p.</span> <span class='ocrx_word' id='word_1_214' title='bbox 1258 1385 1334 1418; x_wconf 74' lang='lat'>⁴39.</span> <span class='ocrx_word' id='word_1_215' title='bbox 1377 1386 1486 1418; x_wconf 83' lang='lat' dir='ltr'>etiam</span> <span class='ocrx_word' id='word_1_216' title='bbox 1521 1384 1567 1418; x_wconf 83' lang='lat' dir='ltr'>de</span> <span class='ocrx_word' id='word_1_217' title='bbox 1605 1385 1656 1418; x_wconf 91' lang='lat' dir='ltr'>Co</span> <span class='ocrx_word' id='word_1_218' title='bbox 1694 1418 1696 1420; x_wconf 77' lang='grc'>,</span> 
     </span>
     <span class='ocr_line' id='line_1_49' title="bbox 992 1433 1696 1476; baseline 0.001 -9"><span class='ocrx_word' id='word_1_219' title='bbox 992 1433 1086 1467; x_wconf 85' lang='lat' dir='ltr'>nelio</span> <span class='ocrx_word' id='word_1_220' title='bbox 1113 1433 1209 1467; x_wconf 85' lang='lat' dir='ltr'>Gallo</span> <span class='ocrx_word' id='word_1_221' title='bbox 1241 1435 1279 1467; x_wconf 85' lang='lat' dir='ltr'>et</span> <span class='ocrx_word' id='word_1_222' title='bbox 1307 1435 1353 1469; x_wconf 85' lang='lat' dir='ltr'>M.</span> <span class='ocrx_word' id='word_1_223' title='bbox 1376 1435 1523 1476; x_wconf 86' lang='lat' dir='ltr'>Egnatio</span> <span class='ocrx_word' id='word_1_224' title='bbox 1549 1434 1637 1467; x_wconf 79' lang='lat' dir='ltr'><strong>Rufo</strong></span> <span class='ocrx_word' id='word_1_225' title='bbox 1659 1443 1696 1469; x_wconf 75' lang='lat' dir='ltr'>a.</span> 
     </span>
     <span class='ocr_line' id='line_1_50' title="bbox 992 1483 1632 1517; baseline 0.002 -1"><span class='ocrx_word' id='word_1_226' title='bbox 992 1484 1069 1517; x_wconf 76' lang='lat'>728.</span> <span class='ocrx_word' id='word_1_227' title='bbox 1095 1483 1315 1517; x_wconf 83' lang='lat' dir='ltr'>offensarum</span> <span class='ocrx_word' id='word_1_228' title='bbox 1345 1484 1382 1516; x_wconf 86' lang='lat' dir='ltr'>et</span> <span class='ocrx_word' id='word_1_229' title='bbox 1409 1484 1632 1517; x_wconf 82' lang='lat' dir='ltr'>coniuration</span> 
     </span>
     <span class='ocr_line' id='line_1_51' title="bbox 993 1534 1547 1577; baseline 0 -11"><span class='ocrx_word' id='word_1_230' title='bbox 993 1534 1029 1566; x_wconf 90' lang='lat' dir='ltr'>in</span> <span class='ocrx_word' id='word_1_231' title='bbox 1051 1534 1251 1576; x_wconf 87' lang='lat' dir='ltr'>principem</span> <span class='ocrx_word' id='word_1_232' title='bbox 1274 1534 1346 1568; x_wconf 87' lang='lat' dir='ltr'>reis</span> <span class='ocrx_word' id='word_1_233' title='bbox 1369 1534 1547 1577; x_wconf 80' lang='lat' dir='ltr'>cogitavit.</span> 
     </span>
    </p>
   </div>
  </div>
 </body>
</html>
