1722 2904
215 90 298 133 582
732 92 904 124 HORATH
928 92 1154 126 CAafflNUM

213 197 405 238 ninghamii
439 197 609 237 impendia
645 197 764 238 (quam
799 196 943 238 firmare
976 198 1124 230 conatus
1157 198 1211 229 est
1248 198 1335 231 Stat.
1361 197 1441 230 Silv.
1467 198 1511 238 3,
1537 197 1576 238 3,
1602 199 1664 232 87:

208 256 397 294 partaeque
419 262 484 293 per
512 261 623 285 omnes
645 252 791 284 Divitiae
814 253 957 293 populos
978 253 1159 294 magnique
1180 253 1351 293 impendia
1373 254 1499 286 numdi.
1507 254 1535 296 ),
1571 255 1667 287 Doe-
1708 262 1711 263 ⁷

209 309 310 349 ringii
330 309 514 349 stipendia,
551 307 702 340 «tributa
725 308 758 340 ei
780 308 943 349 imposita
958 320 988 347 ,n
1024 307 1211 341 Frohlichii
1240 308 1394 348 Namque
1413 309 1520 341 incisa
1534 327 1553 333 -
1566 327 1586 333 —
1601 319 1668 342 non

211 365 329 396 celeres
359 365 460 406 sugas
480 364 691 404 Reieetasque
712 367 897 396 retrorsum
921 364 989 396 cet.
1030 380 1065 386 —
1106 364 1240 396 Verum
1275 373 1362 397 ecce
1386 373 1478 398 nova
1511 365 1669 398 exoritur

216 419 404 453 difficultas
438 429 481 452 ex
517 420 699 452 sententiis
733 420 830 461 ipsis.
893 419 1002 458 Quid,
1040 428 1198 460 quaeso,
1244 416 1357 452 dicit?
1397 421 1498 453 «Non
1529 420 1668 462 fugatus

211 475 405 516 Hannibal,
439 484 510 508 non
536 476 711 516 Karthago
741 475 881 507 devicta
905 483 947 507 ac
970 483 1085 516 paene
1109 474 1246 507 deleta»
1273 475 1322 517 (ut
1345 475 1469 508 faciles
1493 476 1604 509 simus
1627 477 1663 508 in

211 531 501 573 interpretando)
553 530 701 564 «clarius
730 530 887 563 indicant
914 529 1038 563 laudes
1063 531 1235 572 Scipionis
1266 531 1410 564 maioris
1435 540 1545 573 quam
1566 532 1668 564 Ennii

213 588 406 620 carmina.»
464 587 534 619 Sed
578 587 668 619 haec
713 587 789 628 ipsa
836 586 922 627 quid
955 585 1051 618 aliud
1085 586 1232 619 tandem
1264 586 1522 628 praedicabant
1557 596 1668 629 quam

212 643 358 677 easdem
393 642 466 675 illas
499 643 670 684 Scipionis
705 651 764 674 res
798 643 946 683 gestas?
985 641 1087 675 Nulla
1110 643 1166 687 est
1188 651 1272 684 ergo
1306 638 1522 683 ἀντίθεσις,
1558 652 1668 685 quam

212 701 333 732 tamen
355 699 541 732 manifesto
566 699 741 739 quaesivit
764 699 882 739 po'eta.
946 699 1061 737 Quam
1085 699 1125 731 ut
1147 698 1384 740 qualicunque
1409 697 1537 731 saltem
1559 698 1668 732 modo

212 754 373 795 eliciant,
411 753 576 796 (nonnulli
606 754 713 785 etiam
735 754 940 795 parenthesi
964 753 1109 787 inclusis
1139 763 1196 787 vv.
1233 755 1297 787 Per
1319 763 1405 795 quae
1427 755 1566 795 spir-itm
1580 772 1600 778 -
1615 771 1635 778 -
1649 771 1670 778 -

211 811 368 850 ducibus,
394 819 465 851 quo
489 808 623 842 scilicet
645 809 775 848 artius,
802 809 868 841 sed
890 811 1011 842 tamen
1034 810 1124 842 mira
1149 810 1424 852 compositione,
1451 811 1670 843 cohaereant

211 866 330 899 celeres
361 866 462 907 fuqae
497 874 579 897 cum
607 865 719 896 incisis
744 865 1007 907 marmoribus),
1047 866 1095 898 ita
1126 866 1200 898 fere
1232 866 1529 908 interpretantur:
1572 874 1669 898 «non

213 923 344 954 incisae
376 922 484 960 notis,
522 920 558 952 id
591 921 664 960 est,
708 922 743 952 in
775 921 1003 962 inscriptione
1039 922 1177 954 statuae
1213 922 1384 963 Scipionis
1418 923 1638 954 memoratae
1655 948 1663 962 ‚

214 976 418 1011 Hannibalis
442 976 544 1017 fugae
561 1001 568 1015 ,
604 977 722 1008 minae
746 975 930 1018 repulsae,
971 976 1091 1010 clades
1114 977 1334 1019 Karthaginis
1358 976 1487 1010 clarius
1510 977 1668 1010 indicant

214 1033 438 1075 imperatoris
468 1031 558 1064 illius
581 1031 705 1065 laudes
729 1041 839 1073 quam
862 1033 963 1064 Ennii
984 1032 1130 1065 Annales
1153 1035 1189 1066 et
1210 1034 1356 1074 Scipio.»
1417 1034 1553 1066 Verum
1576 1034 1667 1066 baec

216 1089 380 1131 precario
404 1088 496 1121 sumi
520 1090 680 1129 apparet.
742 1089 866 1129 Aequo
891 1089 986 1121 enim
1015 1089 1091 1121 iure
1126 1098 1169 1121 ac
1193 1089 1342 1122 fortasse
1366 1090 1486 1122 minus
1508 1090 1668 1122 contorte

216 1144 406 1186 suppleas:
445 1144 647 1185 «Scipionis
676 1143 766 1176 facta
798 1146 859 1176 aut
889 1144 1130 1179 marmoribus
1158 1144 1366 1186 anaglyphis
1388 1146 1581 1187 picturisve
1606 1154 1670 1177 ex-

216 1209 359 1243 pressa,
386 1201 446 1232 aut
462 1199 507 1231 ab
525 1198 704 1231 annalium
728 1199 960 1241 scriptoribus
983 1199 1108 1232 litteris
1131 1200 1270 1240 tradita,
1295 1202 1356 1232 aut
1379 1200 1472 1233 fama
1487 1201 1670 1234 dumtaxat

215 1258 262 1290 ad
283 1257 530 1299 posteritatem
552 1257 763 1297 propagata,
790 1256 907 1288 minus
931 1255 1026 1288 clara
1050 1258 1132 1288 sunt
1156 1257 1232 1290 eius
1247 1257 1419 1289 virtutum
1434 1257 1666 1290 monumenta

220 1322 329 1355 quam
345 1313 446 1345 Ennii
460 1313 661 1353 poemata.»
688 1312 911 1352 (Dignissima
923 1312 1030 1344 etiam
1046 1313 1102 1344 est
1117 1321 1210 1354 quae
1226 1312 1469 1355 perpendatur
1482 1312 1671 1345 Fr.Ritte1·i

217 1369 262 1401 de
294 1369 364 1400 hoc
386 1367 465 1400 loco
497 1367 672 1400 sententia
706 1368 741 1400 in
769 1366 938 1408 Philologi
973 1368 1288 1401 Schneidewiniani
1310 1367 1386 1401 Vol.
1412 1370 1438 1400 1.
1463 1377 1499 1410 p.
1525 1368 1584 1400 58⁴
1613 1377 1667 1410 sq.

217 1425 340 1457 contra
364 1422 597 1464 Peerlkampii
613 1425 648 1456 et
664 1424 917 1466 Lachmanni*)
946 1425 1131 1466 opiniones
1154 1425 1347 1466 proposita.
1390 1425 1508 1457 uDrei
1528 1424 1669 1464 Mittei»,
1719 1423 1722 1428 “

218 1481 350 1521 inquit,
387 1480 465 1511 «die
498 1479 609 1512 thaten
641 1480 697 1511 des
722 1479 833 1520 Scipio
866 1480 913 1512 im
946 1480 1118 1513 andenken
1151 1481 1211 1513 der
1235 1480 1406 1512 menschen
1429 1489 1476 1513 zu
1501 1479 1668 1520 erhalten,

215 1536 350 1568 werden
381 1544 447 1567 von
479 1536 552 1567 dem
585 1535 709 1567 dichter
741 1544 777 1567 so
805 1535 907 1568 neben
931 1536 1092 1568 einander
1117 1536 1260 1578 gestellt,
1295 1536 1372 1568 dass
1393 1544 1440 1568 an
1462 1536 1521 1568 der
1552 1536 1671 1568 letzten

214 1592 303 1623 stelle
325 1591 494 1632 dasjeniye
515 1590 669 1632 namhast
689 1591 841 1631 gemacht
861 1592 968 1631 wird,
991 1600 1064 1623 was
1079 1600 1117 1624 er
1137 1592 1196 1632 fiir
1211 1592 1272 1624 das
1286 1591 1496 1624 wirksamste
1509 1591 1587 1624 hielt
1599 1592 1671 1624 und

214 1648 336 1679 darum
371 1648 434 1679 den
466 1646 579 1678 beiden
612 1647 741 1679 andern
773 1650 1040 1688 entqeyensetzte.
1088 1648 1184 1680 Diese
1217 1647 1322 1680 mittel
1345 1656 1463 1680 waren
1495 1650 1671 1680 erstens
1719 1658 1722 1663 ⁴

214 1703 452 1744 anerkennunq
474 1703 533 1734 der
555 1702 665 1734 thaten
688 1703 743 1734 des
762 1703 873 1743 Scipio
896 1703 1000 1735 durch
1021 1703 1224 1735 standbilder
1241 1704 1312 1735 und
1333 1703 1526 1744 inschriszen
1548 1702 1669 1744 (incisa

214 1759 307 1791 notis
330 1767 509 1790 marmora
537 1757 706 1800 publicis)
719 1784 726 1798 ,
761 1758 882 1790 welche
909 1759 977 1791 ihm
1004 1759 1092 1790 nach
1119 1759 1240 1791 seinem
1273 1759 1357 1791 Tode
1382 1761 1505 1800 yesetzt
1529 1759 1670 1792 wardon
1718 1750 1722 1752 ’

216 1815 292 1857 (per
315 1823 408 1855 quae
432 1814 577 1856 spiritus
595 1816 630 1846 et
651 1814 722 1846 vita
744 1814 837 1846 redit
859 1813 962 1847 bonis
985 1815 1067 1857 post
1090 1816 1245 1847 mortem
1265 1814 1440 1855 ducibus).
1481 1814 1596 1847 Solche
1609 1814 1670 1846 sah

212 1879 293 1902 man
321 1879 387 1903 zur
412 1871 479 1902 zeit
506 1871 561 1902 des
588 1870 704 1903 Horaz
732 1870 781 1902 bei
806 1871 887 1903 Rom
913 1879 976 1902 vor
996 1870 1070 1902 dem
1091 1870 1311 1911 Capenischen
1338 1870 1430 1902 thore
1449 1870 1519 1902 und
1542 1879 1591 1902 zu
1610 1871 1670 1903 Li-

213 1929 355 1958 ternum.
397 1926 470 1957 Liv.
489 1925 548 1965 38,
574 1926 633 1958 56:
666 1925 723 1958 alii
744 1927 896 1966 Romae,
923 1925 980 1959 alii
1003 1927 1134 1958 Literni
1157 1928 1193 1958 et
1214 1926 1396 1958 mortuum
1419 1926 1456 1958 et
1477 1924 1667 1967 sepultum.

214 1981 405 2022 Utrobique
429 1983 660 2014 monumenta
685 1982 922 2014 ostenduntur
953 1983 989 2014 et
1019 1983 1174 2014 statuae:
1207 1990 1291 2014 nam
1314 1982 1350 2014 et
1377 1982 1508 2014 Literni
1537 1990 1670 2015 monu—

214 2039 375 2070 mentum
399 2039 704 2079 monumentoque
741 2038 856 2070 statua
893 2038 1166 2080 superimposita
1201 2037 1281 2077 fuit,
1317 2046 1428 2079 quam
1454 2038 1668 2080 tempestate

215 2093 392 2125 deiectam
415 2102 530 2134 nuper
551 2093 705 2125 vidimus
730 2093 812 2135 ipsi,
839 2094 875 2125 et
896 2093 1028 2126 Romae
1053 2094 1151 2125 extra
1173 2094 1314 2135 portam
1337 2093 1518 2135 Capenam
1541 2093 1576 2125 in
1591 2093 1669 2126 Sci-

212 2149 360 2190 pionum
383 2149 614 2180 monumento
650 2150 723 2181 tres
747 2149 883 2181 statuae
915 2150 1015 2189 sunt,
1053 2157 1206 2190 quarum
1229 2149 1321 2181 duae
1355 2148 1467 2181 Publii
1502 2149 1539 2181 et
1571 2149 1669 2182 Lucii

214 2204 418 2246 Scipionum
446 2204 612 2236 dicuntur
643 2213 740 2245 esse,
777 2205 878 2236 tertia
910 2206 1036 2246 poetae
1069 2205 1185 2243 Quinti
1215 2205 1326 2237 Ennii.
1376 2205 1443 2237 Ein
1471 2205 1669 2237 zweites

213 2261 336 2300 mittel,
363 2261 424 2292 den
450 2260 561 2301 Scipio
583 2269 628 2292 zu
649 2261 904 2300 verherrliehen,
927 2269 1044 2292 waren
1067 2261 1119 2293 die
1139 2260 1387 2303 wirkunqen
1419 2261 1502 2293 und
1534 2259 1668 2302 soloen

213 2317 353 2348 seiner
382 2317 533 2348 thaten.
581 2317 644 2348 Die
674 2319 758 2348 erste
788 2317 893 2349 dieser
921 2316 1120 2358 wirkunyen
1149 2316 1284 2349 bestand
1315 2317 1434 2356 darin,
1468 2317 1545 2349 dass
1571 2316 1668 2349 Han-

214 2371 306 2403 nibal
332 2373 436 2404 durch
465 2372 605 2413 Scipio's
632 2372 718 2414 siege
746 2373 782 2404 in
812 2372 959 2412 Spanien
990 2373 1058 2404 und
1085 2371 1202 2414 Africa
1222 2372 1390 2414 qenothiyt
1413 2372 1530 2404 warde
1550 2371 1668 2404 Italien

215 2427 320 2468 eiliqsi
350 2437 395 2460 zu
424 2429 607 2467 verlassen‚
632 2437 690 2460 um
713 2428 820 2461 seiner
834 2428 1035 2470 bedranyten
1057 2428 1241 2460 vaterstadt
1261 2437 1307 2460 zu
1327 2427 1416 2469 halfe
1436 2436 1482 2460 zu
1502 2428 1664 2460 kommen.

290 2672 309 2701 ’ᾖ
334 2671 489 2700 zeitschr.
507 2673 527 2700 s.
543 2672 711 2702 Altorthw.
729 2673 809 2703 1845,
827 2683 857 2710 p.
875 2674 924 2704 484
950 2682 1021 2710 sqq.
1044 2673 1201 2710 Philolog.
1219 2674 1422 2704 Schneidew.
1439 2673 1460 2703 1.
1476 2681 1506 2709 p.
1522 2672 1578 2702 ⁴64
1591 2680 1661 2709 sqq.
