1722 2904
100 36 181 79 732
634 41 808 74 nomm-11
831 42 1002 75 EPODON

155 141 279 184 Mella
308 156 413 185 cava
443 150 615 186 manant
645 158 698 187 ex
727 144 844 196 ilice,
877 145 1093 188 montibus
1124 145 1217 189 altis

210 222 337 265 Levis
368 230 572 281 crepante
601 224 777 283 lympha
808 225 950 269 desilit
978 226 1106 283 pede.

155 302 243 347 Illic
274 303 463 354 iniussae
493 305 669 348 veniunt
699 306 754 349 ad
783 306 963 350 mulctra
993 306 1211 365 capellae,

211 384 439 442 Refertque
470 392 585 429 tenta
615 401 718 444 grex
748 387 912 430 amicus
942 386 1100 439 ubera3
1284 448 1285 451 Ἰ
1497 392 1551 433 50

152 467 241 510 Nec
271 467 543 524 vespertinus
574 467 872 524 circumgemit
900 482 1028 511 ursus
1059 467 1189 518 ovile,

182 629 236 662 48.
261 630 408 671 lympha]
437 629 568 662 «codd.
596 629 728 671 aliquot
744 630 863 671 (etiam
883 629 920 671 T)
935 631 1124 671 Nympha.»
1140 632 1262 664 Bam..
1281 651 1317 656 —-
1348 633 1402 666 5⁴.
1428 635 1506 667 ovili

141 679 218 717 T,F.
246 679 374 719 (Ceteri
398 680 486 718 mei,
513 680 619 712 etiam
643 680 690 720 Β,
716 679 827 721 ovile.)

94 835 186 867 quae
217 828 343 868 sponte
374 828 411 859 et
438 828 513 860 sine
545 829 708 861 insitione
736 829 797 861 aut
840 832 949 869 prata
969 829 1151 862 Nocturnis
1164 830 1298 864 calcata
1317 831 1409 873 feris.
1429 849 1467 856 —
1485 833 1551 865 cir-

93 876 229 910 cultura
252 880 466 918 nascuntur,
496 879 606 911 durae
632 888 712 912 esse
735 889 796 913 so-

92 926 165 959 lent
199 929 235 960 et
269 928 384 960 fatuae
420 937 463 961 ac
498 930 567 961 cito
601 929 792 969 decidere;

92 976 158 1016 ibi,
185 977 316 1018 inquit⁷
336 977 423 1011 tales
442 979 523 1019 (non
538 979 710 1020 insitivae)
728 989 794 1012 na-

91 1027 255 1066 scuntur,
298 1028 336 1059 ut
373 1028 480 1060 etiam
515 1027 631 1069 pullae
667 1031 795 1062 ornent

95 1084 197 1107 suam
221 1075 388 1108 arborem
413 1086 480 1109 nec
497 1078 673 1119 decidant,
699 1081 797 1112 ante-

95 1133 204 1165 quam
227 1126 297 1157 sint
320 1127 516 1159 maturae.»
556 1128 668 1161 Conni.
688 1129 792 1166 CnUQ.

95 1192 131 1197 -
145 1175 252 1215 pulla]
281 1175 487 1217 simpliciter
501 1177 676 1218 significat
700 1186 795 1210 «ma-

90 1225 242 1256 turam.»
282 1223 480 1258 Philostrat.
505 1227 637 1268 Imagg.
667 1228 704 1267 4,
729 1227 790 1259 34;

89 1272 191 1306 σῦκα
201 1273 283 1316 μέλ
292 1284 380 1307 ava
395 1270 477 1320 ὀπῷ
490 1274 708 1319 λαβόμενα.
721 1277 790 1310 Cfr.

91 1323 136 1356 de
159 1324 292 1356 ficuum
316 1325 478 1358 insitione
501 1327 587 1359 Cato
610 1328 648 1359 R.
674 1328 712 1360 R.
736 1327 790 1360 42.

94 1373 231 1406 Colum.
251 1375 289 1414 5,
309 1375 344 1407 44
362 1401 369 1414 ,
388 1376 419 1407 7.
441 1395 477 1399 —
503 1376 615 1418 Mella]
641 1378 722 1409 Orta
739 1378 794 1410 est

90 1423 205 1456 sabula
223 1433 243 1455 a
266 1423 371 1457 melle
387 1433 495 1467 apum
511 1427 789 1459 nemorensium.

90 1472 228 1505 Colum.
247 1473 279 1513 9,
297 1474 329 1505 Ξ.
347 1492 383 1496 -
401 1475 496 1506 Levis
507 1476 591 1516 cet]
618 1477 790 1508 «maxima

90 1531 172 1554 cum
185 1522 366 1555 celeritate
379 1523 502 1556 defluit
514 1524 558 1556 de
572 1525 789 1558 montibus.»

93 1588 130 1594 —
152 1571 252 1613 pede]
290 1574 483 1613 Propterea
515 1574 610 1615 quod
651 1578 793 1607 currunt

88 1630 221 1662 aquae,
253 1622 354 1661 pedes
386 1622 427 1654 iis
462 1622 622 1655 tribuunt
649 1625 788 1665 poetae.

90 1672 229 1703 Lucret.
248 1672 292 1710 -5,
316 1672 391 1703 272.
422 1681 616 1714 rursusque
641 1674 680 1713 6,
706 1675 788 1706 637:

89 1721 203 1762 (aqua)
242 1730 342 1761 super
384 1724 494 1753 terras
540 1723 625 1755 redit
658 1724 791 1765 agmine

86 1770 190 1809 dulci,
227 1770 302 1809 Qua
329 1770 387 1802 via
419 1774 509 1803 secta
531 1772 630 1804 semel
663 1773 789 1812 liquido

82 1820 164 1858 pede
192 1819 306 1850 detulit
327 1820 447 1851 undas.
491 1820 584 1861 Virg.
617 1821 690 1854 Cul.
727 1823 786 1855 ⁴7:

87 1868 321 1908 Castaliaeque
342 1878 464 1901 sonans
485 1869 610 1910 liquido
628 1872 714 1911 pede
736 1873 789 1904 la—

86 1918 175 1950 bitur
210 1919 313 1950 unda.
374 1919 566 1961 Comparat
609 1921 787 1956 Marcilius

86 1969 168 2009 Reg.
188 1968 225 2007 3,
245 1968 298 2007 48,
325 1967 383 2000 4⁴:
416 1966 528 2011 φωνὴ
560 1968 636 2002 τῶν
659 1969 788 2004 ποδῶν

85 2014 153 2049 τοῦ
171 2013 298 2049 ὑετοῦ.
325 2036 361 2040 —
388 2017 596 2059 «Eleganter
610 2020 688 2060 ipso
705 2030 788 2053 ver-

85 2075 126 2098 su
151 2075 337 2099 susurrum
361 2075 475 2108 aquae
500 2067 693 2102 desilientis
712 2070 789 2102 imi-

85 2116 178 2147 tatus
202 2117 290 2148 est.»
323 2116 434 2149 Comi.
462 2117 567 2154 Cimo.

128 2165 182 2196 50.
212 2166 266 2197 54.
308 2167 415 2206 tenta]
457 2165 575 2198 «lacte
614 2167 785 2208 turgida.»

88 2214 138 2247 Cf.
154 2215 247 2256 Virg.
267 2214 339 2247 Ecl.
358 2215 396 2255 4,
416 2216 470 2247 24.
492 2234 527 2238 —
544 2225 632 2258 qrea:
648 2218 785 2258 amicus]

85 2263 257 2296 «libenter
287 2266 473 2306 pastorum
505 2266 703 2299 commodis
731 2267 787 2299 in-

84 2314 245 2346 serviens
280 2314 393 2355 iisque
427 2315 617 2356 propterea
646 2324 784 2348 carus.»

88 2379 123 2385 -
142 2364 357 2405 vespertinus]
375 2364 588 2396 adiectivum
614 2366 786 2407 temporis

85 2422 148 2453 pro
184 2413 365 2446 adverbio.
416 2414 487 2446 Cic.
523 2423 588 2456 pro
623 2414 690 2448 Mil.
719 2415 782 2447 ⁴3:

83 2463 255 2495 nocturnis
270 2463 417 2495 canibus.
444 2464 538 2504 Virg.
558 2466 620 2496 Ge.
637 2464 673 2503 3,,
695 2464 759 2496 537
775 2474 782 2496 1

82 2512 157 2544 Non
191 2513 288 2553 lupus
321 2513 460 2545 insidias
493 2514 650 2553 eoeplorat
683 2514 786 2546 ovilia

82 2561 208 2593 circum
236 2563 303 2594 Nec
333 2563 488 2604 gregibus
514 2566 696 2595 nocturnus
725 2563 784 2595 ob-

81 2610 240 2643 ambulat.
279 2613 512 2646 Nemesianus
537 2613 670 2654 Cyneg.
694 2612 779 2646 324:

844 878 1037 921 eumqemit]
1075 889 1250 913 «raucum
1283 890 1390 914 suum
1421 891 1550 916 sonum

845 928 918 961 edit
941 929 1208 971 circumvagans
1232 929 1370 964 ovilia.»
1417 932 1474 964 Sic
1508 933 1545 965 et

843 977 900 1010 leo
915 987 1045 1020 gemere
1060 978 1189 1012 dicitur
1203 988 1224 1011 a
1236 979 1353 1013 Valer.
1369 980 1492 1014 Flacco
1507 981 1541 1022 3,

824 1027 919 1060 .737.
958 1027 1027 1060 Cfr.
1053 1028 1161 1061 etiam
1182 1029 1278 1070 Virg.
1303 1030 1390 1063 Aen.
1417 1031 1455 1070 7,
1481 1031 1541 1063 45ῑ

843 1077 985 1118 ρσηιίιαε
1015 1078 1155 1118 iraeque
1182 1078 1324 1111 leonum.
1364 1080 1416 1112 De
1442 1088 1549 1113 urso-

843 1135 924 1158 rum
947 1135 1035 1159 voce
1059 1128 1152 1169 Virg.
1178 1129 1265 1160 Aen.
1291 1129 1328 1168 7,
1357 1129 1408 1162 48.
1438 1138 1547 1162 usur-

843 1176 939 1217 pavit
961 1185 993 1209 v.
1014 1178 1159 1218 saevire,
1186 1177 1368 1211 Claudian.
1386 1177 1548 1212 demanii

845 1226 949 1258 Cons.
976 1226 1052 1258 298.
1076 1227 1216 1267 rudere,
1250 1226 1411 1269 volgatus
1433 1228 1545 1261 inter-

842 1283 926 1316 pres
943 1275 1052 1308 Isaiae
1069 1270 1130 1316 59,
1157 1277 1210 1308 Η.
1234 1277 1368 1319 ruqire3
1392 1277 1547 1311 verbum

846 1325 1032 1366 proprium
1054 1333 1182 1357 uncare
1202 1325 1260 1358 vel
1282 1335 1415 1368 angar-e
1438 1326 1547 1360 fuisse

843 1372 965 1405 dicunt
980 1372 1229 1417 Glossographi
1245 1375 1290 1408 de
1306 1375 1454 1409 vocibus
1470 1377 1549 1408 ani-

843 1421 1001 1455 malium.
1030 1442 1067 1446 —
1093 1424 1187 1466 ovile]
1218 1425 1315 1458 Haec
1346 1424 1452 1458 lectio
1483 1425 1548 1458 fir-

842 1472 961 1504 matur
984 1481 1005 1504 a
1028 1474 1157 1506 nostris
1189 1473 1300 1506 Codd.
1330 1475 1474 1516 praeter
1503 1475 1542 1507 T.

841 1521 960 1553 Verba
984 1531 1067 1555 cum
1092 1531 1216 1564 praep.
1243 1524 1370 1556 circum
1393 1531 1546 1565 compo-

842 1571 907 1603 sita
923 1570 1134 1613 plerumque
1146 1574 1274 1614 regunt
1284 1573 1539 1606 accusativum.

841 1620 942 1663 (Ovili
965 1621 1099 1653 dictum
1123 1623 1236 1662 esset,
1264 1623 1304 1655 ut
1326 1622 1424 1655 ovid.
1455 1623 1538 1656 Met.

841 1670 861 1703 4
874 1696 881 1710 ,
896 1671 976 1703 360:
1002 1672 1443 1714 iuveni-circwnfunditur.
1462 1671 1536 1704 Liv.

841 1720 873 1760 9,
899 1721 942 1753 ‘28
961 1729 968 1752 :
991 1722 1145 1763 aedificia
1160 1739 1179 1745 -
1193 1739 1213 1745 -
1227 1722 1442 1754 circumiecta
1463 1730 1542 1754 mu-

839 1770 899 1802 ris.
945 1770 996 1802 Id.
1022 1771 1082 1810 37,
1108 1771 1168 1804 54:
1207 1780 1295 1812 quae
1318 1789 1338 1795 -
1361 1771 1544 1804 cir-emnia-

841 1823 914 1852 cent
935 1821 1122 1863 Europae.)

883 1871 937 1902 52.
978 1870 1061 1911 alta]
1097 1871 1187 1904 Cum
1221 1872 1295 1904 alta
1330 1869 1542 1912 (profunda)

839 1919 884 1951 sit
906 1920 1054 1959 humus,
1089 1920 1221 1953 absunt
1243 1921 1351 1953 etiam
1372 1920 1517 1961 viperae
1531 1945 1540 1959 ,

839 1977 932 2010 quae
967 1970 1088 2001 amant
1120 1969 1197 2002 loca
1233 1978 1378 2009 saxosa,
1419 1968 1538 2009 arida,

839 2027 1046 2051 cavernosa.
1071 2019 1150 2051 Atta
1165 2018 1268 2052 simul
1293 2017 1467 2060 significat
1481 2026 1544 2051 so-

837 2068 912 2101 lum
928 2077 1008 2100 esse
1031 2067 1297 2101 fertilissimum.
1327 2069 1429 2100 Hom.
1447 2066 1485 2100 ll.
1502 2077 1540 2106 σ,

838 2118 918 2150 55οτ
950 2118 1108 2160 τέμενος
1129 2115 1364 2160 βαθυλήῖον.
1408 2117 1539 2150 Aesch.

836 2169 952 2199 Prom.
970 2168 1044 2199 652.
1070 2167 1173 2199 Dind.
1192 2168 1274 2199 Ox.:
1298 2163 1428 2206 βαθὺν
1449 2165 1542 2200 Λει-

835 2214 958 2259 μῶνα.
985 2217 1079 2258 Sept.
1106 2216 1186 2248 adv,
1205 2216 1267 2248 Th.
1291 2216 1373 2249 306:
1408 2213 1538 2255 βαθύ-

836 2265 945 2304 χθον’
969 2263 1072 2297 αἶαν.
1110 2266 1229 2307 Eurip.
1253 2265 1424 2298 Androm.
1449 2265 1537 2298 636:

837 2313 1020 2356 πολλάκις
1057 2313 1098 2347 δέ
1131 2325 1190 2347 τοι
1226 2312 1338 2361 Ξηρὰ
1375 2314 1540 2355 βαθεῖαν

835 2363 907 2407 γῆν
930 2364 1083 2407 ἐνίκησε
1099 2362 1238 2411 σπορά.
1267 2364 1331 2397 Alii
1355 2365 1428 2396 alta
1446 2363 1539 2397 male

837 2414 1012 2456 explicant
1029 2413 1208 2455 «excelsa,
1227 2415 1447 2447 montuosa.»
1472 2415 1540 2446 No-

836 2465 947 2496 stra'm
963 2464 1022 2505 qui
1043 2463 1371 2505 interpretationem
1387 2463 1534 2503 reiiciet,

836 2513 979 2545 forsitan
1002 2514 1207 2554 acquiescat
1228 2513 1264 2545 in
1287 2513 1472 2552 lahniana,
1497 2514 1538 2544 ut

835 2573 867 2595 v.
895 2563 967 2595 alta
995 2563 1171 2596 artissime
1203 2563 1366 2604 iungatur
1397 2570 1479 2594 cum
1502 2570 1536 2594 v.

834 2613 1020 2646 intumescit
1034 2613 1150 2654 sitque
1167 2612 1258 2645 adeo
1283 2621 1348 2654 pro
1365 2610 1539 2644 adverbio
