1722 2904
573 82 751 116 CARMEN
773 81 1004 116 SECULARE.

1424 79 1507 121 635

402 187 535 230 Nocte
565 186 824 243 frequentes.

289 299 461 355 Vosque
490 310 668 340 veraces
697 296 928 342 cecinisse.
959 297 1144 341 Parcae.

294 377 422 430 Quod
450 376 585 421 semel
614 377 775 420 dictum
805 383 872 420 est
898 375 1152 434 stabilisque
1182 389 1327 418 rerum

288 458 516 502 Terminus
545 446 708 506 servat,
740 457 853 500 bona
883 457 969 499 iam
996 456 1183 514 peractis

154 620 210 651 26.
248 619 372 650 dicaam
403 618 531 650 stabilis
559 627 621 659 per
651 626 771 650 aet-tem
805 618 976 650 Terminus
1007 621 1113 650 servet
1134 616 1313 650 Bentleius
1347 619 1463 654 coni..

109 669 234 701 dictiam
255 668 445 708 stabilisque
467 677 487 700 e
512 667 623 700 Codd.
650 668 685 699 F.
712 667 764 708 (ut
785 675 870 707 nos,
894 667 980 706 Bbc,
1006 667 1119 700 codd.
1145 666 1276 706 nenti..
1311 669 1466 700 Pottierii

116 719 152 757 i,
177 717 218 756 3,
243 718 263 749 ’7
278 743 286 756 ,
311 717 349 756 8,
374 717 428 749 22,
447 742 455 755 ,
480 717 582 749 cuius
605 715 739 758 aliquot
761 725 832 749 nou
855 718 1032 749 numerati
1061 717 1228 750 omittunt
1249 717 1320 758 ese.)
1347 735 1383 741 ——
1408 718 1462 749 27.

111 770 224 799 servat
244 777 293 806 v„
309 775 400 799 corr.
426 764 464 805 λ,
488 765 617 803 Aldus,
642 766 685 798 F:
721 769 827 798 servet
858 766 931 798 Bbc
946 792 954 805 ,
989 766 1134 808 Cruquii
1157 766 1331 808 quinque,
1355 767 1466 799 ceteri

108 816 276 855 Bentleii,
301 825 427 849 omnes
450 816 619 854 Pottierii.
646 816 734 854 LCt,
758 814 891 850 Bentl..
916 815 981 848 Μ.

66 964 194 998 diebus
229 963 447 1006 totidemque
488 962 686 996 noctibus.»
722 981 758 986 —-

65 1018 168 1057 yram
176 1014 289 1056 Nocte]
301 1014 448 1056 propter
458 1011 590 1046 lumina
602 1021 645 1045 ac
656 1021 762 1053 rogos

64 1063 199 1105 ubique
215 1071 387 1096 accensos
405 1063 544 1103 (Zosim.
567 1062 650 1101 25.)
677 1071 762 1103 pro—

65 1115 217 1155 pterque
239 1113 412 1154 hymnos,
441 1112 674 1144 caerimonias
698 1120 764 1143 au-

68 1164 190 1204 gustas
213 1163 249 1195 et
269 1161 437 1195 laetitiam
450 1161 701 1194 universalem.
723 1178 760 1183 —

65 1211 266 1253 frequentes]
301 1211 375 1243 «ab
405 1209 653 1243 innumerabili
676 1210 764 1242 civi-

68 1270 132 1294 um
153 1260 375 1293 multitudine
398 1259 632 1292 celebratos.»

108 1310 249 1343 25-28.
282 1318 419 1342 veraces
438 1308 600 1350 cecinisse]
628 1309 762 1340 Graeca

70 1360 352 1392 constructione:
392 1359 637 1391 Wahrheit
673 1358 764 1389 sin-

65 1409 214 1450 gende
244 1408 437 1440 Huc-hle.
467 1408 570 1440 Voss.
599 1407 765 1439 Veridicos

66 1454 185 1490 emulus
208 1457 328 1489 Parcis
356 1456 478 1489 tribuit
506 1457 614 1489 etiam
644 1454 765 1488 Catul-

65 1506 122 1540 lus
137 1506 196 1546 64,
217 1506 294 1539 306.
325 1507 389 1539 Hic
406 1506 553 1547 quidem
568 1505 765 1546 significan-

66 1557 126 1588 tur
147 1556 304 1588 carmina
326 1554 509 1596 Sibyllina,
546 1563 638 1596 quae
662 1555 763 1596 quasi

66 1606 257 1637 Paroerum
284 1604 441 1646 ipsarum
463 1605 627 1636 vaticinia
651 1604 765 1636 conti-

67 1653 217 1692 nebant,
233 1654 285 1685 uti
299 1653 334 1685 in
345 1653 488 1694 Vopisci
502 1652 690 1685 Aureliano
708 1653 761 1684 49.

68 1702 187 1745 Ulpius
209 1702 345 1735 Silanus
372 1703 408 1735 in
431 1704 558 1735 senatu
585 1704 677 1734 inter
698 1701 764 1734 alia

72 1752 165 1784 haec
185 1751 297 1784 verba
329 1751 430 1784 facit:
468 1752 638 1783 Veteranis
657 1752 767 1783 niani-

69 1800 128 1832 bus
148 1801 249 1833 libros
261 1801 415 1839 evolvit&
437 1801 512 1842 sata
530 1801 581 1832 rei
598 1801 763 1841 publicae,

70 1858 157 1890 quae
177 1853 254 1882 sinit
274 1853 428 1889 aeter-na,
447 1851 644 1890 perquirite.
682 1851 766 1882 Ser-

7 1919 9 1921 -
67 1899 153 1943 κήκιεν,Α
179 1899 226 1931 ad
252 1899 339 1931 Aen.
368 1899 408 1938 2,
433 1899 514 1931 777:
552 1902 591 1930 ut
608 1899 767 1930 —Statius

69 1948 166 1981 dicit:
195 1947 270 1989 fata
291 1951 384 1987 wat,
421 1957 508 1988 quae
540 1948 608 1979 divi
635 1948 763 1988 santur.

72 2013 110 2020 —
144 1996 288 2038 Parcae]
322 1995 420 2029 Plato
454 1996 553 2028 Polit.
595 1997 647 2028 ⁴0.
683 2005 763 2037 pag.

69 2046 145 2078 617.
164 2047 225 2078 C.:
246 2045 462 2090 θυγατέρας
482 2043 553 2087 τῆς
570 2041 764 2087 Ἀνάγκης,

0 2102 1 2105 ’
40 2095 227 2141 ’.Μοίρας
267 2094 489 2127 invocandae
522 2095 643 2126 autem
666 2096 768 2126 erant

69 2146 118 2177 ut*
149 2144 286 2185 Ilithyia
323 2153 367 2176 ex
404 2144 569 2176 carminis
609 2142 767 2184 Sibyllini

69 2194 261 2235 praecepto
287 2202 322 2224 v.
347 2193 379 2225 8.
415 2193 546 2225 Earum
575 2193 766 2233 imaginem

69 2239 202 2274 videsis
227 2243 264 2274 in
295 2241 399 2273 Millin
430 2242 562 2282 Voyaqe
583 2242 621 2273 T.
647 2242 708 2278 65,
734 2242 764 2272 4.

71 2292 178 2332 atque
201 2290 264 2322 cfr.
282 2291 455 2331 imprimis
478 2290 523 2322 de
539 2298 663 2322 earum
683 2290 769 2321 ima-

71 2339 210 2380 ginibus
242 2339 399 2372 Avellino
433 2340 519 2371 Bull.
555 2339 610 2370 111.
644 2347 679 2380 p.
713 2339 765 2370 ⁴7.

75 2407 112 2411 —
135 2389 242 2428 semel]
265 2389 333 2420 ein
359 2389 432 2428 fiir
459 2388 649 2419 allemal.
693 2388 765 2419 Cio.

71 2437 116 2469 ad
137 2438 206 2469 Ait.
233 2437 291 2475 ⁴4,
318 2437 376 2469 ⁴3:
402 2437 574 2468 Antonius
595 2436 693 2467 semel
713 2436 768 2467 in-

72 2487 169 2518 aurit
190 2487 339 2517 animum
353 2485 414 2517 sibi·
436 2486 533 2517 licere
551 2486 639 2525 quod
662 2485 764 2516 vellet.

75 2553 112 2558 -
139 2535 312 2567 «veraces
335 2535 368 2565 in
394 2533 555 2566 canendo
577 2533 633 2571 id,
671 2533 766 2574 quod

75 2585 119 2615 ita
136 2592 156 2614 a
179 2583 281 2615 vobis
310 2584 433 2615 dictum
463 2583 670 2624 (decretum)
701 2583 766 2619 est,

74 2633 113 2663 ut
140 2633 174 2663 in
198 2633 409 2674 perpetuum
433 2631 563 2664 valeat.
600 2630 767 2671 quodque

810 964 958 1004 propter
980 963 1050 995 hoc
1065 964 1183 1005 ipsum
1197 972 1313 996 rerum
1334 963 1507 1004 (fatorum)

809 1012 937 1044 stabilis
949 1014 1110 1045 termt'nus
1122 1012 1254 1052 (certus
1266 1013 1427 1054 eventus)
1440 1022 1509 1045 ser-

808 1065 878 1100 vat,
889 1061 1052 1094 stabilit.»
1068 1061 1222 1102 CLVirg.
1234 1061 1307 1095 Ecl.
1318 1061 1410 1101 4,st
1428 1062 1512 1095 Con-

810 1112 925 1143 cordes
937 1111 1048 1142 stabili
1060 1111 1209 1151 satonun
1220 1112 1356 1143 numine
1368 1112 1508 1144 Parcae.

814 1178 850 1183 —-
875 1161 998 1191 dictum
1020 1163 1067 1192 est
1086 1159 1276 1200 stabilisque
1298 1160 1365 1192 etsi
1381 1160 1511 1192 durum

810 1209 1056 1250 pronuntiatu,
1090 1208 1159 1240 boc
1186 1209 1305 1240 tamen
1327 1207 1424 1247 loeo,
1448 1208 1511 1240 ubi

810 1258 985 1290 firmitatis
1013 1258 1109 1295 notio
1139 1258 1247 1290 etiam
1271 1266 1361 1290 sono
1392 1259 1512 1300 expri-

811 1307 946 1339 menda
966 1308 1063 1345 erat,
1098 1305 1145 1338 ab
1179 1307 1324 1339 Horatio
1349 1306 1512 1340 consulto

811 1355 961 1388 molliori
977 1356 1102 1387 dictum
1114 1355 1304 1395 stabilisque
1313 1355 1512 1396 praelatum

811 1405 963 1436 videtur.
984 1423 1021 1427 —-
1042 1405 1212 1436 Terminus
1225 1406 1346 1436 autem
1369 1413 1440 1437 non
1456 1406 1513 1437 est

812 1454 917 1486 huius
943 1453 1097 1485 nominis
1121 1453 1228 1491 deus,
1267 1453 1331 1485 sed
1363 1462 1512 1495 prorsus

813 1502 936 1535 similis
958 1503 1013 1534 est
1027 1502 1202 1534 sententia
1217 1502 1391 1534 Accianae
1412 1501 1460 1534 illi
1476 1503 1512 1534 in

814 1552 967 1587 Hecuba.
989 1551 1085 1592 apud
1116 1551 1284 1583 Priscian.
1314 1551 1347 1583 6.
1371 1560 1408 1593 p.
1432 1552 1510 1583 7⁴6.

813 1603 871 1633 P.:
900 1602 995 1632 Veter-
1014 1601 1165 1640 fatorum
1186 1601 1347 1632 terminus
1366 1601 1414 1632 sic
1440 1601 1514 1632 ius-

813 1654 912 1682 serat.
938 1651 1077 1682 Lueret.
1097 1650 1134 1687 ⁴,
1152 1650 1212 1681 7⁴:
1237 1653 1338 1690 atque
1360 1650 1427 1682 alte
1448 1653 1514 1682 ter-

813 1700 923 1731 minus
951 1699 1100 1730 haerens.
1130 1698 1224 1738 Virg.
1241 1700 1329 1730 Aen.
1354 1698 1395 1736 4,
1421 1698 1511 1731 6⁴4:

813 1749 857 1780 Et
888 1749 935 1779 sic
963 1748 1039 1788 fata
1065 1747 1152 1779 Iovis
1174 1751 1334 1787 poscunt,
1369 1748 1422 1779 hic
1444 1751 1514 1779 ter-

812 1798 923 1828 minus
950 1797 1074 1827 haeret.
1114 1796 1233 1837 Eurip.
1269 1796 1389 1838 Suppl.
1422 1797 1509 1829 6⁴6:

813 1846 900 1877 θεοὶ
913 1841 1132 1876 -Ἅπάντων
1157 1845 1262 1887 τέρμ’
1291 1840 1511 1885 ἔχοντες.-

814 1895 935 1936 sen-at]
959 1895 1112 1926 Tametsi
1137 1893 1319 1926 fatendum
1341 1896 1397 1926 est
1410 1897 1515 1926 servet

816 1943 1059 1977 commendari
1072 1944 1281 1975 auctoritate
1291 1944 1398 1975 trium
1407 1943 1515 1975 Scho-

814 1993 1015 2031 hastarum,
1050 1993 1161 2024 Servii
1194 1992 1240 2024 ad
1278 1991 1349 2024 Ecl.
1373 1991 1414 2031 4,
1442 1991 1511 2031 47„

816 2050 979 2074 meorum
1002 2049 1046 2073 ac
1071 2042 1160 2072 Pott.
1198 2040 1311 2073 Codd.
1339 2041 1511 2079 omnium,

815 2092 901 2123 item
935 2088 1091 2122 Oberlini
1122 2090 1161 2121 B.
1193 2090 1271 2122 Sec.
1294 2090 1356 2128 X.‚
1391 2091 1514 2122 tamen

815 2141 920 2180 poeta
942 2138 1045 2179 longe
1068 2139 1200 2170 rectius
1222 2147 1288 2180 pro
1304 2139 1403 2170 certo
1417 2138 1515 2170 affir-

817 2197 915 2220 mare
929 2187 1087 2226 videtur,
1114 2187 1148 2219 in
1168 2188 1427 2228 sempiternum
1442 2195 1518 2219 ser-

816 2238 891 2269 vari
913 2246 933 2268 a
955 2237 1074 2268 Parcis
1098 2236 1250 2268 fatorum
1273 2237 1412 2277 imperii
1438 2237 1516 2268 ter-

817 2287 963 2318 minum.
989 2286 1053 2324 Qui
1075 2285 1283 2326 praeferunt
1302 2288 1419 2322 servet,
1444 2294 1516 2316 πα-

817 2335 992 2380 ρένθεσιν
1018 2336 1174 2366 statuere
1204 2334 1354 2366 debent:
1390 2334 1517 2365 dictum

816 2384 1099 2423 est-stabilisque
1121 2383 1276 2423 (utinam)
1298 2392 1413 2416 rerum
1436 2384 1517 2415 Ter-

816 2434 927 2465 minus
947 2434 1073 2464 servet!
1089 2451 1110 2457 -
1125 2432 1213 2463 bona
1234 2433 1317 2470 cet.,
1342 2441 1435 2473 quae
1450 2432 1516 2464 ad—

819 2482 966 2514 modum
982 2481 1146 2522 languida
1161 2481 1247 2513 mihi
1262 2481 1423 2519 videtum
1447 2489 1516 2513 nec

819 2531 943 2564 tollunt
958 2530 1203 2563 difficultatem
1215 2534 1228 2567 ,‘
1240 2539 1331 2571 quae
1348 2531 1459 2562 oritur
1472 2539 1517 2562 ex

818 2589 873 2618 eo,
892 2580 988 2621 quod
1000 2589 1103 2621 pron.
1121 2581 1215 2619 Quod
1227 2579 1369 2620 ponitur
1384 2580 1419 2611 et
1430 2587 1515 2611 casu

817 2630 932 2671 primo
950 2630 985 2660 et
997 2630 1125 2669 quarto
1138 2637 1221 2670 pro:
1235 2627 1518 2668 quodquesmbilis
