1722 2904
178 54 261 95 636

516 167 678 224 lungite
710 169 802 212 fata.

804 65 972 98 ilORATu

392 285 573 341 ,Fertilis
604 287 776 344 frugum
808 288 1073 345 pecorisque
1105 288 1245 332 Tellus

405 368 561 424 Spicea
590 368 722 412 donet
751 369 956 412 Cererem
985 382 1174 421 corona,
1571 373 1626 413 30

403 449 598 492 Nutriant
627 449 738 492 fetus
769 456 812 492 et
841 454 984 506 aquae
1014 449 1212 494 salubres
1595 430 1601 434 ”

518 529 566 572 Et
595 530 707 572 Iovis
738 543 882 573 aurae.

404 646 583 690 Condito
613 648 725 691 mitis
754 646 1038 706 placidusque
1068 648 1152 693 telo

407 728 635 786 Supplices
664 728 765 772 audi
796 742 957 787 pueros
974 764 983 779 ,
1015 729 1194 787 Apollo;

404 808 605 852 Siderum
635 809 785 875 regina
814 809 1030 859 bicornis,
1063 810 1184 861 audi,
1573 814 1627 855 35

520 890 656 939 Luna,
688 889 855 947 puellas
874 906 881 932 z

407 1009 539 1050 Roma
569 1007 605 1050 si
636 1013 828 1051 vestrum
860 1015 926 1052 est
957 1021 1096 1066 opus,
1130 1008 1319 1067 Iliaeque

179 1204 247 1234 cel.
262 1217 297 1224 —-
314 1200 411 1241 Aliis,
429 1202 468 1233 ut
482 1209 596 1242 nuper
616 1202 788 1242 Steinero,
805 1200 884 1243 pla-

180 1251 252 1283 cuit
267 1251 483 1284 constructio
493 1250 652 1293 praelata
667 1260 688 1284 a
697 1251 880 1292 Lambino,

179 1301 240 1341 qui
256 1300 290 1333 in
301 1301 568 1333 Commentario
581 1301 736 1334 servavit
752 1301 884 1334 indica·-

180 1350 291 1382 tivum
302 1354 430 1382 servat:
445 1351 600 1392 «lungite
613 1350 708 1384 bona
721 1351 790 1384 fata
802 1351 882 1384 fatis

179 1400 250 1432 iam
274 1401 446 1441 peractis,
478 1401 576 1441 quod
599 1401 746 1442 quidem
769 1400 882 1435 semel

180 1450 249 1482 iam
277 1458 298 1481 a
320 1449 423 1482 vobis
446 1450 582 1483 dictum
606 1453 660 1484 est
687 1452 724 1484 et
746 1450 882 1484 stabilis

180 1507 301 1531 rerum
319 1500 490 1532 terminus
514 1499 551 1532 id
569 1502 691 1533 servat
706 1509 823 1542 neque
846 1500 883 1533 id

180 1547 250 1580 ullo
272 1550 378 1590 pacto
400 1550 519 1591 potest
541 1550 731 1583 immutari.
771 1550 882 1589 Quid-

179 1606 263 1630 nam
286 1598 399 1631 semel
423 1598 558 1632 dictum
589 1601 668 1633 est?
701 1600 774 1633 Vos
801 1600 882 1633 iun-

180 1649 300 1680 cturas
356 1647 449 1680 bona
497 1650 700 1690 praeteritis
758 1649 879 1683 fatis.»

179 1697 313 1729 verum
337 1698 387 1730 sic
410 1707 467 1730 vv.
491 1707 626 1731 veraces
650 1700 802 1732 cecinisse
832 1699 883 1732 ni-

180 1746 248 1778 mis
271 1746 421 1788 abrupta
445 1748 527 1780 sunt
549 1749 586 1780 et
607 1756 720 1790 prope
740 1756 880 1786 manca3

181 1795 268 1836 quid
305 1795 449 1828 tandem
465 1822 472 1836 ,
513 1806 666 1838 quaeso,
706 1797 882 1830 cecinisse?

183 1861 220 1868 -
246 1845 316 1877 iam
332 1845 492 1888 peractis]
518 1846 669 1888 «quihus
692 1847 810 1880 adbuc
832 1846 882 1879 fe-

180 1894 293 1927 liciter
316 1896 371 1928 usi
394 1904 554 1929 sumus.»

225 1945 343 1977 29-32.
379 1946 512 1978 Fertilis
533 1946 615 1988 cet.]
653 1946 822 1979 «Veteres
844 1945 881 1978 in

182 1995 427 2036 precationum
444 1995 603 2029 formulis
614 1996 706 2028 haec
722 1996 788 2028 tria
804 1994 883 2028 feli-

181 2045 294 2077 citatis
324 2046 525 2085 momenta,
562 2045 702 2087 frugum
734 2044 882 2078 uberta-

181 2095 266 2134 tem,
290 2094 442 2128 feturam
457 2103 619 2136 gregum,
637 2096 882 2128 matronarum

181 2143 456 2183 fecunditatem,
496 2144 708 2187 plerumque
734 2144 884 2177 coniun-

181 2195 278 2234 gunt.
308 2192 474 2235 Aeschyl.
494 2195 595 2226 Eum.
615 2194 690 2226 905.
716 2193 879 2235 Sophocl.

181 2243 266 2274 Oed.
292 2244 374 2283 Tyr.
395 2244 470 2275 474.
488 2243 663 2284 Aristoph.
683 2245 763 2276 Pac.
783 2243 880 2275 ⁴320.

184 2292 313 2327 Herod.
331 2292 363 2332 3,
383 2293 460 2325 68.»
486 2294 676 2326 Huscmnus
692 2293 738 2326 ad
754 2292 829 2325 Tib.
847 2293 881 2333 2,

185 2343 216 2380 5,
235 2342 272 2373 94
284 2367 290 2373 .
305 2360 341 2365 —-
355 2342 487 2374 Fertilis
496 2343 650 2383 -pecoris
659 2351 726 2385 per
737 2351 885 2384 zeugma

186 2400 249 2432 pro
283 2392 443 2432 fecunda,
480 2394 603 2424 contra
637 2393 797 2434 fecundus
817 2401 883 2434 pro

181 2441 301 2481 fertilis
316 2441 361 2474 de
378 2441 566 2474 arboribus
584 2442 647 2474 Od.
666 2442 698 2481 3,
716 2441 776 2481 23,
794 2442 827 2474 6.
845 2459 880 2465 -

187 2491 304 2533 Tellus]
330 2491 428 2524 Conf.
454 2500 581 2524 versus
606 2491 726 2533 Sibyll.
747 2492 788 2524 40
804 2500 881 2533 sq.‚

186 2541 239 2572 ius
269 2541 457 2574 iurandum
489 2540 637 2582 Philippi
661 2541 707 2573 ad
723 2550 757 2572 v.
783 2540 816 2573 9.
844 2558 880 2565 ·--

187 2591 256 2621 «Sit
291 2591 431 2631 frugum
465 2586 618 2623 ubertas'
647 2592 683 2622 et
710 2599 883 2632 prospera

187 2640 364 2680 pecudum
383 2639 528 2673 fetura.»
551 2640 672 2672 Senon.
692 2640 790 2673 Hanc
805 2648 885 2673 sen-

933 1203 1080 1235 tentiam
1101 1204 1251 1238 venusta
1275 1202 1426 1244 imagine
1449 1204 1502 1237 sic
1525 1212 1631 1237 exor-

932 1253 1008 1291 nat,
1034 1253 1075 1284 ut
1095 1250 1211 1285 Tellus
1234 1252 1319 1292 dea,
1344 1253 1421 1294 ipsa
1450 1251 1542 1287 laeta
1565 1261 1631 1287 sua

933 1300 1131 1343 fertilitate,
1173 1310 1217 1334 eo
1254 1310 1405 1335 munere
1443 1301 1628 1344 fungatur,

932 1359 1004 1392 quo
1021 1351 1109 1392 grati
1124 1349 1253 1392 coloni,
1277 1359 1361 1385 cum
1377 1351 1547 1385 Cererem
1562 1353 1632 1394 spi-

932 1401 1005 1433 ceis
1036 1402 1178 1434 coronis
1205 1401 1350 1440 ornant,
1385 1401 1424 1433 ut
1446 1402 1633 1443 comparet

932 1451 1039 1483 etiam
1070 1451 1106 1483 in
1132 1450 1347 1492 antiquitatis
1375 1451 1628 1484 monumentis.

931 1498 1055 1532 Tibull.
1077 1500 1115 1539 ⁴,
1142 1501 1178 1540 4,
1205 1500 1264 1532 45;
1298 1500 1406 1532 Flava
1427 1500 1543 1541 Ceres,
1573 1499 1631 1533 tibi

931 1550 973 1582 sit
993 1552 1106 1581 nostro
1129 1550 1169 1582 de
1189 1557 1272 1582 mro
1291 1558 1420 1582 corona
1439 1549 1570 1590 Spicea.
1591 1567 1626 1575 -

930 1599 1025 1641 fetus]
1050 1600 1092 1632 H.
1110 1598 1133 1632 l.
1151 1607 1320 1640 agrorum
1336 1598 1468 1640 fruges.
1494 1598 1567 1632 Cic.
1585 1598 1631 1632 de

932 1650 989 1682 Or.
1015 1649 1054 1689 2,
1079 1648 1140 1681 30:
1176 1657 1241 1688 quo
1262 1647 1414 1680 meliores
1438 1656 1523 1690 ager
1546 1648 1633 1690 fetus

926 1699 1032 1740 possit
1065 1701 1096 1732 et
1124 1698 1323 1740 mundiores
1352 1697 1457 1732 edere.
1485 1715 1523 1721 -
1545 1697 1633 1731 Iovis

932 1748 1050 1790 aurae]
1087 1748 1138 1780 Ex
1169 1747 1315 1788 antiquo
1344 1746 1520 1780 sermonis
1542 1755 1629 1788 usu,

932 1807 1002 1839 quo
1033 1799 1197 1839 tempora
1227 1798 1264 1830 et
1293 1796 1392 1829 varia
1415 1795 1505 1829 caeli
1537 1797 1632 1829 tem-

921 1847 1048 1889 ,peries
1072 1848 1108 1879 et
1133 1845 1251 1888 pluvia
1273 1846 1346 1879 Iovi
1369 1845 1628 1879 tribuebantur.

931 1895 1043 1939 Epod.
1067 1896 1106 1935 2,
1130 1895 1190 1928 29:
1230 1895 1377 1929 tonantis
1397 1904 1508 1928 annus
1521 1895 1631 1928 hiber-

930 1955 994 1978 nus
1007 1946 1104 1978 Iovis.
1121 1944 1219 1978 Iliad.
1233 1954 1264 1984 s,
1281 1945 1318 1977 94
1333 1954 1341 1976 ;
1358 1941 1451 1986 Διὸς
1466 1940 1629 1991 ὄμβρος.

932 1996 1038 2038 soph.
1062 1995 1177 2036 Antig.
1203 1995 1285 2027 607:
1312 1990 1509 2038 ἀκάματοι
1529 1992 1632 2027 θεῶν

931 2043 1070 2088 Μῆνες.
1119 2043 1279 2086 Aponon.
1309 2044 1421 2078 Rhod.
1456 2045 1478 2078 2
1492 2070 1500 2084 ,
1540 2045 1628 2078 525:

932 2092 1082 2138 ἐτήσιοι
1109 2093 1153 2127 ἐκ
1185 2090 1278 2135 Διὸς
1310 2086 1438 2139 αὖραι.
1479 2095 1629 2128 Eumen.

931 2146 1061 2186 Paneg.
1090 2145 1211 2177 Const.
1241 2143 1301 2177 ⁴3:
1339 2144 1490 2185 Iuppiter
1515 2144 1631 2177 mode-

932 2198 1030 2227 rator
1055 2202 1234 2227 aurarum.
1271 2194 1395 2234 ltaque
1422 2194 1460 2225 et
1483 2192 1632 2226 adiecti-

932 2251 1018 2276 vum
1032 2243 1181 2276 salubres
1195 2243 1232 2275 et
1245 2243 1420 2284 genitivus
1433 2243 1521 2276 Iovis
1535 2243 1572 2275 et
1585 2241 1632 2275 ad

932 2302 1043 2333 aquas
1055 2295 1092 2326 et
1107 2293 1152 2326 ad
1168 2301 1275 2326 amas
1287 2291 1477 2326 referenda
1492 2293 1586 2325 sunt.

976 2343 1019 2376 33
1030 2361 1050 2367 -
1062 2343 1116 2375 36.
1143 2343 1280 2376 Condito
1292 2360 1314 2367 -
1327 2359 1348 2366 -
1361 2342 1435 2384 telo]
1461 2341 1632 2375 «Omnem

932 2394 1072 2436 pestem
1084 2401 1104 2425 a
1114 2391 1247 2435 populo
1259 2393 1418 2425 Romano
1429 2392 1631 2424 avertens.»

933 2444 1059 2483 Magna
1072 2451 1155 2476 cum
1171 2443 1247 2475 arte
1262 2441 1454 2474 revertitur
1468 2439 1515 2473 ad
1528 2438 1634 2483 Apol-

933 2490 1060 2531 linem,
1092 2491 1239 2532 Augusti
1262 2490 1449 2524 custodem
1471 2490 1509 2522 et
1530 2490 1632 2531 quasi

934 2542 1077 2583 genium
1101 2540 1305 2579 tutelarem.
1334 2541 1372 2574 et
1395 2539 1441 2573 ad
1465 2539 1628 2579 Dianam,

934 2599 1087 2633 quorum
1110 2590 1255 2624 numina
1271 2589 1368 2623 initio
1384 2589 1576 2622 invocarat.
1592 2605 1629 2612 —

933 2641 1022 2674 milis
1039 2637 1268 2682 placidusque]
1290 2637 1427 2682 Duplex
1442 2636 1628 2676 ἐπίθετον,

1702 2696 1715 2782 ss}
