<?xml version="1.0" encoding="UTF-8"?>
<!DOCTYPE html PUBLIC "-//W3C//DTD XHTML 1.0 Transitional//EN"
    "http://www.w3.org/TR/xhtml1/DTD/xhtml1-transitional.dtd">
<html xmlns="http://www.w3.org/1999/xhtml" xml:lang="en" lang="en">
 <head>
  <title>
</title>
<meta http-equiv="Content-Type" content="text/html;charset=utf-8" />
  <meta name='ocr-system' content='tesseract 3.04.00' />
  <meta name='ocr-capabilities' content='ocr_page ocr_carea ocr_par ocr_line ocrx_word'/>
</head>
<body>
  <div class='ocr_page' id='page_1' title='image "./qhoratiusflaccus12horauoft_0713.png"; bbox 0 0 1722 2904; ppageno 0'>
   <div class='ocr_carea' id='block_1_1' title="bbox 585 70 981 105">
    <p class='ocr_par' dir='ltr' id='par_1_1' title="bbox 585 70 981 105">
     <span class='ocr_line' id='line_1_1' title="bbox 585 70 981 105; baseline 0.003 -1"><span class='ocrx_word' id='word_1_1' title='bbox 585 71 720 105; x_wconf 68' lang='lat' dir='ltr'>Lmen.</span> <span class='ocrx_word' id='word_1_2' title='bbox 767 70 898 105; x_wconf 72' lang='lat' dir='ltr'>cm.</span> <span class='ocrx_word' id='word_1_3' title='bbox 922 72 981 105; x_wconf 81' lang='lat' dir='ltr'>Vl.</span> 
     </span>
    </p>
   </div>
   <div class='ocr_carea' id='block_1_2' title="bbox 1425 75 1507 116">
    <p class='ocr_par' dir='ltr' id='par_1_2' title="bbox 1425 75 1507 116">
     <span class='ocr_line' id='line_1_2' title="bbox 1425 75 1507 116; baseline 0 0"><span class='ocrx_word' id='word_1_4' title='bbox 1425 75 1507 116; x_wconf 84' lang='lat'>685</span> 
     </span>
    </p>
   </div>
   <div class='ocr_carea' id='block_1_3' title="bbox 283 172 1506 555">
    <p class='ocr_par' dir='ltr' id='par_1_3' title="bbox 288 172 1506 315">
     <span class='ocr_line' id='line_1_3' title="bbox 288 172 1506 231; baseline 0.002 -13"><span class='ocrx_word' id='word_1_5' title='bbox 288 175 395 218; x_wconf 90' lang='lat' dir='ltr'>Nam</span> <span class='ocrx_word' id='word_1_6' title='bbox 421 172 563 231; x_wconf 86' lang='lat' dir='ltr'>qualis</span> <span class='ocrx_word' id='word_1_7' title='bbox 592 181 667 218; x_wconf 88' lang='lat' dir='ltr'>aut</span> <span class='ocrx_word' id='word_1_8' title='bbox 693 173 905 218; x_wconf 83' lang='lat' dir='ltr'><strong>Molossus</strong></span> <span class='ocrx_word' id='word_1_9' title='bbox 935 182 1009 219; x_wconf 90' lang='lat' dir='ltr'>aut</span> <span class='ocrx_word' id='word_1_10' title='bbox 1036 175 1175 219; x_wconf 75' lang='lat' dir='ltr'>sulvus</span> <span class='ocrx_word' id='word_1_11' title='bbox 1205 178 1369 227; x_wconf 73' lang='lat' dir='ltr'>Lacon,</span> <span class='ocrx_word' id='word_1_12' title='bbox 1480 181 1506 220; x_wconf 77' lang='grc' dir='ltr'>ὅ</span> 
     </span>
     <span class='ocr_line' id='line_1_4' title="bbox 340 254 1069 315; baseline 0.001 -17"><span class='ocrx_word' id='word_1_13' title='bbox 340 255 489 299; x_wconf 83' lang='lat' dir='ltr'>Amica</span> <span class='ocrx_word' id='word_1_14' title='bbox 516 254 582 299; x_wconf 88' lang='lat' dir='ltr'>vis</span> <span class='ocrx_word' id='word_1_15' title='bbox 609 254 856 315; x_wconf 81' lang='lat' dir='ltr'>pastoribus</span> <span class='ocrx_word' id='word_1_16' title='bbox 873 289 882 305; x_wconf 95' lang='lat'>‚</span> <span class='ocrx_word' id='word_1_17' title='bbox 1064 287 1069 289; x_wconf 73' lang='grc'><strong>-</strong></span> 
     </span>
    </p>

    <p class='ocr_par' dir='ltr' id='par_1_4' title="bbox 286 334 1173 473">
     <span class='ocr_line' id='line_1_5' title="bbox 286 334 1173 392; baseline 0.002 -15"><span class='ocrx_word' id='word_1_18' title='bbox 286 334 420 392; x_wconf 82' lang='lat' dir='ltr'>Agam</span> <span class='ocrx_word' id='word_1_19' title='bbox 446 348 528 392; x_wconf 89' lang='lat' dir='ltr'>per</span> <span class='ocrx_word' id='word_1_20' title='bbox 555 334 662 378; x_wconf 84' lang='lat' dir='ltr'>altas</span> <span class='ocrx_word' id='word_1_21' title='bbox 694 349 800 379; x_wconf 89' lang='lat' dir='ltr'>aure</span> <span class='ocrx_word' id='word_1_22' title='bbox 829 334 996 380; x_wconf 89' lang='lat' dir='ltr'>sublata</span> <span class='ocrx_word' id='word_1_23' title='bbox 1025 337 1173 386; x_wconf 86' lang='lat' dir='ltr'>nives,</span> 
     </span>
     <span class='ocr_line' id='line_1_6' title="bbox 344 415 1043 473; baseline 0.003 -15"><span class='ocrx_word' id='word_1_24' title='bbox 344 415 640 473; x_wconf 83' lang='lat' dir='ltr'><strong>Quaecunque</strong></span> <span class='ocrx_word' id='word_1_25' title='bbox 671 415 906 473; x_wconf 81' lang='lat' dir='ltr'>praecedet</span> <span class='ocrx_word' id='word_1_26' title='bbox 933 416 1043 460; x_wconf 85' lang='lat' dir='ltr'>sera:</span> 
     </span>
    </p>

    <p class='ocr_par' dir='ltr' id='par_1_5' title="bbox 283 495 1311 555">
     <span class='ocr_line' id='line_1_7' title="bbox 283 495 1311 555; baseline 0.005 -17"><span class='ocrx_word' id='word_1_27' title='bbox 283 495 368 547; x_wconf 89' lang='lat' dir='ltr'>Tu,</span> <span class='ocrx_word' id='word_1_28' title='bbox 399 509 499 539; x_wconf 90' lang='lat' dir='ltr'>cum</span> <span class='ocrx_word' id='word_1_29' title='bbox 526 495 716 540; x_wconf 88' lang='lat' dir='ltr'>timenda</span> <span class='ocrx_word' id='word_1_30' title='bbox 742 510 851 541; x_wconf 91' lang='lat' dir='ltr'>voce</span> <span class='ocrx_word' id='word_1_31' title='bbox 880 497 1103 555; x_wconf 87' lang='lat' dir='ltr'>complesti</span> <span class='ocrx_word' id='word_1_32' title='bbox 1134 513 1311 549; x_wconf 78' lang='lat' dir='ltr'>nemus.</span> 
     </span>
    </p>
   </div>
   <div class='ocr_carea' id='block_1_4' title="bbox 340 575 995 622">
    <p class='ocr_par' dir='ltr' id='par_1_6' title="bbox 340 575 995 622">
     <span class='ocr_line' id='line_1_8' title="bbox 340 575 995 622; baseline 0.005 -3"><span class='ocrx_word' id='word_1_33' title='bbox 340 577 584 620; x_wconf 86' lang='lat' dir='ltr'>Proiectum</span> <span class='ocrx_word' id='word_1_34' title='bbox 611 575 808 621; x_wconf 83' lang='lat' dir='ltr'>odoraris</span> <span class='ocrx_word' id='word_1_35' title='bbox 838 578 995 622; x_wconf 84' lang='lat' dir='ltr'>cibum.</span> 
     </span>
    </p>
   </div>
   <div class='ocr_carea' id='block_1_5' title="bbox 1448 582 1502 624">
    <p class='ocr_par' dir='ltr' id='par_1_7' title="bbox 1448 582 1502 624">
     <span class='ocr_line' id='line_1_9' title="bbox 1448 582 1502 624; baseline 0 0"><span class='ocrx_word' id='word_1_36' title='bbox 1448 582 1465 624; x_wconf 71' lang='lat' dir='ltr'>vi</span> <span class='ocrx_word' id='word_1_37' title='bbox 1474 584 1502 624; x_wconf 88' lang='lat'>0</span> 
     </span>
    </p>
   </div>
   <div class='ocr_carea' id='block_1_6' title="bbox 281 657 1337 957">
    <p class='ocr_par' dir='ltr' id='par_1_8' title="bbox 286 657 1337 787">
     <span class='ocr_line' id='line_1_10' title="bbox 286 657 1337 718; baseline 0.005 -18"><span class='ocrx_word' id='word_1_38' title='bbox 286 657 422 707; x_wconf 83' lang='lat' dir='ltr'>Cave,</span> <span class='ocrx_word' id='word_1_39' title='bbox 453 670 580 700; x_wconf 90' lang='lat' dir='ltr'>cave:</span> <span class='ocrx_word' id='word_1_40' title='bbox 615 671 803 715; x_wconf 88' lang='lat' dir='ltr'>namque</span> <span class='ocrx_word' id='word_1_41' title='bbox 834 658 876 701; x_wconf 93' lang='lat' dir='ltr'>in</span> <span class='ocrx_word' id='word_1_42' title='bbox 905 659 1042 703; x_wconf 87' lang='lat' dir='ltr'>malos</span> <span class='ocrx_word' id='word_1_43' title='bbox 1070 661 1337 718; x_wconf 85' lang='lat' dir='ltr'>asperrimus</span> 
     </span>
     <span class='ocr_line' id='line_1_11' title="bbox 339 736 843 787; baseline 0.004 -8"><span class='ocrx_word' id='word_1_44' title='bbox 339 738 491 781; x_wconf 86' lang='lat' dir='ltr'>Parata</span> <span class='ocrx_word' id='word_1_45' title='bbox 520 736 622 780; x_wconf 88' lang='lat' dir='ltr'>tollo</span> <span class='ocrx_word' id='word_1_46' title='bbox 652 751 815 781; x_wconf 87' lang='lat' dir='ltr'>cornua</span> <span class='ocrx_word' id='word_1_47' title='bbox 834 773 843 787; x_wconf 82' lang='lat'><em>,</em></span> 
     </span>
    </p>

    <p class='ocr_par' dir='ltr' id='par_1_9' title="bbox 281 810 1228 957">
     <span class='ocr_line' id='line_1_12' title="bbox 281 810 1228 877; baseline 0.004 -17"><span class='ocrx_word' id='word_1_48' title='bbox 281 817 430 870; x_wconf 89' lang='lat' dir='ltr'>Qualis</span> <span class='ocrx_word' id='word_1_49' title='bbox 458 810 703 877; x_wconf 83' lang='lat' dir='ltr'>Lycambae</span> <span class='ocrx_word' id='word_1_50' title='bbox 733 827 905 876; x_wconf 87' lang='lat' dir='ltr'>spretus</span> <span class='ocrx_word' id='word_1_51' title='bbox 934 820 1064 864; x_wconf 88' lang='lat' dir='ltr'>infido</span> <span class='ocrx_word' id='word_1_52' title='bbox 1094 835 1228 877; x_wconf 84' lang='lat' dir='ltr'>gener</span> 
     </span>
     <span class='ocr_line' id='line_1_13' title="bbox 338 898 917 957; baseline 0.003 -16"><span class='ocrx_word' id='word_1_53' title='bbox 338 900 421 941; x_wconf 86' lang='lat' dir='ltr'>Aut</span> <span class='ocrx_word' id='word_1_54' title='bbox 449 912 551 942; x_wconf 86' lang='lat' dir='ltr'>acer</span> <span class='ocrx_word' id='word_1_55' title='bbox 577 898 712 942; x_wconf 90' lang='lat' dir='ltr'>hostis</span> <span class='ocrx_word' id='word_1_56' title='bbox 740 899 917 957; x_wconf 88' lang='lat' dir='ltr'><strong>Bupalo.</strong></span> 
     </span>
    </p>
   </div>
   <div class='ocr_carea' id='block_1_7' title="bbox 139 997 1451 1054">
    <p class='ocr_par' dir='ltr' id='par_1_10' title="bbox 139 997 1451 1054">
     <span class='ocr_line' id='line_1_14' title="bbox 139 997 1451 1054; baseline 0.004 -11"><span class='ocrx_word' id='word_1_57' title='bbox 139 1010 174 1043; x_wconf 79' lang='lat'>5.</span> <span class='ocrx_word' id='word_1_58' title='bbox 196 1010 345 1051; x_wconf 51' lang='lat' dir='ltr'>Lacon.</span> <span class='ocrx_word' id='word_1_59' title='bbox 372 997 418 1034; x_wconf 36' lang='lat'>—⁴</span> <span class='ocrx_word' id='word_1_60' title='bbox 433 1011 467 1044; x_wconf 87' lang='grc'>8.</span> <span class='ocrx_word' id='word_1_61' title='bbox 486 1012 668 1052; x_wconf 74' lang='lat' dir='ltr'>praecedat</span> <span class='ocrx_word' id='word_1_62' title='bbox 690 1011 801 1045; x_wconf 89' lang='lat' dir='ltr'>Codd.</span> <span class='ocrx_word' id='word_1_63' title='bbox 833 1013 929 1054; x_wconf 89' lang='lat' dir='ltr'>apud</span> <span class='ocrx_word' id='word_1_64' title='bbox 952 1014 1078 1053; x_wconf 83' lang='lat' dir='ltr'>Feam‚</span> <span class='ocrx_word' id='word_1_65' title='bbox 1111 1014 1267 1054; x_wconf 72' lang='lat' dir='ltr'>procedet</span> <span class='ocrx_word' id='word_1_66' title='bbox 1296 1023 1316 1047; x_wconf 93' lang='lat' dir='ltr'>e</span> <span class='ocrx_word' id='word_1_67' title='bbox 1340 1016 1451 1049; x_wconf 89' lang='lat' dir='ltr'>Codd.</span> 
     </span>
    </p>
   </div>
   <div class='ocr_carea' id='block_1_8' title="bbox 97 1058 737 1101">
    <p class='ocr_par' dir='ltr' id='par_1_11' title="bbox 97 1058 737 1101">
     <span class='ocr_line' id='line_1_15' title="bbox 97 1058 737 1101; baseline 0.003 -10"><span class='ocrx_word' id='word_1_68' title='bbox 97 1058 260 1092; x_wconf 82' lang='lat' dir='ltr'>eiusdem</span> <span class='ocrx_word' id='word_1_69' title='bbox 281 1059 406 1092; x_wconf 83' lang='lat' dir='ltr'>Bothe.</span> <span class='ocrx_word' id='word_1_70' title='bbox 432 1060 484 1100; x_wconf 84' lang='lat' dir='ltr'>(Ut</span> <span class='ocrx_word' id='word_1_71' title='bbox 506 1069 589 1100; x_wconf 90' lang='lat' dir='ltr'>nos,</span> <span class='ocrx_word' id='word_1_72' title='bbox 614 1060 737 1101; x_wconf 88' lang='lat' dir='ltr'>BbSc.)</span> 
     </span>
    </p>
   </div>
   <div class='ocr_carea' id='block_1_9' title="bbox 46 1152 749 1390">
    <p class='ocr_par' dir='ltr' id='par_1_12' title="bbox 46 1152 749 1390">
     <span class='ocr_line' id='line_1_16' title="bbox 53 1152 745 1194; baseline 0.003 -11"><span class='ocrx_word' id='word_1_73' title='bbox 53 1159 135 1192; x_wconf 77' lang='lat' dir='ltr'>gam</span> <span class='ocrx_word' id='word_1_74' title='bbox 164 1152 357 1185; x_wconf 77' lang='lat' dir='ltr'>coniecta.»</span> <span class='ocrx_word' id='word_1_75' title='bbox 397 1152 462 1191; x_wconf 84' lang='lat' dir='ltr'>Qui</span> <span class='ocrx_word' id='word_1_76' title='bbox 490 1154 611 1185; x_wconf 85' lang='lat' dir='ltr'>autem</span> <span class='ocrx_word' id='word_1_77' title='bbox 642 1152 745 1194; x_wconf 85' lang='lat' dir='ltr'>fugit,</span> 
     </span>
     <span class='ocr_line' id='line_1_17' title="bbox 46 1197 749 1244; baseline 0.003 -12"><span class='ocrx_word' id='word_1_78' title='bbox 46 1200 228 1240; x_wconf 74' lang='lat' dir='ltr'>praecedit-</span> <span class='ocrx_word' id='word_1_79' title='bbox 239 1197 499 1242; x_wconf 63' lang='lat' dir='ltr'>inse11uentem.</span> <span class='ocrx_word' id='word_1_80' title='bbox 539 1202 582 1234; x_wconf 91' lang='lat' dir='ltr'>Et</span> <span class='ocrx_word' id='word_1_81' title='bbox 602 1203 749 1244; x_wconf 83' lang='lat' dir='ltr'>propter</span> 
     </span>
     <span class='ocr_line' id='line_1_18' title="bbox 51 1249 747 1292; baseline 0.001 -10"><span class='ocrx_word' id='word_1_82' title='bbox 51 1249 126 1282; x_wconf 63' lang='lat' dir='ltr'>hoc&gt;</span> <span class='ocrx_word' id='word_1_83' title='bbox 158 1251 196 1282; x_wconf 91' lang='lat' dir='ltr'>et</span> <span class='ocrx_word' id='word_1_84' title='bbox 229 1251 377 1292; x_wconf 83' lang='lat' dir='ltr'>propter</span> <span class='ocrx_word' id='word_1_85' title='bbox 411 1250 523 1283; x_wconf 88' lang='lat' dir='ltr'>Codd.</span> <span class='ocrx_word' id='word_1_86' title='bbox 558 1250 747 1283; x_wconf 88' lang='lat' dir='ltr'>meliorum</span> 
     </span>
     <span class='ocr_line' id='line_1_19' title="bbox 52 1299 744 1340; baseline 0.003 -10"><span class='ocrx_word' id='word_1_87' title='bbox 52 1299 297 1331; x_wconf 79' lang='lat' dir='ltr'>auctoritatem</span> <span class='ocrx_word' id='word_1_88' title='bbox 318 1299 551 1332; x_wconf 77' lang='lat' dir='ltr'>reficiendum</span> <span class='ocrx_word' id='word_1_89' title='bbox 568 1301 725 1340; x_wconf 75' lang='lat' dir='ltr'>procedet</span> <span class='ocrx_word' id='word_1_90' title='bbox 736 1326 744 1340; x_wconf 83' lang='lat'>‚</span> 
     </span>
     <span class='ocr_line' id='line_1_20' title="bbox 52 1347 744 1390; baseline 0.001 -10"><span class='ocrx_word' id='word_1_91' title='bbox 52 1347 216 1380; x_wconf 79' lang='lat' dir='ltr'>«obviam</span> <span class='ocrx_word' id='word_1_92' title='bbox 237 1347 317 1388; x_wconf 85' lang='lat' dir='ltr'>ibit,</span> <span class='ocrx_word' id='word_1_93' title='bbox 345 1356 491 1381; x_wconf 86' lang='lat' dir='ltr'>mecum</span> <span class='ocrx_word' id='word_1_94' title='bbox 511 1350 744 1390; x_wconf 80' lang='lat' dir='ltr'>pugnatura»,</span> 
     </span>
    </p>
   </div>
   <div class='ocr_carea' id='block_1_10' title="bbox 6 1395 743 1439">
    <p class='ocr_par' dir='ltr' id='par_1_13' title="bbox 6 1395 743 1439">
     <span class='ocr_line' id='line_1_21' title="bbox 6 1395 743 1439; baseline 0.003 -11"><span class='ocrx_word' id='word_1_95' title='bbox 6 1411 12 1414; x_wconf 57' lang='lat'><em>⁷</em></span> <span class='ocrx_word' id='word_1_96' title='bbox 50 1397 91 1428; x_wconf 87' lang='lat' dir='ltr'>ut</span> <span class='ocrx_word' id='word_1_97' title='bbox 98 1395 231 1429; x_wconf 75' lang='lat' dir='ltr'>volunt.</span> <span class='ocrx_word' id='word_1_98' title='bbox 245 1395 376 1429; x_wconf 83' lang='lat' dir='ltr'>Saltem</span> <span class='ocrx_word' id='word_1_99' title='bbox 391 1395 641 1439; x_wconf 86' lang='lat' dir='ltr'>explicandum</span> <span class='ocrx_word' id='word_1_100' title='bbox 656 1399 743 1431; x_wconf 85' lang='lat' dir='ltr'>erat:</span> 
     </span>
    </p>
   </div>
   <div class='ocr_carea' id='block_1_11' title="bbox 51 1445 747 1488">
    <p class='ocr_par' dir='ltr' id='par_1_14' title="bbox 51 1445 747 1488">
     <span class='ocr_line' id='line_1_22' title="bbox 51 1445 747 1488; baseline 0.007 -13"><span class='ocrx_word' id='word_1_101' title='bbox 51 1445 227 1488; x_wconf 72' lang='lat' dir='ltr'>«prodibit</span> <span class='ocrx_word' id='word_1_102' title='bbox 259 1455 280 1478; x_wconf 91' lang='lat' dir='ltr'>e</span> <span class='ocrx_word' id='word_1_103' title='bbox 301 1445 412 1479; x_wconf 85' lang='lat' dir='ltr'>lustro</span> <span class='ocrx_word' id='word_1_104' title='bbox 437 1455 536 1479; x_wconf 81' lang='lat' dir='ltr'>suo.»</span> <span class='ocrx_word' id='word_1_105' title='bbox 582 1448 634 1480; x_wconf 87' lang='lat' dir='ltr'>De</span> <span class='ocrx_word' id='word_1_106' title='bbox 658 1456 747 1479; x_wconf 89' lang='lat' dir='ltr'>cou-</span> 
     </span>
    </p>
   </div>
   <div class='ocr_carea' id='block_1_12' title="bbox 46 1494 745 1685">
    <p class='ocr_par' dir='ltr' id='par_1_15' title="bbox 46 1494 741 1586">
     <span class='ocr_line' id='line_1_23' title="bbox 49 1494 741 1537; baseline 0.003 -10"><span class='ocrx_word' id='word_1_107' title='bbox 49 1495 243 1528; x_wconf 84' lang='lat' dir='ltr'>structioue</span> <span class='ocrx_word' id='word_1_108' title='bbox 267 1494 376 1536; x_wconf 74' lang='lat' dir='ltr'>Aqam</span> <span class='ocrx_word' id='word_1_109' title='bbox 395 1513 417 1519; x_wconf 95' lang='lat'><em>-</em></span> <span class='ocrx_word' id='word_1_110' title='bbox 429 1514 451 1520; x_wconf 92' lang='lat'><em>-</em></span> <span class='ocrx_word' id='word_1_111' title='bbox 473 1505 688 1537; x_wconf 67' lang='lat' dir='ltr'>quaecumque</span> <span class='ocrx_word' id='word_1_112' title='bbox 703 1506 741 1537; x_wconf 88' lang='lat' dir='ltr'>p.</span> 
     </span>
     <span class='ocr_line' id='line_1_24' title="bbox 46 1543 515 1586; baseline 0.002 -10"><span class='ocrx_word' id='word_1_113' title='bbox 46 1543 124 1585; x_wconf 76' lang='lat' dir='ltr'>fera</span> <span class='ocrx_word' id='word_1_114' title='bbox 145 1543 237 1576; x_wconf 77' lang='lat' dir='ltr'>cour.</span> <span class='ocrx_word' id='word_1_115' title='bbox 260 1544 372 1586; x_wconf 84' lang='lat' dir='ltr'>Epod.</span> <span class='ocrx_word' id='word_1_116' title='bbox 396 1545 436 1585; x_wconf 80' lang='grc'>2,</span> <span class='ocrx_word' id='word_1_117' title='bbox 460 1544 515 1577; x_wconf 83' lang='lat'>37.</span> 
     </span>
    </p>

    <p class='ocr_par' dir='ltr' id='par_1_16' title="bbox 47 1593 745 1685">
     <span class='ocr_line' id='line_1_25' title="bbox 92 1593 744 1636; baseline 0.005 -11"><span class='ocrx_word' id='word_1_118' title='bbox 92 1593 124 1625; x_wconf 81' lang='lat'>9.</span> <span class='ocrx_word' id='word_1_119' title='bbox 161 1594 214 1626; x_wconf 92' lang='grc'>40.</span> <span class='ocrx_word' id='word_1_120' title='bbox 254 1593 321 1634; x_wconf 73' lang='lat' dir='ltr'>Pu]</span> <span class='ocrx_word' id='word_1_121' title='bbox 356 1595 436 1626; x_wconf 76' lang='lat' dir='ltr'>«Tu</span> <span class='ocrx_word' id='word_1_122' title='bbox 468 1596 610 1636; x_wconf 87' lang='lat' dir='ltr'>contra,</span> <span class='ocrx_word' id='word_1_123' title='bbox 646 1596 744 1628; x_wconf 86' lang='lat' dir='ltr'>cauis</span> 
     </span>
     <span class='ocr_line' id='line_1_26' title="bbox 47 1642 745 1685; baseline 0.003 -11"><span class='ocrx_word' id='word_1_124' title='bbox 47 1642 191 1683; x_wconf 83' lang='lat' dir='ltr'>ignave,</span> <span class='ocrx_word' id='word_1_125' title='bbox 226 1651 311 1675; x_wconf 87' lang='lat' dir='ltr'>cum</span> <span class='ocrx_word' id='word_1_126' title='bbox 333 1643 395 1675; x_wconf 89' lang='lat' dir='ltr'>diu</span> <span class='ocrx_word' id='word_1_127' title='bbox 416 1642 639 1685; x_wconf 89' lang='lat' dir='ltr'>multumque</span> <span class='ocrx_word' id='word_1_128' title='bbox 667 1645 745 1677; x_wconf 89' lang='lat' dir='ltr'>ina-</span> 
     </span>
    </p>
   </div>
   <div class='ocr_carea' id='block_1_13' title="bbox 0 1689 744 1726">
    <p class='ocr_par' dir='ltr' id='par_1_17' title="bbox 0 1689 744 1726">
     <span class='ocr_line' id='line_1_27' title="bbox 0 1689 744 1726; baseline 0 0"><span class='ocrx_word' id='word_1_129' title='bbox 0 1724 4 1726; x_wconf 87' lang='lat'>.</span> <span class='ocrx_word' id='word_1_130' title='bbox 48 1691 141 1724; x_wconf 79' lang='lat' dir='ltr'>niter</span> <span class='ocrx_word' id='word_1_131' title='bbox 159 1689 294 1724; x_wconf 76' lang='lat' dir='ltr'>latrasti</span> <span class='ocrx_word' id='word_1_132' title='bbox 323 1690 583 1725; x_wconf 83' lang='lat' dir='ltr'>formidabilem</span> <span class='ocrx_word' id='word_1_133' title='bbox 605 1694 641 1725; x_wconf 89' lang='lat' dir='ltr'>in</span> <span class='ocrx_word' id='word_1_134' title='bbox 664 1702 744 1726; x_wconf 89' lang='lat' dir='ltr'>mo·-</span> 
     </span>
    </p>
   </div>
   <div class='ocr_carea' id='block_1_14' title="bbox 46 1739 744 1832">
    <p class='ocr_par' dir='ltr' id='par_1_18' title="bbox 46 1739 744 1832">
     <span class='ocr_line' id='line_1_28' title="bbox 47 1739 744 1781; baseline 0.001 -7"><span class='ocrx_word' id='word_1_135' title='bbox 47 1739 147 1781; x_wconf 83' lang='lat' dir='ltr'>dum,</span> <span class='ocrx_word' id='word_1_136' title='bbox 173 1742 294 1774; x_wconf 68' lang='lat' dir='ltr'>tamen</span> <span class='ocrx_word' id='word_1_137' title='bbox 315 1740 397 1773; x_wconf 87' lang='lat' dir='ltr'>cibo</span> <span class='ocrx_word' id='word_1_138' title='bbox 419 1741 481 1773; x_wconf 87' lang='lat' dir='ltr'>tibi</span> <span class='ocrx_word' id='word_1_139' title='bbox 504 1741 645 1774; x_wconf 88' lang='lat' dir='ltr'>obiecto</span> <span class='ocrx_word' id='word_1_140' title='bbox 668 1744 744 1775; x_wconf 84' lang='lat' dir='ltr'>sta-</span> 
     </span>
     <span class='ocr_line' id='line_1_29' title="bbox 46 1789 741 1832; baseline 0.001 -10"><span class='ocrx_word' id='word_1_141' title='bbox 46 1790 111 1822; x_wconf 88' lang='lat' dir='ltr'>tim</span> <span class='ocrx_word' id='word_1_142' title='bbox 138 1789 284 1831; x_wconf 87' lang='lat' dir='ltr'>cupidas</span> <span class='ocrx_word' id='word_1_143' title='bbox 313 1798 419 1823; x_wconf 88' lang='lat' dir='ltr'>nares</span> <span class='ocrx_word' id='word_1_144' title='bbox 441 1790 612 1823; x_wconf 88' lang='lat' dir='ltr'>admoves</span> <span class='ocrx_word' id='word_1_145' title='bbox 635 1792 741 1832; x_wconf 77' lang='lat' dir='ltr'>atque</span> 
     </span>
    </p>
   </div>
   <div class='ocr_carea' id='block_1_15' title="bbox 0 1837 742 2019">
    <p class='ocr_par' dir='ltr' id='par_1_19' title="bbox 0 1837 739 1884">
     <span class='ocr_line' id='line_1_30' title="bbox 0 1837 739 1884; baseline 0.001 -13"><span class='ocrx_word' id='word_1_146' title='bbox 0 1871 2 1884; x_wconf 25' lang='grc' dir='ltr'>ζ</span> <span class='ocrx_word' id='word_1_147' title='bbox 46 1837 287 1879; x_wconf 78' lang='lat' dir='ltr'>obmutescis3</span> <span class='ocrx_word' id='word_1_148' title='bbox 299 1851 317 1868; x_wconf 73' lang='grc' dir='ltr'><strong>ι</strong></span> <span class='ocrx_word' id='word_1_149' title='bbox 369 1839 548 1884; x_wconf 85' lang='lat' dir='ltr'>dempta</span> <span class='ocrx_word' id='word_1_150' title='bbox 561 1841 739 1881; x_wconf 86' lang='lat' dir='ltr'>imagine.</span> 
     </span>
    </p>

    <p class='ocr_par' dir='ltr' id='par_1_20' title="bbox 0 1886 742 2019">
     <span class='ocr_line' id='line_1_31' title="bbox 0 1886 742 1930; baseline 0.005 -12"><span class='ocrx_word' id='word_1_151' title='bbox 0 1896 65 1930; x_wconf 40' lang='grc' dir='ltr'>ᾗ·</span> <span class='ocrx_word' id='word_1_152' title='bbox 47 1886 184 1928; x_wconf 77' lang='lat' dir='ltr'>«lingua</span> <span class='ocrx_word' id='word_1_153' title='bbox 212 1897 389 1930; x_wconf 84' lang='lat' dir='ltr'>perquam</span> <span class='ocrx_word' id='word_1_154' title='bbox 417 1891 603 1930; x_wconf 90' lang='lat' dir='ltr'>promptus</span> <span class='ocrx_word' id='word_1_155' title='bbox 633 1898 673 1922; x_wconf 90' lang='lat' dir='ltr'>es</span> <span class='ocrx_word' id='word_1_156' title='bbox 696 1889 742 1922; x_wconf 91' lang='lat' dir='ltr'>ad</span> 
     </span>
     <span class='ocr_line' id='line_1_32' title="bbox 0 1935 741 1978; baseline 0.003 -9"><span class='ocrx_word' id='word_1_157' title='bbox 0 1950 2 1965; x_wconf 81' lang='lat'>1</span> <span class='ocrx_word' id='word_1_158' title='bbox 45 1935 149 1970; x_wconf 81' lang='lat' dir='ltr'>alios</span> <span class='ocrx_word' id='word_1_159' title='bbox 155 1936 377 1970; x_wconf 78' lang='lat' dir='ltr'>contumeliis</span> <span class='ocrx_word' id='word_1_160' title='bbox 407 1937 639 1978; x_wconf 87' lang='lat' dir='ltr'>lacerandos,</span> <span class='ocrx_word' id='word_1_161' title='bbox 676 1938 741 1971; x_wconf 88' lang='lat' dir='ltr'>sed</span> 
     </span>
     <span class='ocr_line' id='line_1_33' title="bbox 3 1984 611 2019; baseline 0.002 -1"><span class='ocrx_word' id='word_1_162' title='bbox 3 1984 5 1986; x_wconf 82' lang='grc'><strong>’</strong></span> <span class='ocrx_word' id='word_1_163' title='bbox 45 1994 195 2018; x_wconf 84' lang='lat' dir='ltr'>munere</span> <span class='ocrx_word' id='word_1_164' title='bbox 217 1985 337 2018; x_wconf 81' lang='lat' dir='ltr'>oblato</span> <span class='ocrx_word' id='word_1_165' title='bbox 359 1985 450 2018; x_wconf 89' lang='lat' dir='ltr'>illico</span> <span class='ocrx_word' id='word_1_166' title='bbox 479 1988 611 2019; x_wconf 83' lang='lat' dir='ltr'>taces.»</span> 
     </span>
    </p>
   </div>
   <div class='ocr_carea' id='block_1_16' title="bbox 660 1986 742 2019">
    <p class='ocr_par' dir='ltr' id='par_1_21' title="bbox 660 1986 742 2019">
     <span class='ocr_line' id='line_1_34' title="bbox 660 1986 742 2019; baseline 0 0"><span class='ocrx_word' id='word_1_167' title='bbox 660 1986 742 2019; x_wconf 86' lang='lat' dir='ltr'>Bel-</span> 
     </span>
    </p>
   </div>
   <div class='ocr_carea' id='block_1_17' title="bbox 0 2034 740 2068">
    <p class='ocr_par' dir='ltr' id='par_1_22' title="bbox 0 2034 740 2068">
     <span class='ocr_line' id='line_1_35' title="bbox 0 2034 740 2068; baseline -0.001 0"><span class='ocrx_word' id='word_1_168' title='bbox 0 2035 3 2067; x_wconf 73' lang='lat'><em>}</em></span> <span class='ocrx_word' id='word_1_169' title='bbox 44 2034 120 2068; x_wconf 91' lang='lat' dir='ltr'>lum</span> <span class='ocrx_word' id='word_1_170' title='bbox 141 2036 198 2068; x_wconf 90' lang='lat' dir='ltr'>est</span> <span class='ocrx_word' id='word_1_171' title='bbox 229 2034 314 2067; x_wconf 89' lang='lat' dir='ltr'>illud</span> <span class='ocrx_word' id='word_1_172' title='bbox 336 2036 478 2068; x_wconf 85' lang='lat' dir='ltr'>Catonis</span> <span class='ocrx_word' id='word_1_173' title='bbox 506 2036 666 2068; x_wconf 86' lang='lat' dir='ltr'>Censorii</span> <span class='ocrx_word' id='word_1_174' title='bbox 695 2035 740 2067; x_wconf 90' lang='lat' dir='ltr'>de</span> 
     </span>
    </p>
   </div>
   <div class='ocr_carea' id='block_1_18' title="bbox 0 2282 737 2371">
    <p class='ocr_par' dir='ltr' id='par_1_23' title="bbox 0 2282 726 2371">
     <span class='ocr_line' id='line_1_36' title="bbox 0 2282 587 2324; baseline -0.002 -10"><span class='ocrx_word' id='word_1_175' title='bbox 0 2300 11 2318; x_wconf 85' lang='lat'>-.</span> <span class='ocrx_word' id='word_1_176' title='bbox 43 2283 86 2314; x_wconf 92' lang='lat' dir='ltr'>ut</span> <span class='ocrx_word' id='word_1_177' title='bbox 111 2283 194 2314; x_wconf 84' lang='lat' dir='ltr'>ante</span> <span class='ocrx_word' id='word_1_178' title='bbox 221 2282 334 2324; x_wconf 91' lang='lat' dir='ltr'>pedes</span> <span class='ocrx_word' id='word_1_179' title='bbox 364 2282 428 2314; x_wconf 86' lang='lat' dir='ltr'>tibi</span> <span class='ocrx_word' id='word_1_180' title='bbox 450 2282 587 2314; x_wconf 81' lang='lat' dir='ltr'>cadat.»</span> 
     </span>
     <span class='ocr_line' id='line_1_37' title="bbox 46 2329 737 2371; baseline -0.001 -8"><span class='ocrx_word' id='word_1_181' title='bbox 46 2329 187 2364; x_wconf 81' lang='lat' dir='ltr'>solitum</span> <span class='ocrx_word' id='word_1_182' title='bbox 197 2333 294 2363; x_wconf 86' lang='lat' dir='ltr'>esset</span> <span class='ocrx_word' id='word_1_183' title='bbox 305 2331 477 2370; x_wconf 81' lang='lat' dir='ltr'>obiectum,</span> <span class='ocrx_word' id='word_1_184' title='bbox 494 2332 534 2362; x_wconf 93' lang='lat' dir='ltr'>ut</span> <span class='ocrx_word' id='word_1_185' title='bbox 546 2331 637 2371; x_wconf 90' lang='lat' dir='ltr'>Virg.</span> <span class='ocrx_word' id='word_1_186' title='bbox 650 2332 737 2363; x_wconf 86' lang='lat' dir='ltr'>Aen.</span> 
     </span>
    </p>
   </div>
   <div class='ocr_carea' id='block_1_19' title="bbox 0 2348 9 2402">
    <p class='ocr_par' dir='ltr' id='par_1_24' title="bbox 0 2348 9 2402">
     <span class='ocr_line' id='line_1_38' title="bbox 0 2348 9 2402; baseline 0 0"><span class='ocrx_word' id='word_1_187' title='bbox 0 2348 9 2402; x_wconf 77' lang='grc' dir='ltr'><strong>ἱ</strong></span> 
     </span>
    </p>
   </div>
   <div class='ocr_carea' id='block_1_20' title="bbox 18 2083 741 2127">
    <p class='ocr_par' dir='ltr' id='par_1_25' title="bbox 18 2083 741 2127">
     <span class='ocr_line' id='line_1_39' title="bbox 18 2083 741 2127; baseline -0.001 -9"><span class='ocrx_word' id='word_1_188' title='bbox 18 2085 91 2123; x_wconf 42' lang='grc' dir='ltr'>«Π.</span> <span class='ocrx_word' id='word_1_189' title='bbox 107 2083 235 2117; x_wconf 87' lang='lat' dir='ltr'>Caelio</span> <span class='ocrx_word' id='word_1_190' title='bbox 227 2085 343 2127; x_wconf 89' lang='lat' dir='ltr'>apud</span> <span class='ocrx_word' id='word_1_191' title='bbox 365 2084 450 2117; x_wconf 90' lang='lat' dir='ltr'>Gell.</span> <span class='ocrx_word' id='word_1_192' title='bbox 474 2086 511 2125; x_wconf 99' lang='grc'>4,</span> <span class='ocrx_word' id='word_1_193' title='bbox 538 2086 597 2117; x_wconf 73' lang='lat'>⁴5:</span> <span class='ocrx_word' id='word_1_194' title='bbox 622 2086 741 2117; x_wconf 66' lang='lat' dir='ltr'>Frusto</span> 
     </span>
    </p>
   </div>
   <div class='ocr_carea' id='block_1_21' title="bbox 0 2133 741 2274">
    <p class='ocr_par' dir='ltr' id='par_1_26' title="bbox 0 2133 741 2274">
     <span class='ocr_line' id='line_1_40' title="bbox 0 2133 739 2184; baseline 0 -18"><span class='ocrx_word' id='word_1_195' title='bbox 0 2133 143 2184; x_wconf 58' lang='grc' dir='ltr'>ξμὶσ</span> <span class='ocrx_word' id='word_1_196' title='bbox 163 2134 302 2166; x_wconf 79' lang='lat' dir='ltr'>conduci</span> <span class='ocrx_word' id='word_1_197' title='bbox 318 2137 441 2174; x_wconf 80' lang='lat' dir='ltr'>potest,</span> <span class='ocrx_word' id='word_1_198' title='bbox 464 2134 517 2166; x_wconf 85' lang='lat' dir='ltr'>vel</span> <span class='ocrx_word' id='word_1_199' title='bbox 538 2134 587 2166; x_wconf 75' lang='lat' dir='ltr'>uti</span> <span class='ocrx_word' id='word_1_200' title='bbox 610 2137 739 2174; x_wconf 81' lang='lat' dir='ltr'>taceat,</span> 
     </span>
     <span class='ocr_line' id='line_1_41' title="bbox 0 2167 741 2245; baseline -0.001 -29.94"><span class='ocrx_word' id='word_1_201' title='bbox 0 2167 97 2245; x_wconf 53' lang='grc' dir='ltr'>ζωοὶ</span> <span class='ocrx_word' id='word_1_202' title='bbox 114 2183 166 2229; x_wconf 73' lang='lat' dir='ltr'>uti</span> <span class='ocrx_word' id='word_1_203' title='bbox 193 2183 365 2222; x_wconf 67' lang='lat' dir='ltr'>loquatur.</span> <span class='ocrx_word' id='word_1_204' title='bbox 393 2202 429 2206; x_wconf 93' lang='lat'>-—</span> <span class='ocrx_word' id='word_1_205' title='bbox 453 2182 648 2224; x_wconf 77' lang='lat' dir='ltr'>Proiectum]</span> <span class='ocrx_word' id='word_1_206' title='bbox 683 2183 741 2215; x_wconf 87' lang='lat' dir='ltr'>hic</span> 
     </span>
     <span class='ocr_line' id='line_1_42' title="bbox 6 2227 739 2274; baseline 0 -9"><span class='ocrx_word' id='word_1_207' title='bbox 6 2227 159 2274; x_wconf 77' lang='lat' dir='ltr'>prima</span> <span class='ocrx_word' id='word_1_208' title='bbox 184 2233 454 2274; x_wconf 82' lang='lat' dir='ltr'>significatione,</span> <span class='ocrx_word' id='word_1_209' title='bbox 487 2234 559 2265; x_wconf 77' lang='lat' dir='ltr'>«ita</span> <span class='ocrx_word' id='word_1_210' title='bbox 587 2233 739 2273; x_wconf 85' lang='lat' dir='ltr'>iactum,</span> 
     </span>
    </p>
   </div>
   <div class='ocr_carea' id='block_1_22' title="bbox 633 2282 741 2323">
    <p class='ocr_par' dir='ltr' id='par_1_27' title="bbox 633 2282 741 2323">
     <span class='ocr_line' id='line_1_43' title="bbox 633 2282 741 2323; baseline -0.009 -8"><span class='ocrx_word' id='word_1_211' title='bbox 633 2282 741 2323; x_wconf 79' lang='lat' dir='ltr'>Magis</span> 
     </span>
    </p>
   </div>
   <div class='ocr_carea' id='block_1_23' title="bbox 7 2379 741 2469">
    <p class='ocr_par' dir='ltr' id='par_1_28' title="bbox 44 2379 741 2469">
     <span class='ocr_line' id='line_1_44' title="bbox 45 2379 737 2420; baseline -0.003 -8"><span class='ocrx_word' id='word_1_212' title='bbox 45 2379 85 2419; x_wconf 78' lang='lat'>6,</span> <span class='ocrx_word' id='word_1_213' title='bbox 97 2379 179 2413; x_wconf 72' lang='lat'>422:</span> <span class='ocrx_word' id='word_1_214' title='bbox 205 2379 313 2412; x_wconf 80' lang='lat' dir='ltr'>offam</span> <span class='ocrx_word' id='word_1_215' title='bbox 323 2380 468 2420; x_wconf 75' lang='lat' dir='ltr'>Corripit</span> <span class='ocrx_word' id='word_1_216' title='bbox 479 2379 649 2411; x_wconf 78' lang='lat' dir='ltr'>obiectam.</span> <span class='ocrx_word' id='word_1_217' title='bbox 665 2379 737 2411; x_wconf 86' lang='lat' dir='ltr'>Liv.</span> 
     </span>
     <span class='ocr_line' id='line_1_45' title="bbox 7 2427 741 2469; baseline -0.001 -7.947"><span class='ocrx_word' id='word_1_218' title='bbox 7 2427 84 2468; x_wconf 70' lang='lat'>4,</span> <span class='ocrx_word' id='word_1_219' title='bbox 107 2429 164 2461; x_wconf 78' lang='lat'>⁴5:</span> <span class='ocrx_word' id='word_1_220' title='bbox 189 2429 323 2469; x_wconf 75' lang='lat' dir='ltr'>ciboque</span> <span class='ocrx_word' id='word_1_221' title='bbox 342 2429 562 2461; x_wconf 81' lang='lat' dir='ltr'>obiiciendo—</span> <span class='ocrx_word' id='word_1_222' title='bbox 583 2429 741 2461; x_wconf 78' lang='lat' dir='ltr'>victorem</span> 
     </span>
    </p>
   </div>
   <div class='ocr_carea' id='block_1_24' title="bbox 0 2476 737 2518">
    <p class='ocr_par' dir='ltr' id='par_1_29' title="bbox 0 2476 737 2518">
     <span class='ocr_line' id='line_1_46' title="bbox 0 2476 737 2518; baseline -0.001 -9"><span class='ocrx_word' id='word_1_223' title='bbox 0 2491 7 2509; x_wconf 53' lang='grc'>.’</span> <span class='ocrx_word' id='word_1_224' title='bbox 23 2483 28 2486; x_wconf 71' lang='grc'><strong><em>’</em></strong></span> <span class='ocrx_word' id='word_1_225' title='bbox 43 2494 86 2501; x_wconf 87' lang='lat'>·-</span> <span class='ocrx_word' id='word_1_226' title='bbox 98 2478 135 2509; x_wconf 78' lang='lat' dir='ltr'>in</span> <span class='ocrx_word' id='word_1_227' title='bbox 147 2479 336 2510; x_wconf 73' lang='lat' dir='ltr'>semitutem</span> <span class='ocrx_word' id='word_1_228' title='bbox 347 2478 456 2518; x_wconf 76' lang='lat' dir='ltr'>pellici</span> <span class='ocrx_word' id='word_1_229' title='bbox 468 2486 572 2517; x_wconf 82' lang='lat' dir='ltr'>posse.</span> <span class='ocrx_word' id='word_1_230' title='bbox 587 2476 737 2509; x_wconf 87' lang='lat' dir='ltr'>Phaedr.</span> 
     </span>
    </p>
   </div>
   <div class='ocr_carea' id='block_1_25' title="bbox 45 2525 742 2613">
    <p class='ocr_par' dir='ltr' id='par_1_30' title="bbox 45 2525 742 2613">
     <span class='ocr_line' id='line_1_47' title="bbox 46 2525 742 2566; baseline -0.001 -8"><span class='ocrx_word' id='word_1_231' title='bbox 46 2526 79 2566; x_wconf 89' lang='grc'>4,</span> <span class='ocrx_word' id='word_1_232' title='bbox 94 2525 150 2565; x_wconf 83' lang='grc'>23,</span> <span class='ocrx_word' id='word_1_233' title='bbox 167 2526 206 2558; x_wconf 84' lang='lat'>3:</span> <span class='ocrx_word' id='word_1_234' title='bbox 223 2526 331 2558; x_wconf 80' lang='lat' dir='ltr'>cani-</span> <span class='ocrx_word' id='word_1_235' title='bbox 338 2525 599 2558; x_wconf 79' lang='lat' dir='ltr'>-Obiectocibo</span> <span class='ocrx_word' id='word_1_236' title='bbox 625 2525 742 2558; x_wconf 86' lang='lat' dir='ltr'>Etob-</span> 
     </span>
     <span class='ocr_line' id='line_1_48' title="bbox 45 2574 742 2613; baseline -0.001 -6"><span class='ocrx_word' id='word_1_237' title='bbox 45 2574 166 2606; x_wconf 64' lang='lat' dir='ltr'>doctam»</span> <span class='ocrx_word' id='word_1_238' title='bbox 180 2574 335 2607; x_wconf 85' lang='lat' dir='ltr'>malebat</span> <span class='ocrx_word' id='word_1_239' title='bbox 349 2575 390 2607; x_wconf 92' lang='lat' dir='ltr'>H.</span> <span class='ocrx_word' id='word_1_240' title='bbox 408 2576 445 2607; x_wconf 88' lang='lat' dir='ltr'>P.</span> <span class='ocrx_word' id='word_1_241' title='bbox 459 2600 467 2613; x_wconf 84' lang='lat'>‚</span> <span class='ocrx_word' id='word_1_242' title='bbox 491 2574 556 2606; x_wconf 91' lang='lat' dir='ltr'>sed</span> <span class='ocrx_word' id='word_1_243' title='bbox 572 2574 640 2606; x_wconf 90' lang='lat' dir='ltr'>hoc</span> <span class='ocrx_word' id='word_1_244' title='bbox 654 2583 742 2606; x_wconf 90' lang='lat' dir='ltr'>nun-</span> 
     </span>
    </p>
   </div>
   <div class='ocr_carea' id='block_1_26' title="bbox 7 2622 738 2663">
    <p class='ocr_par' dir='ltr' id='par_1_31' title="bbox 7 2622 738 2663">
     <span class='ocr_line' id='line_1_49' title="bbox 7 2622 738 2663; baseline -0.001 -8"><span class='ocrx_word' id='word_1_245' title='bbox 7 2628 12 2634; x_wconf 66' lang='lat'>*</span> <span class='ocrx_word' id='word_1_246' title='bbox 47 2630 155 2663; x_wconf 83' lang='lat' dir='ltr'>quam</span> <span class='ocrx_word' id='word_1_247' title='bbox 170 2623 205 2656; x_wconf 91' lang='lat' dir='ltr'>in</span> <span class='ocrx_word' id='word_1_248' title='bbox 221 2624 332 2657; x_wconf 84' lang='lat' dir='ltr'>rarius</span> <span class='ocrx_word' id='word_1_249' title='bbox 351 2623 433 2656; x_wconf 81' lang='lat' dir='ltr'>illud</span> <span class='ocrx_word' id='word_1_250' title='bbox 449 2625 622 2656; x_wconf 79' lang='lat' dir='ltr'>mutatum</span> <span class='ocrx_word' id='word_1_251' title='bbox 638 2622 738 2655; x_wconf 79' lang='lat' dir='ltr'>foret.</span> 
     </span>
    </p>
   </div>
   <div class='ocr_carea' id='block_1_27' title="bbox 785 1153 1497 2663">
    <p class='ocr_par' dir='ltr' id='par_1_32' title="bbox 793 1153 1497 1773">
     <span class='ocr_line' id='line_1_50' title="bbox 844 1153 1496 1199; baseline 0.009 -14"><span class='ocrx_word' id='word_1_252' title='bbox 844 1154 896 1185; x_wconf 77' lang='grc'>42.</span> <span class='ocrx_word' id='word_1_253' title='bbox 924 1153 991 1186; x_wconf 75' lang='grc'>43..</span> <span class='ocrx_word' id='word_1_254' title='bbox 1012 1154 1091 1186; x_wconf 80' lang='lat' dir='ltr'>tollo</span> <span class='ocrx_word' id='word_1_255' title='bbox 1117 1155 1256 1197; x_wconf 83' lang='lat' dir='ltr'>cornua]</span> <span class='ocrx_word' id='word_1_256' title='bbox 1280 1154 1354 1188; x_wconf 81' lang='lat' dir='ltr'>Alia</span> <span class='ocrx_word' id='word_1_257' title='bbox 1379 1157 1496 1199; x_wconf 86' lang='lat' dir='ltr'>imago</span> 
     </span>
     <span class='ocr_line' id='line_1_51' title="bbox 798 1202 1495 1244; baseline 0.007 -10"><span class='ocrx_word' id='word_1_258' title='bbox 798 1203 889 1234; x_wconf 83' lang='lat' dir='ltr'>tauri</span> <span class='ocrx_word' id='word_1_259' title='bbox 922 1202 968 1235; x_wconf 89' lang='lat' dir='ltr'>ad</span> <span class='ocrx_word' id='word_1_260' title='bbox 1006 1211 1166 1244; x_wconf 87' lang='lat' dir='ltr'>pugnam</span> <span class='ocrx_word' id='word_1_261' title='bbox 1203 1212 1287 1236; x_wconf 90' lang='lat' dir='ltr'>cum</span> <span class='ocrx_word' id='word_1_262' title='bbox 1323 1205 1421 1238; x_wconf 85' lang='lat' dir='ltr'>rivali</span> <span class='ocrx_word' id='word_1_263' title='bbox 1454 1216 1495 1240; x_wconf 88' lang='lat' dir='ltr'>se</span> 
     </span>
     <span class='ocr_line' id='line_1_52' title="bbox 797 1252 1496 1294; baseline 0.009 -11"><span class='ocrx_word' id='word_1_264' title='bbox 797 1252 964 1292; x_wconf 86' lang='lat' dir='ltr'>parantis.</span> <span class='ocrx_word' id='word_1_265' title='bbox 986 1269 1022 1274; x_wconf 92' lang='lat'>—</span> <span class='ocrx_word' id='word_1_266' title='bbox 1045 1253 1158 1294; x_wconf 70' lang='lat' dir='ltr'>qener]</span> <span class='ocrx_word' id='word_1_267' title='bbox 1183 1252 1321 1291; x_wconf 80' lang='lat' dir='ltr'>«Qualis</span> <span class='ocrx_word' id='word_1_268' title='bbox 1335 1255 1496 1288; x_wconf 79' lang='lat' dir='ltr'>Archilo-</span> 
     </span>
     <span class='ocr_line' id='line_1_53' title="bbox 798 1300 1497 1345; baseline 0.009 -14"><span class='ocrx_word' id='word_1_269' title='bbox 798 1300 903 1338; x_wconf 81' lang='lat' dir='ltr'>chus,</span> <span class='ocrx_word' id='word_1_270' title='bbox 928 1301 1209 1341; x_wconf 76' lang='lat' dir='ltr'>quiLycamben</span> <span class='ocrx_word' id='word_1_271' title='bbox 1228 1310 1395 1335; x_wconf 87' lang='lat' dir='ltr'>socerum</span> <span class='ocrx_word' id='word_1_272' title='bbox 1415 1313 1497 1345; x_wconf 91' lang='lat' dir='ltr'>pro-</span> 
     </span>
     <span class='ocr_line' id='line_1_54' title="bbox 794 1349 1492 1391; baseline 0.007 -10"><span class='ocrx_word' id='word_1_273' title='bbox 794 1351 935 1391; x_wconf 86' lang='lat' dir='ltr'>pterea,</span> <span class='ocrx_word' id='word_1_274' title='bbox 972 1349 1069 1391; x_wconf 91' lang='lat' dir='ltr'>quod</span> <span class='ocrx_word' id='word_1_275' title='bbox 1094 1349 1150 1382; x_wconf 88' lang='lat' dir='ltr'>ille</span> <span class='ocrx_word' id='word_1_276' title='bbox 1176 1349 1359 1384; x_wconf 83' lang='lat' dir='ltr'>Neobuleu</span> <span class='ocrx_word' id='word_1_277' title='bbox 1386 1352 1492 1386; x_wconf 89' lang='lat' dir='ltr'>filiam</span> 
     </span>
     <span class='ocr_line' id='line_1_55' title="bbox 795 1399 1493 1440; baseline 0.006 -10"><span class='ocrx_word' id='word_1_278' title='bbox 795 1400 922 1440; x_wconf 74' lang='lat' dir='ltr'>poetae</span> <span class='ocrx_word' id='word_1_279' title='bbox 947 1399 1018 1431; x_wconf 85' lang='lat' dir='ltr'>iam</span> <span class='ocrx_word' id='word_1_280' title='bbox 1040 1399 1256 1440; x_wconf 87' lang='lat' dir='ltr'>desponsam</span> <span class='ocrx_word' id='word_1_281' title='bbox 1279 1402 1412 1433; x_wconf 85' lang='lat' dir='ltr'>mutata</span> <span class='ocrx_word' id='word_1_282' title='bbox 1428 1411 1493 1434; x_wconf 77' lang='lat' dir='ltr'>vo—</span> 
     </span>
     <span class='ocr_line' id='line_1_56' title="bbox 795 1446 1494 1489; baseline 0.004 -10"><span class='ocrx_word' id='word_1_283' title='bbox 795 1446 929 1480; x_wconf 84' lang='lat' dir='ltr'>luntate</span> <span class='ocrx_word' id='word_1_284' title='bbox 952 1456 991 1480; x_wconf 89' lang='lat' dir='ltr'>se</span> <span class='ocrx_word' id='word_1_285' title='bbox 1023 1448 1191 1480; x_wconf 88' lang='lat' dir='ltr'>daturum</span> <span class='ocrx_word' id='word_1_286' title='bbox 1221 1452 1383 1489; x_wconf 87' lang='lat' dir='ltr'>negarat,</span> <span class='ocrx_word' id='word_1_287' title='bbox 1420 1452 1494 1483; x_wconf 81' lang='lat' dir='ltr'>tam</span> 
     </span>
     <span class='ocr_line' id='line_1_57' title="bbox 795 1495 1493 1537; baseline 0.004 -9"><span class='ocrx_word' id='word_1_288' title='bbox 795 1495 977 1528; x_wconf 87' lang='lat' dir='ltr'>maledicis</span> <span class='ocrx_word' id='word_1_289' title='bbox 986 1496 1149 1528; x_wconf 83' lang='lat' dir='ltr'>versibus</span> <span class='ocrx_word' id='word_1_290' title='bbox 1165 1497 1357 1530; x_wconf 83' lang='lat' dir='ltr'>insectatus</span> <span class='ocrx_word' id='word_1_291' title='bbox 1370 1500 1435 1537; x_wconf 81' lang='lat' dir='ltr'>est,</span> <span class='ocrx_word' id='word_1_292' title='bbox 1454 1501 1493 1531; x_wconf 93' lang='lat' dir='ltr'>ut</span> 
     </span>
     <span class='ocr_line' id='line_1_58' title="bbox 794 1544 1491 1586; baseline 0.004 -9"><span class='ocrx_word' id='word_1_293' title='bbox 794 1544 892 1577; x_wconf 90' lang='lat' dir='ltr'>illum</span> <span class='ocrx_word' id='word_1_294' title='bbox 920 1545 1128 1586; x_wconf 84' lang='lat' dir='ltr'>aegritudini</span> <span class='ocrx_word' id='word_1_295' title='bbox 1157 1546 1264 1578; x_wconf 91' lang='lat' dir='ltr'>animi</span> <span class='ocrx_word' id='word_1_296' title='bbox 1291 1547 1491 1580; x_wconf 86' lang='lat' dir='ltr'>remedium</span> 
     </span>
     <span class='ocr_line' id='line_1_59' title="bbox 794 1594 1491 1638; baseline 0.004 -12"><span class='ocrx_word' id='word_1_297' title='bbox 794 1594 986 1635; x_wconf 89' lang='lat' dir='ltr'>suspendio</span> <span class='ocrx_word' id='word_1_298' title='bbox 1009 1603 1183 1635; x_wconf 88' lang='lat' dir='ltr'>quaerere</span> <span class='ocrx_word' id='word_1_299' title='bbox 1206 1595 1362 1636; x_wconf 76' lang='lat' dir='ltr'>coegerit</span> <span class='ocrx_word' id='word_1_300' title='bbox 1384 1598 1491 1638; x_wconf 85' lang='lat' dir='ltr'>atque</span> 
     </span>
     <span class='ocr_line' id='line_1_60' title="bbox 794 1643 1492 1687; baseline 0.007 -13"><span class='ocrx_word' id='word_1_301' title='bbox 794 1643 840 1674; x_wconf 90' lang='lat' dir='ltr'>ad</span> <span class='ocrx_word' id='word_1_302' title='bbox 881 1643 977 1675; x_wconf 86' lang='lat' dir='ltr'>idem</span> <span class='ocrx_word' id='word_1_303' title='bbox 1001 1644 1138 1676; x_wconf 44' lang='lat' dir='ltr'>*mortis</span> <span class='ocrx_word' id='word_1_304' title='bbox 1174 1652 1287 1684; x_wconf 87' lang='lat' dir='ltr'>genus</span> <span class='ocrx_word' id='word_1_305' title='bbox 1324 1654 1492 1687; x_wconf 87' lang='lat' dir='ltr'>sponsam</span> 
     </span>
     <span class='ocr_line' id='line_1_61' title="bbox 794 1692 1485 1733; baseline 0.004 -9"><span class='ocrx_word' id='word_1_306' title='bbox 794 1700 938 1733; x_wconf 87' lang='lat' dir='ltr'>quoque</span> <span class='ocrx_word' id='word_1_307' title='bbox 971 1700 1074 1725; x_wconf 90' lang='lat' dir='ltr'>suam</span> <span class='ocrx_word' id='word_1_308' title='bbox 1096 1692 1307 1725; x_wconf 76' lang='lat' dir='ltr'>induxerit.»</span> <span class='ocrx_word' id='word_1_309' title='bbox 1348 1695 1390 1726; x_wconf 84' lang='lat' dir='ltr'>V.</span> <span class='ocrx_word' id='word_1_310' title='bbox 1416 1695 1485 1727; x_wconf 80' lang='lat' dir='ltr'>Ex-</span> 
     </span>
     <span class='ocr_line' id='line_1_62' title="bbox 793 1749 951 1773; baseline 0 0"><span class='ocrx_word' id='word_1_311' title='bbox 793 1749 951 1773; x_wconf 89' lang='lat' dir='ltr'>cursum.</span> 
     </span>
    </p>

    <p class='ocr_par' dir='ltr' id='par_1_33' title="bbox 785 1789 1491 2663">
     <span class='ocr_line' id='line_1_63' title="bbox 838 1789 1488 1832; baseline 0.005 -11"><span class='ocrx_word' id='word_1_312' title='bbox 838 1789 954 1822; x_wconf 64' lang='grc'>44-46.</span> <span class='ocrx_word' id='word_1_313' title='bbox 986 1790 1133 1832; x_wconf 79' lang='lat' dir='ltr'>Bupalo]</span> <span class='ocrx_word' id='word_1_314' title='bbox 1172 1789 1258 1823; x_wconf 90' lang='lat' dir='ltr'>Plin.</span> <span class='ocrx_word' id='word_1_315' title='bbox 1283 1792 1325 1824; x_wconf 83' lang='grc' dir='ltr'>Η.</span> <span class='ocrx_word' id='word_1_316' title='bbox 1354 1793 1394 1823; x_wconf 91' lang='lat' dir='ltr'>N.</span> <span class='ocrx_word' id='word_1_317' title='bbox 1425 1792 1488 1831; x_wconf 82' lang='lat'>36,</span> 
     </span>
     <span class='ocr_line' id='line_1_64' title="bbox 792 1839 1490 1880; baseline 0.004 -10"><span class='ocrx_word' id='word_1_318' title='bbox 792 1840 832 1871; x_wconf 86' lang='lat'>5:</span> <span class='ocrx_word' id='word_1_319' title='bbox 873 1839 1023 1878; x_wconf 80' lang='lat' dir='ltr'>Bupalus</span> <span class='ocrx_word' id='word_1_320' title='bbox 1054 1842 1086 1871; x_wconf 88' lang='lat' dir='ltr'>et</span> <span class='ocrx_word' id='word_1_321' title='bbox 1116 1839 1249 1871; x_wconf 79' lang='lat' dir='ltr'>Athenis</span> <span class='ocrx_word' id='word_1_322' title='bbox 1290 1839 1390 1880; x_wconf 88' lang='lat' dir='ltr'>(olim</span> <span class='ocrx_word' id='word_1_323' title='bbox 1419 1841 1490 1873; x_wconf 77' lang='lat' dir='ltr'>An-</span> 
     </span>
     <span class='ocr_line' id='line_1_65' title="bbox 791 1887 1487 1930; baseline 0.003 -11"><span class='ocrx_word' id='word_1_324' title='bbox 791 1887 953 1929; x_wconf 69' lang='lat' dir='ltr'>thmnus)</span> <span class='ocrx_word' id='word_1_325' title='bbox 976 1888 1153 1919; x_wconf 74' lang='lat' dir='ltr'>clarissimi</span> <span class='ocrx_word' id='word_1_326' title='bbox 1167 1889 1203 1920; x_wconf 82' lang='lat' dir='ltr'>in</span> <span class='ocrx_word' id='word_1_327' title='bbox 1222 1897 1263 1920; x_wconf 89' lang='lat' dir='ltr'>ea</span> <span class='ocrx_word' id='word_1_328' title='bbox 1278 1888 1487 1930; x_wconf 85' lang='lat' dir='ltr'>(sculpendi)</span> 
     </span>
     <span class='ocr_line' id='line_1_66' title="bbox 790 1937 1489 1978; baseline 0.003 -10"><span class='ocrx_word' id='word_1_329' title='bbox 790 1937 927 1969; x_wconf 79' lang='lat' dir='ltr'>scientia</span> <span class='ocrx_word' id='word_1_330' title='bbox 961 1937 1074 1978; x_wconf 78' lang='lat' dir='ltr'>fuere,</span> <span class='ocrx_word' id='word_1_331' title='bbox 1122 1937 1338 1978; x_wconf 75' lang='lat' dir='ltr'>Hipponactis</span> <span class='ocrx_word' id='word_1_332' title='bbox 1368 1940 1489 1978; x_wconf 69' lang='lat' dir='ltr'>poetae</span> 
     </span>
     <span class='ocr_line' id='line_1_67' title="bbox 792 1987 1489 2027; baseline 0.001 -10"><span class='ocrx_word' id='word_1_333' title='bbox 792 1989 919 2025; x_wconf 75' lang='lat' dir='ltr'>aetate,</span> <span class='ocrx_word' id='word_1_334' title='bbox 944 1995 1049 2026; x_wconf 79' lang='lat' dir='ltr'>quem</span> <span class='ocrx_word' id='word_1_335' title='bbox 1066 1989 1193 2018; x_wconf 77' lang='lat' dir='ltr'>certum</span> <span class='ocrx_word' id='word_1_336' title='bbox 1215 1989 1261 2018; x_wconf 66' lang='lat' dir='ltr'>eet</span> <span class='ocrx_word' id='word_1_337' title='bbox 1282 1987 1348 2018; x_wconf 84' lang='lat' dir='ltr'>LX.</span> <span class='ocrx_word' id='word_1_338' title='bbox 1374 1987 1489 2027; x_wconf 80' lang='lat' dir='ltr'>Olym-</span> 
     </span>
     <span class='ocr_line' id='line_1_68' title="bbox 785 2035 1491 2075; baseline 0.003 -9"><span class='ocrx_word' id='word_1_339' title='bbox 785 2036 888 2075; x_wconf 81' lang='lat' dir='ltr'>piade</span> <span class='ocrx_word' id='word_1_340' title='bbox 907 2035 1018 2075; x_wconf 77' lang='lat' dir='ltr'>fuisse.</span> <span class='ocrx_word' id='word_1_341' title='bbox 1043 2052 1063 2058; x_wconf 88' lang='lat'>-</span> <span class='ocrx_word' id='word_1_342' title='bbox 1076 2053 1097 2058; x_wconf 94' lang='lat'>-</span> <span class='ocrx_word' id='word_1_343' title='bbox 1116 2035 1317 2075; x_wconf 79' lang='lat' dir='ltr'>Hipponacti</span> <span class='ocrx_word' id='word_1_344' title='bbox 1336 2036 1491 2068; x_wconf 76' lang='lat' dir='ltr'>notabilis</span> 
     </span>
     <span class='ocr_line' id='line_1_69' title="bbox 789 2084 1487 2124; baseline 0.003 -8"><span class='ocrx_word' id='word_1_345' title='bbox 789 2084 929 2124; x_wconf 79' lang='lat' dir='ltr'>foeditas</span> <span class='ocrx_word' id='word_1_346' title='bbox 977 2084 1085 2115; x_wconf 79' lang='lat' dir='ltr'>voltus</span> <span class='ocrx_word' id='word_1_347' title='bbox 1131 2087 1222 2123; x_wconf 82' lang='lat' dir='ltr'>erat,</span> <span class='ocrx_word' id='word_1_348' title='bbox 1273 2085 1487 2124; x_wconf 80' lang='lat' dir='ltr'>quamobrem</span> 
     </span>
     <span class='ocr_line' id='line_1_70' title="bbox 796 2133 1488 2174; baseline 0.003 -10"><span class='ocrx_word' id='word_1_349' title='bbox 796 2133 975 2174; x_wconf 71' lang='lat' dir='ltr'>imaqinem</span> <span class='ocrx_word' id='word_1_350' title='bbox 1021 2133 1091 2164; x_wconf 83' lang='lat' dir='ltr'>eius</span> <span class='ocrx_word' id='word_1_351' title='bbox 1145 2133 1284 2164; x_wconf 80' lang='lat' dir='ltr'>lascivia</span> <span class='ocrx_word' id='word_1_352' title='bbox 1339 2134 1488 2166; x_wconf 81' lang='lat' dir='ltr'>iocorum</span> 
     </span>
     <span class='ocr_line' id='line_1_71' title="bbox 790 2182 1483 2221; baseline 0.001 -8"><span class='ocrx_word' id='word_1_353' title='bbox 790 2182 814 2213; x_wconf 84' lang='lat' dir='ltr'>ii</span> <span class='ocrx_word' id='word_1_354' title='bbox 854 2189 1058 2221; x_wconf 76' lang='lat' dir='ltr'>proposuere</span> <span class='ocrx_word' id='word_1_355' title='bbox 1106 2182 1285 2213; x_wconf 79' lang='lat' dir='ltr'>ridentium</span> <span class='ocrx_word' id='word_1_356' title='bbox 1339 2183 1483 2214; x_wconf 78' lang='lat' dir='ltr'>circulis.</span> 
     </span>
     <span class='ocr_line' id='line_1_72' title="bbox 792 2230 1487 2271; baseline 0.001 -9"><span class='ocrx_word' id='word_1_357' title='bbox 792 2231 886 2271; x_wconf 79' lang='lat' dir='ltr'>Quod</span> <span class='ocrx_word' id='word_1_358' title='bbox 934 2231 1115 2270; x_wconf 65' lang='lat' dir='ltr'>Hipporum:</span> <span class='ocrx_word' id='word_1_359' title='bbox 1158 2230 1350 2271; x_wconf 63' lang='lat' dir='ltr'>indignatus</span> <span class='ocrx_word' id='word_1_360' title='bbox 1386 2240 1487 2263; x_wconf 87' lang='lat' dir='ltr'>ama-</span> 
     </span>
     <span class='ocr_line' id='line_1_73' title="bbox 788 2280 1487 2312; baseline 0.001 -1"><span class='ocrx_word' id='word_1_361' title='bbox 788 2280 968 2312; x_wconf 75' lang='lat' dir='ltr'>ritudinem</span> <span class='ocrx_word' id='word_1_362' title='bbox 1007 2280 1194 2311; x_wconf 78' lang='lat' dir='ltr'>carminum</span> <span class='ocrx_word' id='word_1_363' title='bbox 1231 2280 1407 2311; x_wconf 60' lang='lat' dir='ltr'>destrinxit</span> <span class='ocrx_word' id='word_1_364' title='bbox 1452 2281 1487 2312; x_wconf 82' lang='lat' dir='ltr'>in</span> 
     </span>
     <span class='ocr_line' id='line_1_74' title="bbox 789 2328 1488 2368; baseline -0.001 -7"><span class='ocrx_word' id='word_1_365' title='bbox 789 2332 937 2368; x_wconf 79' lang='lat' dir='ltr'>tantum,</span> <span class='ocrx_word' id='word_1_366' title='bbox 961 2332 998 2360; x_wconf 74' lang='lat' dir='ltr'>ut</span> <span class='ocrx_word' id='word_1_367' title='bbox 1019 2329 1177 2360; x_wconf 75' lang='lat' dir='ltr'>credatur</span> <span class='ocrx_word' id='word_1_368' title='bbox 1191 2328 1355 2368; x_wconf 70' lang='lat' dir='ltr'>aliquibus</span> <span class='ocrx_word' id='word_1_369' title='bbox 1370 2329 1415 2360; x_wconf 89' lang='lat' dir='ltr'>ad</span> <span class='ocrx_word' id='word_1_370' title='bbox 1436 2329 1488 2360; x_wconf 86' lang='lat' dir='ltr'>la—</span> 
     </span>
     <span class='ocr_line' id='line_1_75' title="bbox 790 2377 1486 2418; baseline 0 -8"><span class='ocrx_word' id='word_1_371' title='bbox 790 2387 909 2418; x_wconf 79' lang='lat' dir='ltr'>queum</span> <span class='ocrx_word' id='word_1_372' title='bbox 930 2386 985 2409; x_wconf 85' lang='lat' dir='ltr'>eos</span> <span class='ocrx_word' id='word_1_373' title='bbox 1005 2377 1214 2417; x_wconf 77' lang='lat' dir='ltr'>compulisse,</span> <span class='ocrx_word' id='word_1_374' title='bbox 1250 2378 1337 2416; x_wconf 83' lang='lat' dir='ltr'>quod</span> <span class='ocrx_word' id='word_1_375' title='bbox 1362 2378 1486 2418; x_wconf 78' lang='lat' dir='ltr'>salsum</span> 
     </span>
     <span class='ocr_line' id='line_1_76' title="bbox 789 2422 1486 2468; baseline 0.001 -10"><span class='ocrx_word' id='word_1_376' title='bbox 789 2430 846 2458; x_wconf 84' lang='lat' dir='ltr'>est.</span> <span class='ocrx_word' id='word_1_377' title='bbox 887 2426 1069 2467; x_wconf 79' lang='lat' dir='ltr'>Hipponax</span> <span class='ocrx_word' id='word_1_378' title='bbox 1102 2425 1143 2457; x_wconf 81' lang='grc' dir='ltr'>ἐν</span> <span class='ocrx_word' id='word_1_379' title='bbox 1172 2424 1223 2468; x_wconf 82' lang='grc' dir='ltr'>τῷ</span> <span class='ocrx_word' id='word_1_380' title='bbox 1254 2422 1352 2457; x_wconf 79' lang='grc' dir='ltr'><em>κατὰ</em></span> <span class='ocrx_word' id='word_1_381' title='bbox 1384 2426 1486 2459; x_wconf 85' lang='grc' dir='ltr'>Βου-</span> 
     </span>
     <span class='ocr_line' id='line_1_77' title="bbox 790 2471 1486 2521; baseline 0.001 -14.003"><span class='ocrx_word' id='word_1_382' title='bbox 790 2473 913 2507; x_wconf 79' lang='grc' dir='ltr'><strong><em>πάλου</em></strong></span> <span class='ocrx_word' id='word_1_383' title='bbox 937 2472 1071 2521; x_wconf 77' lang='grc' dir='ltr'><em>πρώτῳ</em></span> <span class='ocrx_word' id='word_1_384' title='bbox 1088 2471 1215 2517; x_wconf 81' lang='grc' dir='ltr'>ἰάμβῳ</span> <span class='ocrx_word' id='word_1_385' title='bbox 1231 2474 1327 2516; x_wconf 87' lang='lat' dir='ltr'>apud</span> <span class='ocrx_word' id='word_1_386' title='bbox 1342 2475 1486 2508; x_wconf 87' lang='lat' dir='ltr'>Schnei-</span> 
     </span>
     <span class='ocr_line' id='line_1_78' title="bbox 791 2522 1480 2566; baseline 0 -10"><span class='ocrx_word' id='word_1_387' title='bbox 791 2524 879 2556; x_wconf 79' lang='lat' dir='ltr'>dew.</span> <span class='ocrx_word' id='word_1_388' title='bbox 917 2523 1074 2556; x_wconf 83' lang='lat' dir='ltr'>Eustath.</span> <span class='ocrx_word' id='word_1_389' title='bbox 1110 2533 1145 2565; x_wconf 92' lang='lat' dir='ltr'>p.</span> <span class='ocrx_word' id='word_1_390' title='bbox 1181 2522 1235 2555; x_wconf 72' lang='lat'>49.</span> <span class='ocrx_word' id='word_1_391' title='bbox 1269 2525 1305 2555; x_wconf 91' lang='lat' dir='ltr'>et</span> <span class='ocrx_word' id='word_1_392' title='bbox 1337 2523 1412 2556; x_wconf 90' lang='lat' dir='ltr'>Del.</span> <span class='ocrx_word' id='word_1_393' title='bbox 1444 2534 1480 2566; x_wconf 89' lang='lat' dir='ltr'>p.</span> 
     </span>
     <span class='ocr_line' id='line_1_79' title="bbox 791 2567 1484 2614; baseline 0.001 -10"><span class='ocrx_word' id='word_1_394' title='bbox 791 2573 866 2605; x_wconf 83' lang='lat'>208.</span> <span class='ocrx_word' id='word_1_395' title='bbox 891 2573 1004 2613; x_wconf 82' lang='lat' dir='ltr'>Bergk</span> <span class='ocrx_word' id='word_1_396' title='bbox 1026 2581 1061 2614; x_wconf 93' lang='lat' dir='ltr'>p.</span> <span class='ocrx_word' id='word_1_397' title='bbox 1080 2573 1163 2604; x_wconf 74' lang='lat'>5¹⁴:</span> <span class='ocrx_word' id='word_1_398' title='bbox 1185 2567 1337 2610; x_wconf 79' lang='grc' dir='ltr'><em>Ἐβῶσε</em></span> <span class='ocrx_word' id='word_1_399' title='bbox 1358 2572 1484 2613; x_wconf 79' lang='grc' dir='ltr'><strong><em>Μαίας</em></strong></span> 
     </span>
     <span class='ocr_line' id='line_1_80' title="bbox 792 2618 1483 2663; baseline -0.001 -9"><span class='ocrx_word' id='word_1_400' title='bbox 792 2619 924 2660; x_wconf 78' lang='grc' dir='ltr'>παῖδα,</span> <span class='ocrx_word' id='word_1_401' title='bbox 954 2619 1152 2663; x_wconf 77' lang='grc' dir='ltr'><strong><em>Κυλλήνης</em></strong></span> <span class='ocrx_word' id='word_1_402' title='bbox 1175 2618 1327 2663; x_wconf 80' lang='grc' dir='ltr'>,τάλμυν</span> <span class='ocrx_word' id='word_1_403' title='bbox 1350 2620 1483 2662; x_wconf 80' lang='grc' dir='ltr'><strong>(βασι-</strong></span> 
     </span>
    </p>
   </div>
  </div>
 </body>
</html>
