1722 2904
598 59 677 94 Lm.
700 60 757 94 lv.
804 59 844 94 C.
867 59 940 94 xn.

1469 62 1552 104 607

277 162 409 207 Velox
437 177 582 207 merce
611 163 736 207 veni:
768 177 854 207 non
883 176 966 221 ego
996 170 1038 207 te
1068 165 1176 207 meis

277 243 515 287 Immunem
542 243 727 288 meditor
753 243 919 302 tingere
947 244 1136 302 poculis,

389 324 520 368 Plena
548 323 671 368 dives
699 331 747 367 ut
775 324 820 367 in
848 324 991 369 domo.

275 429 433 474 Verum
463 442 577 487 pone
606 443 750 473 moras
779 436 823 473 et
850 429 1040 473 studium
1068 429 1202 482 lucri,

274 509 589 568 Nigrorumque
618 523 801 561 memor,
832 509 936 553 dum
962 510 1081 561 licet,
1114 511 1275 570 ignium

275 590 406 635 Misce
435 589 652 634 stultitiam
681 589 869 635 consiliis
898 590 1095 635 brevem:

384 671 520 715 Dulce
550 677 617 716 est
644 670 847 729 desipere
876 671 920 714 in
949 671 1064 717 loco.

193 815 249 849 23.
271 816 445 849 Immunem
466 817 505 849 T.
533 834 570 840 -
595 816 746 858 linquere
766 808 829 849 Td.
859 832 895 839 -
920 816 975 849 25.
1000 826 1109 850 mores
1130 818 1167 850 T.

107 944 216 978 ⁴485:
251 941 493 990 βοτρυώδεος
520 941 634 991 Ἁβρὰ
664 946 803 991 παρηί-

105 992 185 1036 δος.
225 995 296 1027 Sat.
323 995 364 1034 2,
391 995 431 1035 2,
457 995 523 1027 25:
556 995 654 1026 vanis
675 1004 800 1028 rerum.

105 1044 147 1076 A.
176 1045 214 1077 P.
238 1043 300 1077 49:
325 1042 440 1076 abdita
463 1053 589 1076 rerum.
621 1062 659 1067 —
683 1044 800 1086 eluere]

106 1092 170 1126 0d.
187 1093 226 1133 3,
245 1093 304 1133 42,
321 1094 358 1126 2;
382 1093 478 1126 Mala
490 1094 567 1126 vino
582 1094 704 1127 lavere.
728 1095 803 1126 lam

106 1142 143 1174 in
159 1142 320 1184 Cypricis
335 1143 472 1184 Fragm.
490 1143 523 1175 8.
540 1142 657 1176 Muell.
675 1145 804 1176 Nestor

105 1190 153 1223 ad
180 1190 403 1225 Menelaum.
439 1188 552 1224 Οὶνόν
578 1202 659 1233 τοι,
683 1193 803 1225 Μενέ-

104 1238 190 1281 λαε,
212 1241 299 1274 θεοὶ
324 1242 493 1284 ποίησαν
517 1237 679 1287 ἄριστον
700 1242 803 1285 Θνη-

103 1292 188 1331 τοΐς
230 1285 493 1344 ἀνθρώποισιν
534 1288 803 1324 &wowonium

105 1335 332 1382 μελεδῶνας.
358 1340 458 1373 Conf.
472 1341 535 1373 Od.
549 1341 582 1381 3,
596 1342 652 1382 24,
667 1342 707 1374 43
719 1350 799 1383 sqq

147 1389 229 1422 22-
241 1388 297 1423 24.
341 1389 467 1432 mercc]
507 1392 706 1431 -unguento
743 1390 800 1424 illo

103 1436 271 1479 nai-diuo,
288 1448 309 1472 e
320 1439 420 1480 Syria
436 1440 586 1472 Romam
600 1441 746 1473 misso.»
761 1458 799 1464 -

103 1487 296 1530 lvmmuwm]
322 1484 587 1531 «ἀσύμβολον,
612 1489 695 1522 nihil
718 1489 802 1522 affe-

105 1538 281 1570 rentem.»
310 1538 451 1571 Terent.
467 1538 609 1571 Phorm.
626 1540 665 1579 2,
682 1540 721 1579 2,
738 1539 797 1570 25:

107 1586 172 1618 Tm
193 1585 399 1626 asymbolum
416 1588 553 1620 venire!
576 1589 645 1620 cet.
673 1606 709 1611 —-
733 1597 800 1619 mm

105 1644 166 1677 09⁰
183 1652 201 1659 -
218 1653 236 1659 -
257 1636 414 1678 meditor]
456 1637 588 1679 «probe
617 1638 706 1670 scito
728 1646 799 1669 non

103 1685 201 1718 hunc
222 1685 308 1718 mihi
323 1686 481 1719 animum
505 1695 621 1720 esse.»
655 1686 724 1728 (Ich
745 1687 801 1718 bin

105 1743 173 1776 9ο·-
182 1734 271 1767 nm
283 1735 447 1777 willens.)
462 1753 499 1759 —
517 1736 654 1778 tinqere]
669 1738 709 1768 ut
722 1736 802 1779 τέγ-

104 1792 204 1826 γειν,
225 1781 399 1830 βρέχειν,
416 1785 639 1817 madefacere
650 1810 658 1824 ,
675 1785 802 1826 irriga-

106 1841 160 1866 re.
180 1852 217 1856 —
232 1833 335 1866 Plom
347 1851 368 1858 -
381 1851 402 1858 -
416 1834 527 1876 domo]
550 1834 738 1876 locuplete,
762 1835 802 1866 ut

106 1881 170 1915 cd.
185 1883 220 1923 2,
238 1883 293 1923 42,
306 1882 661 1917 24:1²1enasA1-abum
675 1885 799 1916 domos.

148 1939 295 1972 25-28.
334 1935 469 1982 Verum]
506 1940 597 1972 «Sed
630 1939 802 1981 quidquid

107 1990 143 2022 te
158 1997 254 2022 nunc
268 1991 438 2031 occupat,
455 1990 599 2028 venies;
623 1998 689 2030 ego
706 1990 802 2022 enim

107 2040 142 2070 te
174 2046 240 2080 pro
273 2039 372 2071 certo
404 2040 607 2081 exspecto.»
644 2057 681 2061 —
715 2047 804 2079 pone

105 2087 230 2129 moras]
254 2087 318 2120 Od.
336 2088 369 2128 3,
386 2089 441 2128 29,
458 2089 478 2120 5
494 2098 501 2119 :
525 2089 616 2128 eripe
630 2091 661 2120 te
673 2097 800 2120 morae.

51 2168 67 2183 ,ι
109 2154 146 2159 -—
169 2139 202 2169 et
225 2137 371 2169 εωαόυηι
398 2137 500 2179 lucri]
536 2138 611 2169 Hoc
634 2145 776 2178 quoque
792 2162 800 2177 ,

104 2186 145 2218 ut
166 2185 267 2218 facile
290 2187 344 2219 est
367 2185 563 2226 intellectu,
596 2195 663 2228 per
685 2186 803 2218 iocum

107 2233 192 2267 dicit
222 2243 312 2276 pro:
359 2236 532 2277 «negotiis
566 2235 705 2268 omissis
738 2243 804 2276 per

106 2281 212 2316 horas
234 2283 366 2325 aliquot
393 2285 599 2318 subsecivas
621 2285 724 2326 genio
746 2285 803 2316 in-

107 2331 246 2374 dulge.»
276 2334 371 2366 Mitte
393 2334 477 2367 leves
489 2343 562 2374 spes
575 2337 606 2366 et
619 2334 804 2366 certmnina

106 2381 303 2415 minum»
334 2383 421 2415 item
452 2383 592 2425 scripsit
624 2383 802 2424 Torquato

106 2430 194 2473 Epp.
218 2432 256 2472 4,
280 2432 318 2471 5,
343 2432 375 2464 8.
404 2450 440 2455 -
465 2432 531 2471 Ωιιί
554 2431 599 2463 ad
621 2432 804 2465 Maronem

107 2480 176 2513 hoc
209 2489 353 2513 carmen
397 2480 571 2520 referunt,
623 2481 724 2513 caute
769 2481 805 2512 et

853 945 976 979 callide
1009 947 1286 989 interpretantur
1315 948 1360 981 de
1381 949 1549 991 prudenti

852 996 959 1036 atque
1007 996 1157 1030 honesta
1206 999 1423 1039 parsimonia
1473 1001 1548 1034 sive

853 1045 1069 1090 οἰκονομίᾳ.
1122 1048 1270 1080 Prorsus
1303 1049 1424 1082 autem
1456 1050 1549 1082 anti-

852 1102 1005 1135 quorum
1036 1095 1196 1128 moribus
1225 1105 1268 1128 ac
1297 1098 1418 1130 sensui
1438 1107 1550 1140 repu-

851 1146 959 1184 gnant
981 1143 1068 1177 aliae
1092 1144 1362 1187 explicationes:
1400 1157 1465 1180 «ne
1488 1148 1551 1180 de-

851 1193 994 1226 tinearis
1042 1193 1130 1226 lucri
1172 1195 1208 1227 in
1245 1195 1398 1228 emenda
1435 1197 1548 1230 nardo

850 1241 1001 1275 faciendi
1034 1244 1150 1276 studio
1164 1269 1173 1283 ,
1216 1245 1257 1276 ut
1294 1244 1443 1278 lucreris
1485 1245 1550 1278 ali-

850 1291 1084 1333 quannilum,·
1131 1292 1263 1326 salubri
1300 1303 1382 1327 eam
1418 1303 1551 1336 parans

849 1343 1004 1383 pretio»;
1039 1342 1117 1375 vel:
1156 1353 1227 1376 «ne
1259 1343 1318 1376 diu
1342 1345 1548 1386 expendas,

849 1392 930 1423 uter
952 1390 1112 1425 nostrum
1133 1393 1169 1425 in
1191 1393 1260 1425 hac
1281 1393 1463 1426 collatione
1484 1394 1550 1427 ali-

849 1441 935 1481 quid
948 1440 1063 1474 lucelli
1079 1442 1216 1474 faciat.»
1234 1460 1273 1466 -
1296 1443 1482 1485 Niqrmn
1494 1460 1515 1467 -
1528 1460 1550 1468 -

848 1490 987 1533 ignium]
1013 1491 1193 1533 «lugubris
1215 1493 1332 1533 rogim
1357 1494 1397 1525 ut
1416 1494 1546 1534 omnia,

850 1549 941 1581 quae
965 1540 1012 1572 ad
1034 1543 1189 1573 mortem
1210 1542 1410 1582 pertinent,
1435 1543 1547 1583 nigra,

850 1591 937 1622 atra.
977 1591 1034 1622 Sic
1063 1591 1157 1631 Virg.
1186 1591 1273 1623 Aen.
1303 1592 1364 1631 44,
1395 1592 1470 1624 486.
1513 1592 1549 1624 et

849 1639 948 1672 Ovid.
966 1640 1058 1672 Fast.
1075 1640 1096 1671 2
1107 1665 1115 1679 ,
1132 1640 1208 1672 559.
1234 1639 1330 1672 busti
1344 1640 1437 1682 ignes
1451 1644 1546 1673 atros

850 1688 1024 1720 dixerunt.
1055 1706 1094 1711 —
1133 1689 1213 1720 dum
1234 1689 1327 1730 licet]
1367 1690 1468 1728 Quod
1502 1690 1549 1723 ad

849 1739 1062 1770 sententiam
1083 1738 1225 1778 attinet,
1250 1738 1479 1772 referendum
1502 1739 1548 1772 ad

848 1796 883 1819 v.
919 1787 1034 1826 misce,
1077 1796 1149 1819 non
1186 1787 1232 1819 ad
1268 1796 1304 1819 v,
1343 1796 1480 1820 mernor.
1508 1807 1545 1812 —

849 1836 1011 1877 cmtsiliis]
1036 1837 1228 1868 «severiori
1250 1837 1456 1878 sapientiae
1462 1848 1480 1866 ιο
1508 1855 1546 1861 -—

850 1886 1047 1928 desipereJ«
1031 1885 1164 1918 «effusa
1185 1894 1269 1918 cum
1291 1885 1421 1918 laetitia
1444 1886 1548 1927 genio

849 1933 1067 1975 indulgere.»
1104 1952 1143 1957 —
1178 1935 1214 1966 in
1237 1934 1318 1975 loco]
1345 1943 1432 1967 «suo
1454 1934 1545 1975 loco,

851 1985 1048 2026 opportuno
1083 1985 1264 2025 tempore,
1312 1982 1354 2015 ἐν
1390 1982 1523 2039 καιρῷ
1529 1995 1547 2012 ιι

850 2034 990 2065 Terent.
1007 2031 1156 2074 Adelph.
1174 2033 1213 2072 2,
1238 2033 1277 2072 2,
1299 2033 1342 2064 8:
1368 2033 1549 2073 pecuniam

850 2083 886 2114 in
908 2082 979 2115 loco
1000 2082 1176 2123 negligere.
1227 2082 1315 2123 Epp.
1348 2082 1386 2121 4,
1415 2082 1452 2121 7,
1480 2082 1544 2113 57;

846 2140 1033 2172 properare
1046 2131 1117 2163 loco
1132 2134 1163 2163 et
1184 2139 1322 2163 cessare.
1348 2131 1484 2163 Seneca
1500 2130 1546 2163 de

851 2183 978 2222 Tranq.
997 2190 1054 2213 an.
1074 2181 1134 2212 ⁴5:
1170 2180 1247 2212 Sive
1272 2180 1401 2212 Graeco
1425 2182 1549 2220 poetae

850 2232 1014 2264 credimus
1027 2255 1035 2270 ,
1065 2230 1247 2270 aliquando
1269 2233 1301 2261 et
1322 2230 1472 2262 insanire
1492 2231 1548 2262 iu-

850 2281 996 2313 cundum
1016 2282 1074 2312 est.
1099 2279 1272 2320 Theognis
1285 2278 1372 2310 3⁴3:
1392 2274 1455 2311 Ἕν
1475 2278 1548 2321 μὲν

851 2329 1102 2373 μαινομένοις
1115 2325 1223 2371 μάλα
1235 2329 1437 2370 μαίνομαι.
1476 2329 1549 2362 Me-

852 2379 989 2411 nander
1016 2378 1121 2411 Mein.
1149 2386 1185 2419 p.
1216 2377 1299 2410 ⁴50:
1324 2373 1379 2409 Οὔ
1403 2385 1549 2409 παντα-

852 2426 926 2467 χοῦ
941 2425 987 2460 τὸ
1003 2425 1196 2473 φρόνιμον
1211 2422 1393 2483 ἁρμόττει
1408 2423 1545 2472 παρόν,

852 2478 917 2510 καὶ
941 2474 1189 2520 συμμανῆναι
1211 2474 1242 2507 δ’
1265 2471 1349 2508 ἔνια
1370 2473 1438 2507 δεῖ.
