1722 2904
633 69 713 102 un.
737 69 794 102 111.

428 173 594 217 Parcite
622 172 780 217 verbis.

842 69 881 101 c.
907 68 993 101 xiv.
1453 65 1535 107 429

316 279 394 323 Hic
422 279 517 323 dies
544 292 648 322 vere
677 277 779 321 mihi
808 277 941 335 festus
971 284 1084 320 atras

315 360 479 404 Eximet
507 373 655 411 curas;
685 372 767 416 ego
797 372 877 402 nec
907 357 1132 401 tumultum

316 442 403 484 Nec
433 440 546 483 mori
570 453 652 497 per
678 439 766 482 vim
794 446 983 483 metuam
1012 446 1182 482 tenente

428 522 613 565 Caesare
645 510 794 564 terras.

317 628 353 677 1,
385 634 484 685 pete
514 633 797 684 unguentum,
829 639 961 683 puer,
993 632 1037 668 et
1066 638 1248 669 coronas

317 708 367 751 Et
395 707 551 752 cadum
580 707 706 750 Marsi
736 719 974 750 memorem
1003 705 1151 768 duelli,
1179 699 1263 757 64³.
1283 700 1345 751 -l
1357 705 1379 753 l
1391 710 1413 752 ζ
1440 716 1481 754 4
1515 717 1604 758 tun,

179 840 232 874 44.
255 841 378 883 Em‘qet
399 841 426 872 B
449 839 545 873 solus
568 840 660 872 inter
682 847 795 872 meos.

91 959 154 991 Per
166 957 299 997 arbom,
322 961 360 990 uc
375 966 486 990 orrmoe
500 958 558 997 qui
571 966 684 989 arcem
699 960 792 989 asta-

93 1017 156 1048 quo
181 1007 338 1040 ade-olam
366 1007 458 1040 cives
484 1006 647 1039 minibus
672 1006 792 1047 faustis

92 1060 271 1099 augustam
297 1056 473 1089 adhibeant
497 1057 699 1098 faventiam,
733 1065 792 1088 ore

92 1107 251 1140 obscum
271 1107 362 1139 dicta
375 1109 555 1148 segregent.
576 1124 613 1129 --
636 1106 674 1138 ln
692 1106 790 1138 hiatu

92 1164 137 1189 eo
148 1156 266 1189 minus
277 1155 507 1194 offendimus,
530 1155 626 1196 quod
644 1155 715 1187 duo
733 1154 789 1187 illa

91 1204 265 1239 vocabula
279 1214 389 1238 unam
401 1206 582 1238 continent
595 1206 788 1244 notionem,

91 1257 132 1287 ut
151 1255 239 1287 male
263 1255 388 1293 dicero,
432 1254 510 1287 bene
539 1255 665 1293 dicere,
697 1263 789 1295 quae

92 1305 179 1336 item
190 1304 303 1337 divise
314 1303 529 1336 scribuntur.
545 1303 706 1345 (uQuidni
716 1305 791 1336 sta-

91 1355 234 1387 tuamus
255 1362 336 1386 esse
352 1362 464 1386 unum
485 1352 699 1386 vocabulum
718 1363 791 1385 ma-

92 1403 294 1443 leomianus,
310 1404 350 1435 ut
359 1404 550 1436 suaveolens
561 1403 657 1445 apud
663 1401 787 1436 Catuli.

93 1453 148 1492 62.
165 1453 243 1485 72»
259 1453 422 1485 nossem.
438 1454 561 1494 Neque
574 1452 675 1485 aliter
690 1451 789 1484 facile

92 1502 241 1544 exprimi
251 1503 390 1544 poterat
397 1502 608 1534 adiectivum
622 1510 789 1542 graecum

91 1550 323 1594 δύσφημος.)
349 1552 414 1590 Qui
429 1560 697 1592 supervacaneo
714 1551 791 1583 hia-

92 1604 149 1635 tus
171 1603 271 1633 metu
291 1600 496 1642 praeferunt
524 1601 610 1632 male
632 1601 790 1632 nomina-

91 1652 144 1690 tis,
175 1650 305 1692 partim
333 1651 541 1691 comparant
566 1646 787 1691 δυσώνυμοι,

839 956 960 995 detur;
985 965 1056 989 non
1079 957 1175 989 enim
1189 958 1391 990 memorant
1406 957 1534 996 lanius,

840 1005 1044 1045 Oberlinus,
1068 1006 1155 1046 Fea,
1181 1006 1404 1047 pomerius),
1433 1005 1535 1039 valde

840 1054 1071 1088 memorabile
1094 1064 1137 1088 ac
1159 1055 1308 1088 fortasse
1323 1065 1449 1088 verum
1469 1058 1534 1088 est.

840 1105 895 1137 Sic
918 1104 982 1137 Od.
1001 1105 1039 1143 4,
1065 1106 1124 1144 45,
1151 1105 1203 1137 48.
1228 1113 1294 1146 pro
1309 1105 1420 1146 eriget
1433 1106 1538 1137 clinem

839 1154 923 1187 olim
959 1153 1144 1195 legebatur
1179 1155 1301 1186 evincet
1341 1155 1456 1187 οιᾶυηι.
1497 1172 1535 1178 -

839 1204 1026 1246 tumultum]
1051 1203 1356 1245 quemadmodum
1379 1204 1539 1236 nomina-

838 1253 926 1286 bant
957 1253 1050 1286 bella
1084 1252 1201 1286 Italica
1232 1255 1267 1286 et
1296 1252 1436 1286 Gallica.
1461 1254 1534 1286 Cic.

839 1302 985 1345 Philipp.
1011 1303 1048 1343 8,
1083 1304 1120 1335 4ι
1158 1303 1244 1343 Quid
1265 1306 1346 1335 est-
1365 1303 1460 1334 aliud
1481 1307 1537 1335 tu-

837 1353 961 1384 multus
996 1353 1060 1384 nisi
1091 1352 1302 1393 perturbatio
1339 1355 1454 1392 tanta,
1499 1357 1536 1384 uc

838 1402 949 1435 maior
977 1403 1078 1435 timor
1106 1402 1263 1435 oriatur?
1302 1403 1365 1435 Hic
1395 1404 1534 1444 poetice

840 1462 904 1494 pro
935 1452 1028 1485 bello
1058 1454 1223 1485 intestino
1251 1454 1407 1495 positum
1433 1453 1536 1485 vide—

839 1504 908 1534 tur.
933 1503 1098 1535 Horatius
1121 1505 1219 1535 certe
1242 1504 1327 1535 tunc
1349 1502 1395 1534 ad
1418 1505 1537 1535 exter-

839 1560 924 1584 num
956 1552 1135 1594 profectus
1164 1560 1236 1584 non
1266 1554 1372 1584 esset.
1408 1571 1445 1575 —
1469 1553 1538 1584 Nec

838 1602 925 1632 mori
953 1601 1037 1643 cet.]
1063 1602 1162 1633 «Non
1188 1604 1335 1633 metuam
1356 1602 1443 1633 mori
1466 1601 1538 1634 vul—

839 1659 882 1691 go
906 1650 1093 1691 significat:
1126 1649 1240 1682 libens
1266 1651 1414 1690 moriar,
1447 1652 1538 1682 mori

93 1701 159 1732 etsi
181 1700 420 1732 destituuntur
443 1698 634 1741 exemplis;
658 1700 789 1741 partim
811 1681 816 1730 Ι
839 1699 978 1740 cupio.»
1003 1700 1086 1739 HP„
1111 1699 1147 1731 id
1170 1699 1267 1740 quod
1290 1698 1382 1732 ultro
1406 1709 1537 1732 conce-

92 1758 215 1782 rursus
249 1750 424 1790 nugantur
457 1748 524 1781 «de
558 1758 701 1781 rumore
732 1748 789 1781 illo
812 1735 816 1768 Ι
839 1748 967 1781 dimus.
992 1749 1125 1781 Verum
1140 1749 1198 1781 bic
1214 1747 1310 1780 nullo
1326 1749 1433 1781 modo
1448 1750 1538 1782 scri-

93 1798 290 1838 adverso»,
321 1806 431 1839 quem
458 1797 525 1831 sibi
548 1798 722 1830 finxerant
745 1797 791 1830 ad
812 1769 816 1828 ι
839 1797 926 1830 bere
943 1800 1082 1839 poterat
1097 1800 1220 1839 poeta:
1247 1799 1340 1830 «Nec
1365 1801 1535 1837 metuam,

91 1857 127 1880 v.
153 1848 185 1879 4.
210 1847 281 1879 Sed
307 1848 505 1887 nominatis,
538 1848 604 1880 etsi
633 1856 747 1889 nuper
769 1857 788 1880 a
839 1856 884 1879 ne
897 1848 1029 1880 moriar
1043 1856 1109 1889 per
1119 1848 1231 1883 vimu
1249 1850 1284 1879 et
1297 1847 1378 1879 alibi
1395 1857 1537 1889 quoque

93 1896 256 1930 Liibkero
289 1896 494 1937 defensum,
534 1906 604 1929 non
639 1899 694 1930 est
724 1898 791 1930 nisi
841 1898 893 1939 (2,
917 1898 955 1936 2,
981 1898 1012 1929 7.
1038 1897 1076 1935 4,
1094 1898 1131 1936 5,
1148 1897 1216 1937 20.)
1242 1906 1275 1929 v.
1293 1901 1439 1929 nwtuere
1454 1906 1537 1930 cum

93 1947 246 1988 imperiti
276 1945 422 1979 alicuius
451 1947 677 1979 Grammatici
706 1956 791 1988 per-
813 1934 816 1957 ²
840 1947 1009 1979 infinitivo
1032 1948 1237 1979 construxit.
1276 1947 1329 1978 Vis
1351 1948 1471 1978 autem
1486 1948 1537 1979 si-

92 2005 197 2029 versa
234 1997 271 2028 et
307 1997 438 2028 misera
475 1996 708 2038 interpolatio.
749 2014 788 2020 —
840 1996 982 2037 gnificat
1006 1995 1231 2034 «tumultum,
1267 1995 1428 2028 bellum»
1461 1997 1536 2028 sive

94 2046 263 2078 Ceterum
283 2045 374 2077 male
402 2046 558 2078 minatis
587 2046 695 2078 verbis
720 2045 790 2078 noli
814 2058 816 2067 ·

93 2103 177 2126 eum
207 2093 283 2127 aliis
324 2093 518 2135 intelligere
556 2094 601 2127 de
636 2095 790 2136 querelis

92 2142 261 2176 luctuosis
283 2146 428 2185 propter
449 2146 570 2185 patres
594 2146 629 2176 et
651 2145 793 2186 propin-

93 2200 197 2232 quos,
221 2192 282 2233 qui
305 2193 341 2224 in
363 2192 457 2224 bello
482 2193 700 2232 ceciderant,
726 2193 792 2226 sed

94 2240 140 2273 de
171 2240 336 2274 omnibus
370 2241 452 2274 mali
486 2243 614 2275 ominis
652 2241 790 2281 verbis,

95 2291 131 2322 in
152 2298 244 2330 quae
267 2299 502 2332 prorumpere
528 2293 702 2333 poterant.

139 2339 279 2372 43-46.
312 2341 374 2372 Hic
406 2341 483 2382 dies]
518 2342 604 2380 lam,
629 2343 668 2373 ut
690 2341 794 2373 decet

840 2046 1045 2078 intestinum
1068 2046 1142 2077 sive
1166 2047 1373 2084 externum,
1398 2055 1419 2077 a
1434 2045 1537 2078 Gallis

840 2095 989 2127 fortasse
1027 2093 1220 2127 rebellibus
1261 2096 1410 2127 motum.
1464 2095 1538 2127 Hoc

839 2153 926 2176 vero
949 2145 1003 2176 his
1025 2153 1082 2175 νὟ.
1108 2145 1201 2175 tecte
1225 2143 1411 2184 significat:
1448 2145 1538 2176 «Hic

841 2193 917 2226 dies
933 2193 1067 2225 reditus
1082 2193 1228 2233 Augusti
1243 2194 1385 2234 sospitis
1396 2219 1404 2232 ,
1429 2202 1536 2235 quem

841 2251 907 2283 ego
937 2251 981 2274 ex
1009 2242 1115 2274 animi
1142 2242 1316 2274 sententia
1339 2244 1376 2274 et
1398 2251 1480 2275 amo
1502 2246 1538 2275 et

839 2300 1008 2330 veneror,
1025 2300 1111 2323 vere
1126 2291 1212 2323 mihi
1228 2291 1339 2324 festus
1354 2293 1432 2331 erit,
1455 2293 1538 2334 quia

841 2349 966 2373 omnes
990 2341 1075 2372 mibi
1106 2349 1211 2373 curas
1234 2341 1381 2381 eximet,
1415 2350 1459 2374 ne
1483 2342 1538 2374 in-

94 2387 247 2429 lyricum
267 2391 429 2430 poetam,
454 2399 475 2421 a
497 2389 640 2431 publica
662 2389 793 2422 laetitia
815 2416 818 2428 2
842 2390 990 2422 testinae
1014 2390 1257 2423 contentiones
1279 2399 1403 2424 rursus
1425 2391 1540 2423 orian-

94 2437 141 2469 ad
170 2446 272 2470 suam
303 2439 446 2476 transit,
482 2441 522 2471 ut
552 2439 633 2471 fecit
663 2439 726 2471 Od.
752 2441 790 2476 4,
814 2431 819 2469 2
842 2441 916 2479 tur,
951 2441 992 2471 ut
1025 2439 1157 2472 factum
1190 2441 1245 2472 est
1276 2442 1358 2482 post
1391 2440 1430 2472 C.
1462 2440 1538 2472 Iulii

94 2486 149 2518 37.
174 2485 215 2526 4,
240 2487 279 2527 2,
304 2487 359 2520 45.
386 2488 496 2529 Epod.
515 2488 554 2527 9,
573 2489 663 2520 4.-
688 2488 793 2529 atras]

94 2535 172 2568 vid.
207 2536 254 2568 ad
291 2537 355 2569 Od.
392 2537 434 2575 3,
468 2538 511 2575 4,
541 2536 594 2569 40.
631 2555 667 2560 -
706 2538 794 2569 Exi-

94 2584 170 2626 mat]
195 2585 295 2623 Quod
327 2585 414 2617 Cod.
438 2586 620 2627 antiquiss.
643 2587 669 2618 B
693 2587 794 2618 exhi·

96 2632 158 2665 bet
196 2634 305 2675 ezn'yet
341 2633 452 2675 (solus
484 2634 647 2675 quidem,
682 2637 718 2667 ut
740 2636 794 2667 vi-

843 2488 1004 2521 Caesaris
1027 2489 1241 2521 interitum.»
1265 2507 1302 2512 —-
1318 2489 1454 2530 tenente]
1471 2489 1535 2521 Od.

841 2537 880 2577 4,
905 2539 963 2577 45,
990 2539 1050 2570 ⁴7:
1082 2538 1220 2571 Custode
1245 2548 1361 2571 rerum
1382 2539 1535 2571 Caesare.

886 2587 939 2619 48.
971 2588 1080 2619 Marsi
1099 2597 1277 2620 mernorem
1298 2587 1407 2629 duelli]
1433 2597 1539 2620 «con-

843 2636 955 2668 ditum
978 2635 1071 2668 bello
1094 2638 1243 2670 Marsico
1266 2646 1295 2669 s.
1314 2636 1432 2670 sociali
1449 2646 1481 2669 a.
1499 2646 1534 2670 u.
