1722 2904
84 154 101 166 l
172 100 255 143 336

399 206 604 248 Somnum
634 205 852 248 reducent.

687 102 858 135 HORATII
883 103 1109 137 CARMINUM

913 207 1098 249 Somnus
1130 207 1361 264 agrestium

400 286 527 330 Lenis
558 286 751 329 virorum
780 300 865 328 non
894 285 1078 330 humiles
1108 286 1262 330 domos

455 367 631 411 Fastidit
660 367 997 424 umbrosamque
1028 367 1186 424 ripam,

511 450 604 492 Non
635 448 842 507 Zephyris
873 447 1030 505 agitata
1059 449 1229 505 Tempe.

398 565 727 609 Desiderantem
756 565 876 623 quod
905 566 1008 609 satis
1039 572 1105 608 est
1134 577 1278 623 neque
1569 568 1623 611 25

404 646 732 690 Tumultuosum
762 646 960 690 sollicitat
988 660 1128 698 mare,

457 729 546 771 Nec
576 741 733 771 saevus
764 728 930 771 Arcturi
962 727 1155 772 cadentis

262 867 316 899 22.
342 866 474 898 humilis
497 867 530 898 S.
571 884 607 889 —
648 866 702 898 23.
727 866 958 898 umbrosamve
981 867 1017 897 et
1042 875 1075 898 ν.
1103 866 1156 898 30.
1182 866 1358 898 Fundusve
1397 866 1500 908 (Lips.
1534 866 1579 907 4.)

217 917 301 948 lani.
330 917 381 954 (Ut
404 924 485 955 nos,
512 916 623 948 nostri
647 915 773 956 Codd.)

177 1035 304 1074 cenati)
341 1042 475 1066 somnus
505 1042 570 1074 per
606 1033 880 1073 symphoniam

175 1087 312 1116 cantum
341 1092 385 1115 ea>
410 1083 590 1124 lonqinquo
617 1083 687 1114 lene
715 1091 879 1115 resonan—

176 1134 259 1165 tium
282 1133 470 1172 quaeritur.

220 1184 275 1215 2⁴.
301 1183 355 1214 22.
380 1180 548 1222 reducent]
574 1189 762 1213 «somnum
785 1181 879 1213 curis

177 1241 219 1264 ac
252 1230 545 1264 sollicitudinibus
580 1239 690 1272 saepe
725 1231 880 1262 interru-

177 1283 279 1323 ptum
295 1281 414 1314 denuo
428 1279 701 1313 eonciliahunt.»
717 1297 753 1302 —
772 1279 879 1321 Lenis]

177 1339 303 1372 quem
320 1330 515 1364 Menander
545 1330 649 1362 Mein.
682 1330 782 1362 Com.
813 1329 877 1361 Ed.

177 1381 262 1413 min.
277 1389 311 1422 p.
330 1380 406 1411 920.
426 1380 530 1411 vocat
553 1374 663 1420 ἡδὺν
664 1379 730 1411 καὶ
755 1375 879 1424 πρᾶόν

175 1439 262 1463 τινα
285 1423 419 1462 ὕπνον.
448 1446 484 1451 —-
511 1428 575 1460 Hic
599 1437 743 1469 quoque
767 1427 881 1470 dupli-

177 1488 258 1513 cem
307 1479 504 1512 statuemus
556 1478 875 1510 constructionem.

178 1530 321 1561 Somnus
343 1528 424 1560 lenis
446 1527 629 1569 aqrestium
647 1528 801 1559 virorum
813 1536 880 1559 non

175 1579 304 1620 fastidit
330 1578 484 1610 virorwn
510 1577 692 1618 agrestium
717 1576 876 1619 (eorum)

177 1628 315 1660 humiles
331 1628 444 1659 domos
461 1627 574 1668 (casas
587 1652 594 1666 ,
621 1626 782 1668 tuguria).
816 1626 881 1658 Ec-

178 1678 360 1711 clesiastes
383 1678 422 1717 5,
449 1678 484 1709 Η
502 1686 509 1707 :
543 1677 659 1709 Dulcis
681 1680 727 1709 est
748 1685 881 1709 somnus

176 1728 347 1769 operantis
360 1745 379 1751 -
393 1735 426 1766 -;
450 1727 613 1759 saturitas
635 1730 747 1759 autem
769 1727 880 1758 divitis

176 1787 244 1810 non
274 1778 353 1809 sinit
382 1785 457 1808 ewm
487 1777 645 1808 dormire.
692 1778 879 1808 Anacreon

180 1828 234 1860 Fr.
259 1827 313 1860 88.
340 1827 378 1858 B.
405 1822 476 1859 κοῦ
500 1825 651 1868 μοχλὸν
674 1825 715 1858 ἐν
737 1823 880 1872 θύρῃσι

177 1874 329 1923 ὅιξῇσιν
343 1873 475 1916 βαλών
496 1873 664 1916 ’Ἡσυχος
688 1873 879 1909 καθεύδει.

178 1926 279 1960 Teles
292 1925 492 1968 apudstob.
505 1926 542 1958 T.
554 1926 607 1958 93.
619 1925 694 1958 Vol.
705 1926 737 1958 3.
752 1935 787 1968 p.
797 1926 878 1958 206·

178 1973 314 2009 Πάντα
340 1974 412 2018 μὲν
441 1974 502 2015 ἐφ’
532 1969 638 2018 ὕπνῳ
662 1984 882 2034 παρασκευ-

179 2023 367 2068 α’ςόμενος
390 2023 701 2083 δυσκολωτὲρους
723 2022 804 2064 ἔχει
818 2022 881 2057 διὰ

179 2075 295 2109 τοῦτο
327 2072 420 2116 τοὺς
452 2070 609 2116 ὕπνους·
644 2073 883 2122 ἑτοιμότεροι

179 2125 209 2158 δ’
235 2126 332 2158 εἰσὶν
356 2126 397 2157 οἱ
413 2122 514 2157 κατὰ
530 2123 662 2165 φύσιν.
690 2144 726 2149 -
743 2127 794 2158 De
812 2126 883 2158 dis-

181 2176 328 2209 crimine
362 2176 507 2217 particc.
541 2184 603 2216 que
638 2177 674 2207 et
706 2184 746 2207 ve
783 2177 881 2207 recte

180 2226 336 2267 disputat
358 2217 606 2266 Dillenburger
626 2234 662 2267 p.
690 2226 764 2258 ⁴02.

223 2274 277 2308 24.
317 2274 448 2316 Tempe]
492 2274 569 2306 vid.
604 2274 667 2307 Od.
702 2275 740 2314 i,
774 2275 814 2314 7,
846 2273 878 2306 4.

182 2325 244 2357 Hic
268 2333 333 2365 pro
358 2324 516 2365 qualibet
539 2323 697 2356 convalle
716 2332 878 2356 amoena.

223 2374 278 2406 25.
292 2374 346 2405 26.
362 2375 450 2414 quod
460 2375 541 2406 satis
553 2373 609 2415 est]
623 2374 709 2415 Epp.
726 2374 756 2413 4,
771 2373 803 2411 2,
819 2372 878 2406 46:

182 2419 277 2463 Quod
298 2423 380 2455 satis
401 2426 447 2455 est
469 2424 524 2455 cui
546 2424 723 2465 contingit,
748 2423 797 2455 nil
811 2432 883 2455 am-

179 2473 268 2513 plius
289 2475 387 2513 optet.
413 2471 531 2505 Alexis
555 2473 590 2505 in
612 2473 718 2505 Grotii
743 2473 825 2505 Exc.
843 2481 878 2514 p.

181 2523 262 2555 593:
289 2519 344 2554 Τὰ
359 2518 526 2579 περισσὰ
540 2519 656 2564 μισῶ·
674 2526 757 2563 τοῖς
773 2519 883 2568 ὑπερ-

180 2569 371 2611 βάλλουσι
392 2568 466 2628 γὰρ
481 2569 642 2614 Δαπάνη
659 2570 879 2618 πρόσεστιν,

182 2618 303 2664 ἡδονὴ
336 2620 366 2654 δ’
400 2617 479 2654 οὐδ’
517 2617 688 2663 ἡτισοῦν.
737 2620 881 2654 Publius

183 2672 292 2712 Syrus
324 2671 398 2704 677.
434 2672 511 2704 Or.:
551 2671 644 2711 Quod
674 2671 740 2704 volt
772 2670 879 2710 habet,

927 1035 985 1073 qui
1006 1034 1106 1074 velle,
1137 1034 1225 1074 quod
1245 1034 1327 1065 satis
1349 1036 1413 1074 est,
1438 1036 1557 1074 potest.
1586 1050 1622 1057 —

926 1083 1092 1125 sollicitat]
1109 1083 1171 1125 Ep.
1188 1083 1226 1123 2,
1245 1083 1283 1115 6:
1307 1083 1471 1123 (rusticus
1486 1082 1624 1124 beatus)

926 1134 1040 1173 Neque
1061 1134 1174 1165 horret
1195 1132 1323 1164 iratum
1342 1141 1449 1165 mare.
1635 1166 1641 1172 ,

970 1183 1022 1215 27.
1063 1182 1199 1215 Arcturi
1232 1182 1390 1224 cadentis]
1424 1182 1627 1225 Arctophy-

927 1231 984 1264 lax
1014 1232 1144 1265 occidit
1173 1232 1229 1264 IV.
1262 1230 1335 1263 Kal.
1369 1232 1455 1264 Nov.
1481 1231 1625 1264 Leonid.

928 1283 1005 1315 Tar.
1038 1283 1101 1323 Ep.
1139 1282 1200 1314 92:
1232 1277 1445 1338 Ἑρμιονῆα
1459 1301 1480 1307 -
1494 1300 1514 1306 -
1529 1278 1626 1314 πολὺ

927 1329 1034 1374 κῦμα
1057 1327 1247 1372 ”Ὠλεσεν,
1286 1328 1509 1377 Αρκτούρου
1543 1329 1627 1363 λαί-

928 1380 1019 1413 λαπι
1052 1378 1311 1428 χρησάμενον.
1358 1380 1501 1413 Plautus
1535 1380 1624 1413 Rud.

927 1432 987 1464 70:
1023 1432 1186 1464 Arcturus
1214 1432 1346 1473 signum
1375 1439 1461 1463 sum-
1478 1431 1626 1463 cinisium

928 1482 1148 1514 acerrimum:
1176 1481 1348 1514 Vehemens
1367 1490 1441 1513 sum
1455 1482 1627 1519 σῶον-ὀψε,-

927 1540 1003 1564 eum
1025 1532 1155 1572 occido,
1179 1531 1409 1563 vehementior.

971 1581 1025 1614 28.
1051 1580 1167 1622 Haedi]
1192 1580 1358 1612 oriuntur
1381 1579 1492 1612 Haedi
1514 1580 1628 1622 pridie

928 1632 1016 1664 Non.
1043 1629 1185 1662 Octobr.
1212 1630 1359 1662 Theocr.
1385 1626 1428 1671 ζ’,
1451 1629 1512 1662 53:
1537 1624 1629 1662 Χῶ-

927 1690 998 1712 ταν
1020 1679 1081 1721 ἐφ’
1114 1678 1304 1725 ἑσπερίοις
1335 1678 1486 1725 ἐρίφοις
1515 1676 1630 1720 νότος

929 1727 1036 1793 ὑγρὰ
1048 1727 1166 1775 διώκῃ
1190 1726 1367 1771 Κύματα,
1391 1727 1554 1774 κᾬρίων
1570 1723 1626 1761 ot'

929 1780 986 1814 ἐπ’
1025 1775 1197 1822 Ὠκεανῷ
1239 1776 1361 1819 πόδας
1400 1777 1520 1819 ἴσχει,
1567 1777 1628 1810 ubi

930 1823 1197 1863 801101..οταν
1219 1825 1476 1861 ἀνατέλλωσιν
1498 1823 1577 1860 ol³¹
1557 1838 1632 1873 ερι-

929 1889 1012 1920 φοι,
1030 1875 1265 1924 ἀγριαίνεται
1280 1889 1304 1921 η
1292 1874 1511 1911 θάλασσα.
1530 1878 1626 1919 Virg.

929 1931 1016 1962 Aen.
1049 1929 1088 1968 9,
1126 1928 1207 1961 668:
1249 1929 1400 1968 Quantus
1433 1927 1476 1959 ab
1509 1935 1630 1961 occasu

928 1979 1061 2011 veniens
1087 1977 1292 2018 pluvialibus
1320 1977 1443 2010 Haedis
1475 1976 1631 2010 Verberat

929 2028 1033 2060 imber
1069 2028 1222 2065 nmmum
1258 2024 1299 2059 et
1331 2026 1495 2059 nimbosus
1526 2028 1631 2059 vocat

930 2077 1027 2109 Ovid.
1054 2077 1156 2109 Trist.
1184 2077 1221 2115 4,
1249 2076 1307 2116 Μ,
1335 2075 1387 2108 43.

973 2126 1027 2158 29.
1069 2124 1281 2166 verberatae]
1310 2125 1398 2166 Epp.
1437 2126 1473 2165 ⁴,
1509 2125 1547 2164 8,
1584 2123 1626 2157 4:

929 2176 1011 2216 quia
1031 2176 1162 2217 arando
1185 2175 1376 2208 contuderit
1395 2175 1487 2206 vites.

973 2225 1089 2257 30-32.
1114 2224 1276 2266 menda-z]
1309 2225 1490 2265 Frequens
1505 2222 1628 2264 figura,

930 2275 1037 2306 etiam
1061 2273 1156 2316 apud
1179 2272 1385 2306 orientales.
1412 2273 1502 2305 Osee
1526 2272 1564 2312 9,
1589 2272 1627 2304 2:

928 2324 1018 2356 Area
1045 2327 1076 2356 et
1107 2323 1258 2356 torcular
1284 2332 1352 2355 nou
1378 2325 1493 2363 pascet
1523 2331 1576 2354 eos
1601 2325 1632 2355 et

928 2374 1043 2405 vinum
1064 2373 1242 2405 mentietur
1256 2374 1312 2404 eis.
1339 2371 1507 2404 Habacuc
1523 2371 1555 2412 3,
1574 2372 1628 2404 ⁴7:

929 2423 1027 2455 Ficus
1047 2432 1115 2455 non
1135 2422 1265 2464 florebit
1286 2425 1317 2454 et
1337 2430 1405 2454 mm
1419 2421 1484 2453 erit
1495 2429 1631 2463 qermen

929 2473 965 2505 in
993 2473 1117 2505 vineis:
1150 2472 1327 2504 mentietur
1354 2480 1436 2511 opus
1465 2471 1573 2503 olivae
1600 2474 1632 2503 et

930 2531 1019 2554 arva
1040 2531 1108 2554 non
1130 2522 1270 2562 afferent
1291 2520 1410 2553 cibum.
1437 2521 1520 2553 Hor.
1539 2521 1627 2562 Epp.

931 2573 968 2611 4,
994 2573 1031 2612 7,
1057 2571 1119 2604 87:
1153 2571 1252 2611 Spem
1272 2571 1412 2603 mentita
1432 2578 1532 2612 seges.
1571 2569 1629 2601 Ti-

930 2620 1015 2653 bull.
1041 2621 1080 2661 2,
1105 2620 1143 2661 3,
1169 2620 1223 2653 6⁴.
1250 2620 1363 2653 Diss.:
1394 2619 1436 2652 At
1463 2619 1521 2651 tibi
1542 2618 1631 2650 dura

931 2671 1027 2703 Ceres
1041 2687 1057 2694 -
1070 2688 1086 2694 -
1098 2670 1266 2703 Per-solvat
1280 2670 1374 2702 nulla
1388 2669 1515 2702 semina
1537 2671 1630 2700 terra
