1722 2904
0 607 10 757 Μν-ς-συινυ
0 519 9 566 ωας
0 507 6 513 v·
0 453 9 499 -1-·-=

4 987 7 990 ,
0 959 5 967 1
0 866 9 948 <nu-ur

616 88 751 121 LIBER.
799 88 928 122 CARM.
954 89 1009 121 lx.

1483 89 1565 131 699

343 189 543 247 Lugubre
573 192 749 234 mutavit
777 205 941 249 sagum.

286 270 367 312 Aut
397 269 465 313 ille
494 277 665 314 centum
694 271 884 315 nobilem
914 272 1084 316 Cretam
1113 271 1294 315 urbibus

342 350 486 393 Ventis
520 350 657 394 iturus
686 365 772 394 non
801 352 915 401 suis,
1179 364 1183 369 ’
1443 414 1450 420 ἢ
1510 354 1564 394 30

287 431 548 474 Exercitatas
578 438 651 474 aut
678 431 783 488 petit
812 433 962 490 Syrtes
994 433 1124 478 Noto.

342 512 424 553 Aut
450 511 584 554 fertur
613 511 774 555 incerto
806 512 924 555 mari.

290 590 547 648 Capaciores
576 590 681 636 affer
709 591 819 641 huc,
851 606 981 649 puer,
1014 592 1203 652 scyphos

349 672 399 714 Et
428 670 534 715 Chia
560 672 659 715 vina
688 679 762 715 aut
790 672 956 716 Lesbia.

207 802 261 834 33.
300 801 353 835 34.
389 803 548 843 scypho„
583 803 649 835 Aac
678 803 760 836 cma
782 801 827 845 ξ,

864 803 974 837 Codd.
1000 805 1192 845 Torrentii‚
1227 806 1338 840 Bentl.
1374 807 1452 849 (Aac
1485 812 1520 841 uc

166 851 248 884 Chia
272 851 344 892 (sic)
369 851 404 883 d.
451 853 537 884 Voc.
561 852 626 884 Aac
648 861 825 894 superscr.
851 855 905 894 et.)

122 962 240 994 stricta
259 962 415 1003 qemmis;
428 964 598 995 diadema
619 964 750 996 aderat.
778 982 814 987 —

121 1009 251 1043 Similia
281 1013 401 1044 autem
431 1011 475 1044 de
505 1013 672 1054 Pompeio
700 1014 818 1045 narrat

121 1059 329 1093 Plutarchus
345 1061 447 1094 Caes.
465 1070 496 1094 c.
511 1061 572 1094 45:
597 1058 816 1095 ἀπεδύσατο

122 1106 193 1152 τὴν
203 1129 224 1134 -
234 1127 255 1133 -
264 1108 522 1156 στρατηγικὴν
537 1109 685 1154 ἐσθῆτα
693 1136 703 1151 ,
727 1110 819 1152 φεύ-

120 1168 226 1202 γοντι
258 1157 300 1192 δὲ
333 1161 552 1206 πρέπουσαν
589 1159 817 1203 μεταβαλών

123 1204 348 1251 ὑπεξῆλθεν.
382 1227 419 1232 —
463 1211 515 1242 De
553 1213 815 1244 constructione

122 1257 224 1290 verbi
245 1261 378 1290 matare
399 1257 470 1290 vid.
489 1259 552 1292 Od.
579 1260 618 1300 4,
637 1261 697 1300 47,
727 1262 740 1293 4
758 1270 813 1303 sq.

168 1330 287 1364 29-32.
303 1334 434 1364 comm
443 1332 639 1375 “ur-bibus]
655 1332 817 1377 ἑκατόμ-

120 1378 242 1412 πολιν.
265 1379 328 1412 od.
346 1379 385 1421 3,
408 1381 469 1420 27,
494 1381 547 1414 33.
575 1401 612 1405 —
641 1384 814 1418 Naturalis

120 1429 336 1463 constructio
352 1431 427 1463 est:
441 1430 507 1463 Aut
521 1432 575 1463 ille
583 1433 668 1472 petit
683 1433 815 1467 Cretam

118 1480 180 1509 aut
193 1477 324 1519 Syrien
349 1477 556 1521 neutiquam
578 1489 682 1513 vero:
706 1486 816 1515 muta-

117 1527 289 1559 vitiem-us
302 1527 445 1560 Cretam.
465 1545 502 1552 -
528 1539 594 1561 non
620 1531 698 1573 suis]
723 1541 814 1565 «non

118 1577 297 1618 propitiis,
315 1577 514 1617 adversis;»
538 1579 609 1611 mit
621 1580 736 1612 nicht
750 1590 815 1622 9⁶-

117 1634 296 1666 woqnom
318 1627 445 1659 Wind.
482 1627 584 1660 Voss.
608 1629 811 1663 Pseudotib.

119 1673 157 1714 3,
181 1673 220 1714 3,
245 1675 307 1707 28:
340 1675 466 1708 Audiat
494 1685 615 1709 aversa
636 1688 703 1710 non
723 1688 816 1711 meras

118 1732 203 1756 auro
227 1725 317 1756 deus.
363 1725 461 1757 Ovid.
494 1726 595 1759 Trist.
623 1727 664 1767 3,
698 1729 741 1767 5,
773 1728 812 1762 4:

92 1771 96 1774 ’
117 1773 213 1806 Nave
239 1782 315 1806 mea
342 1778 439 1806 vento
467 1775 585 1816 forsan
614 1781 709 1809 eante
730 1787 812 1818 suo;

119 1822 203 1863 quin
234 1822 340 1855 etiam
373 1823 408 1856 in
438 1832 545 1865 prosa
567 1834 619 1857 or.
645 1825 712 1858 Sal.
738 1828 811 1868 lug.

119 1870 156 1902 6⁴
172 1879 180 1901 :
214 1871 411 1912 Iugurtham
425 1890 445 1896 -
458 1891 478 1896 -
493 1882 552 1906 suo
574 1874 644 1906 loco
661 1884 814 1917 pugnam

117 1919 238 1959 facem.
261 1921 395 1953 Seneca
411 1922 472 1963 Ep.
491 1923 546 1962 7⁴,
560 1923 579 1955 3
596 1933 604 1955 z
627 1924 813 1965 lquor-anti,

119 1976 216 2007 quem
234 1972 371 2009 portum
387 1974 498 2011 petat,
523 1972 633 2004 nullas
646 1981 725 2005 saus
738 1983 816 2006 ven-

46 2037 53 2041 ·
119 2020 171 2048 tus
185 2020 242 2049 est.
269 2018 341 2050 Liv.
360 2019 404 2060 9,Γ
417 2020 476 2051 49ε
501 2029 674 2060 nunquam
688 2023 814 2063 aequis,

120 2066 234 2106 utique
268 2076 442 2108 nunquam
472 2071 622 2102 nostris
658 2071 736 2103 locis
761 2073 816 2104 la-

121 2115 320 2148 boravimus.
356 2135 392 2140 —
416 2119 643 2162 Eaeercitalas]
676 2131 815 2167 «συρο-

117 2165 251 2209 μένας,
276 2166 358 2198 hinc
374 2166 466 2200 illinc
482 2169 628 2202 iactatas
644 2179 664 2201 a
681 2171 813 2209 Noto;»

78 2228 83 2230 f
119 2214 377 2255 aufyewilhlt.
411 2216 514 2249 Voss.
543 2235 579 2240 —
608 2219 731 2262 Syrtes]
760 2221 812 2253 Cf.

119 2262 182 2295 Od.
209 2264 247 2303 ⁴,
272 2264 332 2303 22,
357 2265 389 2296 5.
425 2265 463 2302 2,
497 2266 535 2305 6,
569 2266 600 2298 3.
629 2269 815 2301 —incerto

117 2311 224 2353 mam‘]
259 2313 412 2345 «Animo
443 2313 563 2354 clade,
590 2324 697 2356 quam
730 2326 815 2358 per-

119 2368 247 2401 pessus
271 2363 342 2401 est,
365 2363 506 2403 penitus
528 2365 735 2405 perturbato
752 2366 815 2397 du-

119 2408 210 2448 bius,
227 2418 334 2450 quam
346 2411 528 2451 regionem
539 2421 664 2446 versus
674 2415 814 2455 naviget

120 2459 226 2499 atque
251 2458 396 2492 ubinam
424 2462 599 2494 terrarum
626 2462 812 2504 appellat.»

162 2537 293 2571 33-38.
330 2539 538 2581 Capua-iores]
564 2542 621 2573 «ln
645 2540 811 2575 laetitiam

120 2586 221 2618 effusi
251 2586 380 2628 largius
410 2589 480 2621 iam
511 2590 710 2630 potemus.»
748 2592 812 2623 Se-

122 2643 210 2668 neca
233 2635 278 2667 de
302 2637 352 2668 ira
376 2636 415 2675 3,
442 2636 502 2678 ⁴4,
527 2638 564 2669 3:
590 2639 677 2671 Bibit
698 2640 813 2672 deinde

866 964 1035 996 liberalius
1071 974 1173 1005 qaam
1209 967 1297 998 alias
1333 968 1565 1008 capacioribus

865 1015 1003 1054 scyphis.
1037 1032 1075 1038 -
1107 1016 1203 1057 affer]
1236 1016 1353 1049 Simile
1389 1019 1444 1050 est
1478 1017 1563 1050 illud

867 1062 993 1100 Catulli
1013 1064 1074 1096 27:
1099 1066 1251 1097 Minister
1271 1067 1372 1098 vetuli
1390 1075 1476 1106 puer
1494 1069 1563 1100 Fa-

865 1112 966 1152 ler-m',
989 1114 1088 1154 Inger
1101 1115 1148 1145 mi
1170 1115 1288 1147 calices
1302 1117 1502 1148 amariores.
1524 1136 1559 1140 —

866 1162 946 1194 Chia
961 1181 981 1186 -
995 1180 1015 1186 -
1029 1163 1164 1204 Lesbia]
1204 1165 1279 1196 vina
1318 1166 1450 1197 Graeca
1482 1165 1563 1198 dul-

865 1212 935 1249 cia,
957 1221 1048 1253 Quae
1072 1215 1299 1254 opponuntur
1315 1214 1481 1247 Caecubo
1497 1224 1563 1247 au-

865 1262 971 1293 stero.
992 1261 1104 1303 Saepe
1129 1261 1184 1294 illa
1210 1264 1468 1303 consociantur,
1490 1266 1527 1296 ut
1541 1274 1561 1296 a

865 1309 1078 1342 Callimacho
1106 1311 1209 1343 Anth.
1240 1311 1311 1344 Pal.
1338 1313 1377 1344 11.
1403 1322 1439 1354 p.
1474 1313 1560 1348 535:

854 1355 1032 1405 Ἔρχεται
1060 1358 1180 1401 πολὺς
1203 1360 1277 1403 μὲν
1298 1360 1457 1405 Αἰγαῖον
1478 1361 1563 1395 δια-

864 1405 1013 1451 τμήξας
1033 1406 1098 1441 ἀπ’
1115 1408 1274 1456 οἱνηρῆς
1295 1411 1397 1444 Χίου
1416 1408 1562 1453 Ἀμφο-

863 1456 974 1504 (mag,
1010 1456 1130 1500 πολὺς
1159 1458 1200 1492 δὲ
1233 1459 1402 1504 Λεσβὶης
1435 1457 1562 1494 ἄωτον

863 1509 1000 1554 νέκταρ
1023 1506 1207 1552 οἰνάνθης
1237 1506 1353 1553 ἄγων.
1394 1512 1563 1545 Ceterum

863 1566 920 1590 vv.
937 1558 982 1589 Et
995 1558 1078 1590 Chia
1090 1559 1249 1600 pendent
1263 1569 1283 1592 a
1297 1569 1333 1593 v,
1351 1562 1437 1601 affer
1448 1587 1455 1600 ,
1477 1570 1560 1600 uon,

863 1607 902 1639 ut
924 1608 1022 1639 ratus
1039 1609 1094 1640 est
1107 1607 1298 1647 Bentleius‚
1324 1618 1364 1641 «a
1380 1619 1415 1642 v.
1431 1611 1561 1650 Metire,

864 1656 939 1687 sive
954 1655 1020 1687 Aac
1041 1657 1123 1689 Chia
1144 1656 1281 1698 legatur
1296 1659 1370 1690 sive
1384 1659 1428 1690 Et
1443 1659 1561 1691 Chia.»

867 1722 902 1728 —-
925 1706 1092 1748 fluentem]
1117 1708 1224 1748 «potu
1246 1708 1354 1740 nimio
1381 1708 1563 1750 profluen-

864 1755 972 1786 tem.»
996 1755 1118 1787 Senos..
1154 1756 1207 1788 De
1230 1757 1364 1789 vomitu
1387 1756 1559 1798 loquitur,

863 1812 945 1843 non,
959 1805 999 1835 ut
1010 1804 1095 1836 satis
1106 1804 1194 1837 mire
1211 1805 1332 1838 volunt
1343 1807 1563 1840 recentiores

863 1852 1096 1894 Interpreies‚
1132 1853 1177 1886 de
1201 1853 1280 1886 alvo
1301 1864 1368 1896 per
1389 1864 1561 1888 nauseam

863 1901 987 1934 soluta.
1026 1903 1146 1943 Imago
1162 1903 1264 1936 nobis
1281 1905 1428 1945 quidem
1443 1906 1561 1937 minus

864 1952 981 1991 grata,
1030 1960 1072 1984 ac
1107 1954 1296 1993 propterea
1328 1954 1375 1986 ita
1405 1954 1560 1995 mitigata

864 2009 885 2031 a
908 2000 1048 2033 Vossio:
1078 2002 1158 2033 der
1180 2002 1421 2043 schlaffen
1449 2003 1562 2034 Ekel

864 2049 882 2079 b
895 2052 918 2080 a
928 2059 951 2080 n
963 2050 984 2080 d
995 2050 1007 2080 i
1018 2059 1041 2090 9
1051 2058 1069 2081 e
1082 2053 1094 2081 t
1109 2059 1116 2087 ;
1154 2059 1235 2082 cum
1266 2050 1446 2092 Garganus
1475 2061 1562 2093 pro-

863 2098 943 2139 pius
965 2098 1011 2129 ad
1033 2098 1145 2130 verba
1168 2100 1287 2131 Latina
1311 2100 1484 2132 accedere
1501 2109 1562 2141 po-

864 2147 985 2178 tuerit:
1023 2148 1050 2179 O
1072 2157 1094 2179 a
1116 2149 1172 2179 noi
1203 2153 1338 2181 mescete
1368 2149 1393 2180 il
1421 2149 1561 2181 caecubo

862 2195 937 2227 Atto
957 2196 1015 2236 fra
1037 2198 1109 2228 tuct’
1132 2198 1144 2228 i
1177 2197 1248 2228 vini
1276 2198 1304 2229 A
1326 2200 1498 2239 ramerum·
1526 2199 1561 2230 la

862 2253 990 2276 nausea
1004 2245 1068 2277 Che
1082 2246 1117 2277 al
1137 2255 1242 2287 gozzo
1257 2247 1441 2279 s’avvicini.
1471 2248 1559 2286 Quid

864 2294 1028 2334 quaeris?
1055 2295 1143 2326 Rem
1165 2295 1200 2326 in
1217 2296 1456 2328 Romanorum
1479 2305 1560 2329 con-

862 2342 963 2374 viviis
976 2343 1171 2376 admodum
1183 2343 1322 2377 solitam
1335 2354 1452 2386 neque
1465 2346 1559 2387 apud

862 2389 939 2423 illos
962 2391 1168 2432 pudendam
1184 2395 1356 2434 quantum
1372 2396 1489 2435 potest
1504 2404 1561 2427 ur-

862 2443 954 2477 bane
990 2446 1173 2486 significat.
1219 2448 1349 2489 (Nuper
1383 2458 1559 2481 nonnemo

863 2494 952 2526 mire
990 2495 1238 2536 interpretatus
1277 2499 1348 2529 est:
1394 2499 1447 2530 die
1482 2508 1560 2531 ver—

861 2543 1088 2576 schwindende
1102 2545 1219 2587 Sor-qe,
1237 2547 1297 2578 den
1312 2547 1560 2581 sci-windenden

865 2592 1063 2625 Ueberdrass
1100 2595 1158 2626 der
1203 2595 1387 2636 Kleopatra
1421 2606 1556 2639 weqen,

863 2642 1047 2682 (coerceat)
1072 2651 1161 2684 qauz
1183 2653 1227 2676 zu
1250 2644 1444 2687 bewauiqen
1458 2648 1469 2677 !
1480 2648 1493 2687 )
1520 2664 1554 2671 —
