1722 2904
603 73 737 107 unt-211.

785 74 917 107 CARu.
945 75 1015 107 Vll.

559 262 1034 305 mm

297 377 410 427 Quo,
442 388 530 433 quo
560 374 730 419 scelesti
760 375 920 419 ruitis?
950 383 1023 419 aut
1051 390 1129 419 cur
1158 376 1346 420 dexteris

351 456 558 512 Aptantur
585 469 715 498 enses
744 455 902 499 conditi
917 456 939 498 ‘?

297 537 510 578 Parumne
540 536 704 592 campis
736 543 866 593 atque
896 537 1091 593 Neptuno
1126 551 1260 594 super

356 617 515 658 Fusum
544 622 610 658 est
637 615 772 658 Latini

296 696 409 746 Non,
441 702 487 738 ut
518 695 730 753 superbas
761 695 930 739 invidae
962 695 1231 754 Karthaginis

804 615 1023 673 sanguinis
1040 651 1049 665 ,

1487 699 1513 739 ΟΕ

351 777 567 819 Romanus
597 789 720 819 arces
749 782 919 825 ureret,

295 858 481 900 intactus
509 863 582 898 aut
611 855 837 898 Britannus
867 862 913 898 ut
945 855 1232 899 descenderet

157 964 230 996 vll.
254 964 364 996 lnscr.
389 961 480 1003 volg.
505 962 555 994 Aa
571 962 737 994 Romanos
757 960 813 993 vel
834 962 885 993 Ad
900 962 1065 1003 populum
1078 963 1276 995 Romanam.
1297 980 1334 986 —
1356 965 1469 997 Primo

112 1006 440 1054 emit-wtoflmo
471 1015 509 1043 uc
540 1011 583 1043 ab
616 1010 1284 1052 alcobeuoabstinoantaoprocaturn,

1314 1014 1401 1046 item
1423 1022 1467 1053 c,

113 1062 194 1096 sed:
216 1065 338 1094 monet.
364 1079 403 1084 —
427 1062 460 1093 5.
485 1060 705 1101 Karthaqinis
725 1061 851 1102 scripsi
874 1069 956 1093 cum
980 1061 1164 1102 antiquiss.
1190 1062 1228 1094 Β,
1257 1080 1292 1086 -
1333 1063 1366 1094 6.
1390 1072 1469 1095 ver—

113 1115 196 1144 teret
215 1111 280 1144 Ed.
304 1111 392 1143 Ven.
419 1110 516 1143 4484.

113 1204 184 1237 vn.
211 1203 346 1237 Referri
367 1202 508 1236 videtur
529 1202 598 1234 hoc
620 1210 766 1233 carmen

70 1253 116 1287 ad
148 1253 285 1288 initium
315 1251 398 1284 belli
432 1251 591 1284 Perusini
612 1259 646 1282 a.
670 1259 706 1283 u.
732 1259 763 1282 c.

70 1303 147 1336 743.
158 1302 249 1336 Vide
264 1302 312 1335 ad
321 1301 432 1344 Epod.
447 1302 501 1334 46.
519 1300 767 1342 Dillenburger

69 1353 241 1394 scriptum
269 1359 350 1384 esse
374 1352 496 1383 censet
527 1359 559 1382 a.
586 1350 662 1382 746.
700 1349 765 1382 Alii

70 1401 229 1434 referunt
254 1400 301 1432 ad
329 1400 466 1432 initium
488 1399 634 1432 secundi
661 1398 762 1438 belli,

70 1450 168 1491 quod
196 1450 406 1482 octavianus
434 1457 519 1481 cum
541 1449 585 1481 M.
615 1449 764 1480 Antonio

69 1500 178 1540 gessit
199 1508 232 1531 a.
256 1508 293 1532 u.
317 1508 350 1532 c.
368 1499 444 1531 722.
469 1499 526 1531 Sic
541 1499 661 1530 autem
678 1506 765 1529 con-

70 1549 198 1581 tineret
218 1547 315 1581 haud
330 1548 434 1580 nimis
448 1547 623 1580 occultam
640 1555 766 1587 repre-

69 1598 278 1631 hensionem
305 1598 415 1639 ipsius
441 1598 547 1629 etiam
571 1596 762 1634 Octaviani,

68 1655 177 1689 quam
200 1646 258 1679 illo
278 1648 439 1688 tempore
467 1647 524 1678 vix
548 1646 765 1677 convenien-

6 1701 11 1705 '
68 1698 143 1729 tem
151 1695 209 1728 vel
219 1694 433 1737 prudentem
445 1695 636 1727 iudicasset
644 1695 761 1734 poeta.

68 1747 254 1778 Praeterea
286 1744 391 1777 totius
420 1744 586 1776 carminis
609 1742 707 1776 color
728 1743 765 1774 et

68 1803 188 1828 sermo
210 1794 331 1826 nescio
354 1793 440 1834 quid
462 1792 572 1824 habet
596 1790 760 1824 iuvenile.

71 1861 108 1868 -
125 1843 284 1876 Graviter
299 1851 384 1875 suos
399 1844 495 1875 cives
510 1842 669 1882 increpat
683 1848 765 1882 pro-

69 1894 151 1936 pter
172 1900 271 1925 arma
288 1891 400 1924 civilia
423 1891 541 1923 denuo
563 1891 717 1930 sumpta.

0 1966 2 1968 v
111 1941 185 1974 4-3.
213 1945 273 1974 mat
294 1941 367 1983 cur]
391 1940 668 1981 Cuninghamius
690 1947 766 1970 ma-

67 1989 165 2023 lebat
199 1994 231 2023 et
262 2000 340 2029 eur,
376 1990 473 2031 quod
499 1991 604 2034 *esset
635 1996 764 2029 prosae

68 2040 235 2072 orationis
257 2048 366 2081 quam
397 2038 660 2075 sedatissimae;
698 2037 766 2068 im-

35 2104 54 2120 ·-
67 2090 254 2131 petuosam
275 2097 342 2121 suo
367 2089 444 2120 iure
466 2086 631 2129 praetulit
646 2087 763 2128 poeta.

2 2157 3 2161 =
67 2138 180 2170 Nemo
194 2138 316 2170 tamen
331 2136 377 2169 illi
393 2136 663 2177 obtemperavit,
682 2144 764 2167 cum

68 2188 193 2220 oona-a
214 2186 325 2228 Epod.
350 2187 389 2225 5,
418 2186 451 2218 3.
475 2185 638 2227 plerique
660 2193 766 2216 rece-

31 2235 339 2281 Vperintetqm'd
369 2243 435 2276 pro
466 2238 527 2266 aut
560 2234 662 2274 quid,
699 2234 765 2265 etsi

71 2284 120 2316 ibi
140 2293 283 2326 quoque
306 2285 418 2316 oratio
441 2285 496 2316 est
518 2282 703 2315 turbatior.
725 2299 760 2305 -

70 2333 204 2375 ”deson
227 2332 386 2376 ἐναγεῖς.
411 2332 475 2365 Od.
494 2333 531 2371 4,
555 2333 596 2370 2,
620 2332 679 2364 29;
705 2331 767 2363 Cui

71 2382 163 2415 dabit
187 2386 304 2423 partes
332 2383 436 2414 scelus
456 2382 618 2422 expiandi
648 2381 766 2420 luppi—

70 2430 144 2464 ter?
173 2431 295 2471 0d.⁴‚
328 2431 389 2470 35,
414 2431 468 2463 35.
506 2430 569 2462 Od.
595 2431 633 2469 2,
668 2430 705 2467 4,
730 2430 763 2461 5.

74 2498 111 2504 -—
132 2480 310 2522 Aptavaur]
334 2489 419 2512 «cur
441 2479 544 2521 gladii
567 2478 684 2510 denuo
701 2477 766 2510 de-

0 2541 2 2543 *
73 2529 340 2570 stringunturva
364 2529 528 2570 Proprie:
556 2528 622 2559 «ita
638 2527 673 2559 in
690 2535 767 2558 ma-

74 2586 141 2611 nus
164 2580 369 2617 sumuntur,
404 2579 444 2609 ut
473 2577 519 2609 ad
552 2577 643 2608 ictus
676 2575 767 2608 inle-

74 2626 205 2659 rendos
227 2625 363 2659 habiles
385 2627 488 2658 sint.»
523 2626 658 2657 Seneca
682 2625 768 2666 Hip-

814 1200 884 1242 pol.
920 1201 1007 1235 534:
1044 1203 1121 1234 Non
1154 1212 1255 1235 mma
1286 1212 1390 1235 saeva
1420 1204 1514 1236 nuile:

814 1251 953 1290 aptabat
978 1260 1095 1283 manu.
1122 1270 1160 1274 —
1183 1252 1325 1292 conditi]
1357 1254 1512 1294 «vaginis

814 1299 1116 1332 inclusisso-Acnox.
1136 1301 1228 1342 (post
1242 1301 1416 1342 proelium
1432 1302 1512 1334 Phi-

813 1348 973 1390 lippense
1001 1359 1033 1381 a.
1050 1359 1087 1382 u.
1105 1359 1137 1382 c.
1155 1351 1245 1390 742.)
1275 1369 1312 1374 -
1335 1351 1510 1390 Nepumus

812 1397 1019 1439 frequenter
1048 1408 1069 1430 a
1102 1399 1217 1440 poetis
1250 1407 1315 1440 pro
1349 1400 1438 1432 mari
1473 1401 1513 1433 et

812 1456 878 1489 pro
900 1449 1025 1488 quavis
1047 1457 1139 1489 aqua
1161 1449 1314 1490 ponitur.

855 1498 887 1529 5.
913 1497 945 1529 6.
979 1498 1074 1538 Non]
1101 1498 1168 1529 «Et
1191 1497 1338 1539 quidem
1360 1506 1430 1530 non
1454 1497 1511 1530 fu-

813 1554 873 1578 sus
897 1547 952 1578 est
974 1547 1116 1586 sanguis
1139 1546 1213 1585 ille,
1238 1549 1278 1578 ut
1299 1548 1391 1578 cet.»
1435 1546 1511 1579 Noli

812 1604 920 1627 unam
957 1595 1146 1636 periodum
1180 1596 1386 1628 continuare
1419 1604 1440 1627 a
1474 1605 1508 1627 v.

813 1645 908 1676 4-40.
927 1661 965 1667 -
989 1644 1133 1685 invidae]
1156 1643 1224 1677 Sal.
1243 1645 1318 1677 Cat.
1338 1645 1396 1676 ⁴0:
1418 1645 1511 1678 Kar-

811 1694 911 1734 mago
944 1694 1078 1725 amula
1128 1694 1249 1734 §ssipen
1281 1694 1434 1726 Romani.
1471 1712 1510 1718 -

811 1751 907 1774 arcer
932 1743 1056 1784 ureret]
1094 1744 1154 1774 «ut
1186 1743 1318 1775 factum
1346 1744 1401 1775 est
1429 1744 1510 1774 ante

812 1792 877 1824 hos
902 1792 971 1824 CV.
997 1801 1142 1824 annos.»

855 1842 886 1873 7.
911 1841 944 1874 8
979 1842 1141 1883 Intactas]
1173 1842 1302 1874 «armis
1324 1841 1507 1879 Romanis,

812 1890 849 1923 id
871 1893 941 1929 est,
968 1891 1127 1922 nondum
1149 1890 1406 1932 perdomitus.»
1443 1889 1507 1922 Od.

812 1939 851 1978 3,
869 1938 929 1979 24,
954 1940 993 1971 4.
1040 1939 1211 1971 Intactis·
1227 1939 1401 1971 rhesum-is
1424 1939 1512 1970 Ara-

812 1988 900 2020 bum.
938 2006 975 2011 —
1010 1988 1225 2028 descenderet]
1260 1988 1332 2020 Cic.
1357 1987 1403 2019 ad
1436 1989 1506 2019 Att.

812 2038 849 2076 4,
877 2038 912 2070 3:
951 2046 1028 2069 ουηι
1048 2038 1160 2069 Sacra
1179 2038 1238 2069 via
1259 2037 1506 2076 descenderem,

812 2088 975 2119 irtsecutus
990 2090 1036 2118 est
1057 2095 1120 2118 me.
1140 2104 1179 2109 —
1198 2087 1309 2118 «Cum
1325 2095 1345 2117 e
1361 2086 1507 2126 regione

812 2135 1060 2177 amphitheatri
1082 2134 1204 2174 Flavii,
1230 2135 1321 2166 inter
1335 2133 1508 2175 templum

812 2185 911 2217 Pacis
934 2193 977 2216 ac
1007 2182 1179 2224 templum
1202 2183 1350 2215 Veneris
1373 2184 1411 2214 et
1438 2183 1510 2214 Ro-

813 2242 915 2270 mae,
954 2232 1015 2265 ubi
1049 2241 1143 2264 nunc
1177 2234 1232 2264 est
1265 2229 1437 2272 templum
1471 2231 1505 2262 S.

813 2283 941 2316 Mariae
970 2290 1103 2320 novae,
1138 2282 1216 2322 quis
1246 2279 1509 2321 ingrediebatur

813 2332 956 2363 Sacram
989 2331 1103 2369 viam,
1142 2329 1268 2362 leniter
1300 2328 1510 2360 descendebat

813 2388 926 2420 usque
950 2379 995 2411 ad
1021 2377 1192 2419 templum
1208 2378 1346 2410 Antonii
1367 2379 1403 2408 et-
1417 2377 1509 2408 Fau·

813 2430 944 2466 stinae;
975 2427 1057 2460 inde
1085 2426 1212 2459 leniter
1232 2434 1357 2458 rursus
1379 2434 1508 2457 ascen-

813 2477 922 2510 debat
943 2485 1057 2517 usque
1074 2475 1121 2508 ad
1135 2483 1258 2507 arcum
1274 2474 1431 2515 Septimii
1446 2475 1506 2506 Se-

813 2527 899 2559 veri.
925 2527 973 2559 Ex
988 2526 1088 2567 porta
1099 2522 1312 2565 Triumphali
1328 2531 1394 2564 per
1405 2523 1508 2555 Cam-

814 2584 900 2617 pum
923 2574 1102 2612 Martium,
1127 2572 1337 2611 Velabrum,
1365 2572 1506 2604 Circum

815 2624 1005 2656 maximum
1035 2623 1070 2653 et
1099 2630 1168 2662 qua
1196 2629 1289 2653 nunc
1318 2622 1373 2652 est
1402 2628 1506 2651 arcus
