1722 2904
585 61 665 96 Lm.
689 60 745 95 111.
793 62 832 95 C.
856 60 959 94 xvn.

1427 55 1509 99 443

237 192 320 244 Qui
350 190 615 234 Formiarum
642 191 813 234 moenia
841 189 997 233 dicitur

291 271 497 329 Princeps
525 277 568 314 et
596 271 812 315 innantem
839 269 1023 313 Maricae

350 351 564 395 Litoribus
593 351 783 394 tenuisse
811 349 942 394 Lirim

238 458 341 500 Late
372 463 597 515 tyrannus:
627 481 685 488 —
712 469 809 499 cras
838 454 948 498 foliis
978 468 1130 498 nemus

166 585 174 589 ,
239 536 378 579 Multis
407 542 451 580 et
480 535 575 593 alga
602 535 701 579 litus
730 535 865 578 inutili

1386 534 1513 577 ·lo

290 615 489 660 Demissa
517 622 749 674 tempestas
779 615 834 660 ab
864 616 978 659 Euro

154 743 187 776 8.
213 742 306 775 Lirin
329 742 383 775 ct.
409 741 532 783 (codd.
549 741 680 783 Lirim.)

69 846 150 880 hilis
165 847 314 880 coniect.
339 847 431 879 ducit
452 846 660 888 praeferens
677 846 767 879 haec

69 897 229 940 scripsit:
256 897 413 929 «Exstitit
431 905 556 938 nuper,
574 897 634 937 qui
648 895 769 928 lectio·

69 955 155 979 nem
186 946 279 978 ducis
308 953 433 978 rursus
465 946 625 977 tueretur
653 945 768 977 hunc-

70 1003 140 1037 que
162 994 231 1028 loci
259 1002 406 1027 sensum
440 993 619 1026 traderet:
659 994 768 1026 “Si-

69 1044 216 1086 quidem
236 1044 384 1086 priores
398 1044 540 1076 Lamiae
569 1052 767 1084 eorumque

69 1095 219 1136 nepotes
241 1102 262 1126 a
293 1094 403 1126 Lamo
424 1094 522 1125 recte
552 1093 767 1125 denominati

70 1144 172 1183 sunt,
222 1143 260 1175 tu
297 1142 398 1175 ducis
434 1143 606 1183 originem
629 1142 675 1175 ab
704 1151 765 1182 eo,

70 1193 188 1234 qui».
211 1193 303 1224 eet.»
327 1192 426 1233 (sunt
447 1192 538 1224 haec
559 1193 669 1224 Iahnii
683 1201 768 1224 ver-

70 1241 143 1283 ba.)
168 1240 259 1274 «Sed
280 1241 317 1272 in
338 1240 406 1272 hac
420 1240 614 1273 verborum
631 1242 770 1274 iunctu-

70 1299 111 1322 ra
133 1298 204 1323 non
226 1298 333 1332 posse
357 1298 557 1332 pronomen
578 1294 616 1323 tu
641 1291 765 1331 omitti,

72 1341 213 1373 suamet
259 1340 336 1381 ipse
383 1340 671 1381 interpretatione
714 1341 770 1372 vir

75 1388 301 1421 doctissimus
342 1387 575 1421 declaravit.»
634 1389 769 1421 Verum

74 1438 288 1480 pronomina
316 1438 564 1480 oppositionis,
603 1439 639 1471 in
661 1447 770 1480 prosa

71 1488 184 1520 oratio
198 1488 461 1527 nenecessaria,
485 1497 506 1520 a
520 1489 635 1530 poetis
658 1489 770 1521 inter-

74 1536 161 1568 dum
183 1537 403 1569 omittuntur.
462 1536 532 1569 Cfr.
558 1537 622 1570 Od.
646 1538 686 1577 2,
713 1539 766 1578 47,

73 1585 139 1618 30:
166 1586 226 1627 (tu)
241 1587 770 1620 redderevictimas—-memen-

75 1638 132 1668 to:
165 1636 236 1668 Nos
267 1635 424 1667 lamuelem
446 1636 602 1676 ferienms
630 1646 767 1678 aquam.

114 1685 148 1717 7.
182 1685 346 1727 Maricae]
378 1685 468 1717 deae
491 1684 601 1719 litoris
623 1687 771 1719 Mintur-

72 1735 254 1775 nensium,
285 1736 381 1767 iuxta
408 1735 515 1767 Lirim
543 1735 770 1779 (Gan‘qliano)

71 1784 233 1816 fluvium.
279 1785 379 1816 Serv.
418 1784 465 1816 ad
507 1786 595 1817 Aen.
634 1786 673 1825 7,
712 1785 768 1818 47.

73 1833 200 1866 Circen
229 1833 277 1865 ita
308 1832 521 1875 appellatam
552 1833 659 1867 fuisse
689 1836 772 1876 post

72 1883 244 1922 mortem,
278 1884 319 1914 ut
348 1882 537 1915 Romulum
567 1884 768 1924 Quirinum,

73 1931 207 1964 Ledam
243 1933 431 1971 Nemesin,
467 1932 578 1964 refert
610 1934 767 1965 Lactant.

73 1981 198 2024 Institt.
223 1981 261 2021 4,
286 1982 340 2013 24.
387 1982 470 2015 Eius
499 1981 601 2015 lucus
631 1984 708 2015 erat
734 1983 771 2014 in

73 2030 151 2071 ipsa
179 2030 411 2064 Minturnensi
439 2032 590 2064 civitate.
639 2032 770 2064 «Huius

0 2064 2 2119 ᾗ
73 2079 178 2120 igitur
211 2080 396 2121 Nymphae
426 2079 587 2113 litoribus
618 2081 769 2120 innatat,

75 2137 118 2161 ea
132 2127 270 2170 placide
286 2129 439 2170 perfluit,
465 2130 570 2170 Liris,
599 2130 714 2162 donec
736 2131 772 2162 in

76 2186 176 2211 mare
193 2179 329 2210 exeat.»
354 2178 536 2211 Claudian.
561 2179 606 2211 de
630 2179 773 2212 Probini

76 2228 113 2259 et
148 2226 283 2268 Olybrii
322 2228 428 2261 cons.
473 2228 558 2260 259:
603 2229 775 2260 Eridanus

74 2278 247 2318 flavaeque
283 2279 391 2308 terens
427 2280 582 2317 querceta
621 2278 774 2310 Maricae

75 2326 181 2365 Liris,
205 2325 267 2357 ubi
289 2326 404 2367 prima
420 2325 556 2367 syllaba
572 2327 770 2367 corripitur.

76 2375 154 2406 Non
182 2376 302 2407 tamen
331 2377 478 2416 propter
507 2375 599 2407 hanc
620 2376 772 2408 Maricae

77 2424 114 2455 et
146 2423 234 2456 Liris
267 2424 502 2462 mentionem,
539 2433 631 2465 quae
666 2433 774 2456 orna-

78 2474 199 2504 mento
222 2473 466 2505 tantummodo
482 2474 644 2513 inservit,
669 2474 772 2506 cuius

78 2529 146 2563 ope
180 2522 278 2562 grata
313 2522 583 2554 amoenissimae
621 2522 773 2563 regionis

79 2570 218 2612 species
241 2570 343 2602 nobis
366 2572 448 2602 ante
463 2570 585 2603 oculos
607 2573 770 2613 ponatur,

80 2619 307 2653 statuendum
330 2621 384 2652 est
400 2628 481 2652 cum
498 2619 685 2660 nonnullis,
712 2622 774 2653 La-

817 846 926 879 miam
947 846 982 878 in
1004 854 1067 878 ora
1098 845 1313 887 Campaniae
1343 847 1429 879 tune
1453 846 1516 880 de-

816 896 908 936 gisse
932 896 1158 937 suaviterque
1184 896 1394 928 rustieatum
1418 904 1513 935 esse,

815 945 933 977 minus
949 946 1058 978 etiam
1073 945 1255 978 Horatium
1269 946 1375 978 tacite
1387 944 1517 986 signifi-

817 1002 900 1026 care
921 1002 960 1026 se
983 994 1169 1026 convivam
1185 1003 1205 1026 a
1223 995 1342 1028 Lamia
1354 1003 1434 1028 cras
1454 993 1517 1026 ad·-

816 1043 931 1075 hiberi
946 1042 1048 1076 velle.
1066 1043 1203 1076 Bellum
1218 1043 1378 1086 profecto
1393 1044 1517 1077 fuisset

816 1094 884 1126 iter
911 1101 955 1125 ex
978 1101 1050 1125 uno
1074 1092 1131 1125 die
1159 1093 1195 1125 in
1219 1092 1371 1126 alterum
1391 1092 1449 1126 vel
1472 1101 1517 1125 ex

817 1142 947 1175 Sabino
965 1141 1022 1174 vel
1046 1151 1091 1174 ex
1113 1142 1204 1175 Urbe
1228 1143 1264 1175 in
1284 1143 1518 1184 Campaniam

815 1193 962 1234 propter
984 1199 1093 1224 unam
1110 1191 1315 1224 coenulam!
1340 1193 1516 1224 Locorum

816 1240 975 1282 profecto
1004 1249 1132 1283 parum
1162 1249 1302 1273 memor
1334 1241 1416 1280 tuit,
1456 1240 1517 1281 qui

816 1291 922 1323 istam
942 1290 1272 1332 interpretationem
1293 1290 1514 1331 excogitavit.

818 1340 869 1373 cf.
897 1339 944 1372 ad
966 1348 1001 1371 v.
1028 1340 1083 1372 46.

866 1390 898 1422 9.
943 1389 1026 1421 Late
1067 1388 1249 1430 tyrannus]
1298 1387 1516 1427 dominator,

818 1435 1055 1486 εὗρυκρείων.
1108 1440 1165 1472 Sic
1203 1439 1346 1472 Hesiod.
1381 1440 1514 1480 Theog.

817 1489 902 1523 486:
926 1484 1116 1535 Οὐρανίδῃ
1138 1489 1221 1532 μέγ’
1238 1484 1388 1522 ἄνακτι.
1421 1490 1516 1531 virg.

817 1540 905 1571 Aen.
931 1539 971 1579 4,
1005 1539 1069 1570 2⁴:
1103 1539 1268 1578 populum
1296 1539 1364 1571 late
1390 1547 1515 1580 regem.

818 1587 917 1620 ovid.
938 1588 1081 1620 Heroid.
1110 1588 1218 1629 Epist.
1242 1589 1303 1628 47,
1320 1589 1381 1620 57;
1404 1589 1514 1628 Phry·

816 1637 895 1679 aiae
927 1636 994 1669 late
1025 1637 1216 1677 primordia
1247 1637 1364 1678 aeneis.
1411 1636 1519 1670 Plini-

818 1694 861 1718 us
884 1686 973 1727 Epp.
999 1685 1038 1725 3,
1063 1687 1104 1718 5:
1135 1687 1289 1726 Drusus,
1315 1687 1518 1719 Germaniae

818 1735 976 1767 latissime
1003 1735 1122 1767 victor.
1169 1736 1265 1767 Haec
1288 1736 1518 1777 potissimum

820 1779 1015 1829 ὑπερβολὴ
1031 1784 1142 1816 iocosi
1157 1785 1279 1816 nescio
1295 1784 1380 1825 quid
1395 1783 1516 1816 habet.

821 1850 860 1856 —
882 1842 999 1865 nemus
1016 1850 1037 1857 ·-
1056 1851 1076 1857 -
1090 1833 1283 1874 Stemet]«
1266 1833 1443 1865 «nemoris
1466 1841 1523 1865 so-

819 1880 895 1914 lum
945 1883 1185 1915 consternet.»
1242 1882 1327 1915 Mire
1375 1881 1523 1923 quidam

821 1930 1002 1964 cavillatus
1025 1933 1081 1964 est
1099 1932 1301 1965 Horatium:
1344 1933 1517 1970 «Nemus,

821 1981 950 2022 inquit,
981 1981 1144 2021 privatur
1166 1979 1271 2020 foliis,
1305 1989 1377 2012 non
1398 1979 1522 2012 stemi-

820 2033 911 2062 twr.»
954 2031 1061 2069 Quasi
1084 2039 1171 2062 vero
1194 2038 1266 2062 non
1288 2030 1334 2062 sit
1351 2030 1388 2062 h.
1416 2028 1440 2062 l.
1466 2029 1522 2062 fa-

826 2078 997 2112 cillimum
1018 2087 1180 2120 zeugma.

865 2128 920 2160 40.
939 2129 993 2160 44.
1018 2128 1240 2169 alga-inutili]
1263 2127 1392 2160 «cuius
1406 2126 1524 2160 nullus

822 2179 877 2210 est
909 2186 1014 2217 usuS,
1053 2178 1119 2210 nisi
1149 2177 1239 2210 forte
1269 2177 1316 2209 ad
1346 2176 1523 2210 laetamen

820 2227 904 2259 inde
926 2226 1142 2259 faciendum.
1175 2225 1314 2267 (Pallad.
1338 2227 1440 2259 Mart.
1466 2227 1520 2265 40,

823 2276 911 2317 43.)»
942 2276 1031 2308 Hinc
1053 2275 1286 2318 proverbium
1306 2276 1408 2308 vilior
1428 2276 1520 2317 alga.

822 2327 892 2358 Sat.
917 2326 956 2365 2,
988 2326 1027 2365 5,
1056 2326 1088 2358 8.
1119 2327 1156 2358 et
1183 2326 1277 2367 Virg.
1300 2324 1373 2358 Ecl.
1397 2326 1432 2364 7,
1465 2325 1520 2358 42.

821 2376 873 2407 De
896 2383 936 2406 re
961 2374 1005 2406 cf.
1036 2374 1133 2407 lliad.
1159 2375 1197 2415 9,
1223 2375 1266 2407 6:
1304 2371 1446 2417 ἄμυδις
1479 2373 1522 2407 δέ

822 2433 863 2455 τε
908 2421 1015 2466 κῦμα
1063 2421 1240 2457 κελαινὸν
1284 2421 1520 2479 Κορθύεται,

823 2470 967 2505 πολλὸν
987 2471 1030 2505 δὲ
1052 2471 1173 2520 παρὲξ
1187 2468 1263 2505 ἅλα
1277 2471 1406 2513 φῦκος
1419 2469 1525 2511 ἔχευ-

822 2517 1064 2564 αν(ἆ’νεμοι).
1086 2541 1122 2546 -
1153 2522 1317 2564 Demissa]
1344 2522 1522 2564 «desuper

823 2572 1015 2607 immissa.»
1046 2589 1083 2596 —-
1106 2572 1218 2614 Euro]
1243 2574 1369 2605 Perses
1392 2572 1427 2604 in
1450 2573 1523 2604 An-

822 2620 906 2653 thol.
928 2619 997 2653 Pal.
1022 2622 1046 2653 1.
1074 2630 1108 2663 p.
1133 2621 1216 2655 460:
1242 2616 1371 2667 Ευρου
1394 2622 1524 2663 χειμέ-
