1722 2904
168 84 250 124 688

696 87 867 124 HORATn
893 90 1063 122 EPODON

448 193 579 235 Sacra
610 200 830 237 catenatus
862 193 951 243 via,

394 272 480 315 Sed
510 279 556 315 ut
586 273 826 317 secundum
855 280 955 316 vota
985 271 1238 316 Parthorum
1268 287 1347 317 sua

449 353 559 397 Urbs
589 353 698 398 haec
728 355 890 412 periret
920 353 1131 396 dextera?

1567 355 1620 399 40

391 435 541 491 Neque
571 433 642 478 hic
672 435 785 492 lupis
818 448 911 477 mos
942 447 1022 478 nec
1052 434 1128 477 fuit
1156 433 1354 478 leonibus

448 515 644 572 Unquam
674 515 755 558 nisi
786 515 830 557 in
859 514 1007 572 dispar
1036 514 1150 558 feris.

389 597 581 638 Furorne
613 609 798 646 caecus,
836 609 891 638 an
921 595 1033 653 rapit
1061 595 1126 639 vis
1157 596 1335 640 acrior?

253 698 305 729 ⁴2.
333 696 485 736 Unquam
507 695 605 728 BbSc
629 698 665 728 et
687 705 812 728 omnes
837 696 1008 736 Pottierii,
1032 695 1164 738 Aldus,
1183 697 1301 731 LCtF:
1325 698 1510 740 Nunquam
1526 709 1570 732 ex

208 747 272 779 Ed.
296 747 385 778 Ven.
414 745 510 778 4490.
535 745 714 778 Bentleius
737 747 774 778 et
796 747 841 779 M.

890 746 942 787 (Ut
965 754 1049 786 nos,
1073 746 1117 787 J.)
1156 765 1192 770 -
1226 747 1317 790 feris]
1340 757 1444 790 aenas
1467 758 1571 782 «cum

209 794 484 838 compluribus»,
510 797 549 827 ut
564 796 627 834 ait,
655 795 772 828 «libris
800 804 908 829 manu
934 795 1093 836 scriptis»
1121 795 1245 829 Lamb.
1279 797 1437 839 (Videtur
1458 797 1575 840 glossa

208 846 252 878 ad
267 855 300 878 v.
319 845 462 886 dispar.)
487 863 523 868 —
548 845 584 877 ni
600 845 635 877 in
656 846 806 886 dispares
826 846 918 887 feras
933 843 1140 878 Pelisserius
1156 845 1252 888 apud
1268 847 1435 880 eundem.
1456 866 1493 871 —
1519 848 1572 880 43.

207 905 324 928 caecus
346 896 455 934 Bbsc,
475 896 591 927 LCtF:
616 904 731 927 caecos
745 894 779 935 λ,
805 895 875 927 duo
891 894 1081 934 Torrentii,
1107 893 1273 936 (Oberlini
1288 896 1345 938 B,)
1368 896 1501 937 Bentl,
1525 898 1571 931 M.

165 983 399 1021 Constantini,
424 984 483 1024 qui
499 982 767 1025 triumphabant
782 982 863 1014 inde

162 1042 228 1074 per
239 1033 331 1064 hanc
339 1033 434 1064 viam
441 1033 688 1074 procedebant
697 1040 811 1073 usque
819 1031 865 1064 ad

162 1082 280 1114 locum
297 1091 401 1115 arcus
418 1083 577 1124 Septimii
601 1083 742 1122 Severi,
768 1082 863 1114 unde

162 1133 291 1174 captivi
315 1131 586 1164 dimIttebantur
608 1132 654 1164 ad
679 1132 862 1164 dexteram

162 1182 196 1213 in
219 1182 421 1223 proximum
438 1191 624 1214 carcerem
645 1180 860 1220 Tullianum;

162 1232 422 1273 triumphantes
451 1240 518 1273 per
544 1231 675 1264 clivum
698 1230 865 1273 Capitoli-

161 1290 247 1313 num
265 1281 311 1313 ad
327 1280 464 1314 laevam
482 1281 727 1314 ascendebant
743 1280 789 1313 ad
802 1281 867 1313 Ca-

160 1329 355 1372 pitolium.»
373 1331 452 1363 FEA.
467 1332 538 1364 Cic.
550 1332 649 1363 Verr.
661 1330 736 1363 Lib.
752 1332 785 1370 5,
799 1331 860 1363 30:

161 1381 218 1419 qui
247 1380 470 1420 triumphant,
501 1389 602 1420 eoque
626 1381 750 1412 diutius
771 1380 864 1412 vivos

159 1430 301 1461 hostium
329 1431 427 1462 duces
456 1433 645 1470 reservant,
670 1448 689 1453 -
711 1448 731 1453 —
753 1433 864 1462 tamen

159 1488 236 1510 cum
262 1480 301 1511 de
326 1479 401 1520 foro
428 1480 463 1511 in
493 1480 694 1520 Capitolium
724 1489 864 1511 currum

158 1529 288 1569 flectere
310 1529 490 1569 incipiunt,
526 1529 599 1561 illos
622 1529 698 1561 duci
724 1529 759 1560 in
782 1538 863 1560 car-

159 1587 267 1609 cerem
282 1578 392 1610 iubent
399 1587 411 1616 ;
435 1579 586 1618 idemque
601 1579 669 1611 dies
683 1582 714 1610 et
727 1579 864 1610 victori-

160 1627 218 1658 bus
225 1628 357 1668 imperii
365 1631 396 1659 et
403 1629 498 1660 victis
505 1628 595 1660 vitae
603 1629 704 1670 finem
713 1628 807 1669 facit.
822 1646 859 1650 —

159 1677 269 1709 Sacra
281 1678 357 1716 via,
385 1678 496 1718 (cuius
513 1677 647 1710 incolae
664 1677 864 1709 Sam-avien-

158 1735 207 1758 ses
237 1726 484 1768 dicebantur,)
532 1728 612 1768 quia
652 1727 700 1759 ibi
737 1727 861 1759 foedus

159 1777 266 1808 ictum
276 1777 351 1808 erat
363 1776 456 1808 inter
462 1775 651 1808 Romulum
664 1777 700 1808 et
708 1777 858 1809 Tatium.

203 1826 234 1857 9.
254 1826 307 1858 40.
335 1826 524 1867 secundum]
543 1825 673 1858 eodem
688 1835 769 1866 usu,
789 1834 860 1867 quo

159 1874 232 1907 Cic.
258 1874 304 1906 ad
328 1876 396 1907 Att.
423 1875 482 1915 46,
510 1875 551 1907 46
574 1876 620 1907 E:
666 1884 752 1916 quae
779 1884 861 1907 cou-

157 1924 242 1956 sules
265 1925 480 1956 decreverunt
501 1926 680 1957 secundum
704 1924 862 1957 Caesaris

158 1974 289 2005 decreta
312 1977 342 2005 et
364 1983 533 2014 responsa.
560 1983 614 2016 pr.
632 1975 669 2006 in
690 1974 791 2015 Folqe
805 1974 862 2005 des

160 2023 349 2055 Wunsches.
370 2042 405 2047 —
430 2033 493 2056 sua
504 2042 526 2065 ἵ
534 2042 553 2048 -
566 2024 716 2066 dextera]
735 2023 860 2055 Differt

157 2071 394 2113 aliquantum,
435 2073 531 2114 quod
564 2072 678 2105 solent
708 2072 857 2112 afferre,

157 2121 268 2162 Epod.
289 2122 348 2162 ⁴6,
363 2123 401 2155 2:
428 2123 504 2154 Suis
518 2123 639 2163 etipsa
654 2123 758 2155 Roma
772 2122 859 2154 viri-

157 2170 217 2202 bus
226 2171 314 2211 ruit,
339 2171 435 2212 quod
457 2172 629 2213 significat
646 2172 774 2204 «nimia
790 2172 860 2204 im-

156 2221 245 2262 perii
258 2220 350 2253 mole
363 2230 393 2259 3»
411 2221 446 2253 h.
462 2221 484 2253 l.
505 2222 634 2253 «armis
649 2221 857 2253 intestinis.»

202 2271 255 2301 Μ.
282 2271 335 2302 42.
375 2271 539 2311 Unquam]
570 2271 626 2303 Sic
650 2270 762 2303 Codd.
785 2271 859 2303 noti

158 2321 193 2351 et
223 2319 285 2351 Ed.
312 2320 399 2352 Ven.
439 2319 534 2352 4481.
574 2321 758 2360 Nunquam
791 2320 855 2353 Ed.

156 2369 243 2400 Ven.
280 2368 376 2401 4490.
413 2378 535 2402 merus
573 2370 628 2402 est
665 2377 857 2410 operarum

157 2427 273 2457 error,
310 2427 330 2450 a
354 2419 491 2451 Criticis
516 2419 620 2450 nimis
646 2418 773 2460 cupide
798 2427 858 2450 ar-

156 2469 289 2508 reptus.
322 2468 517 2500 construe:
557 2469 671 2508 Neque
702 2468 755 2500 hie
787 2477 858 2500 mos

154 2524 306 2555 unquam
326 2518 391 2558 fuit
418 2517 498 2558 feris
520 2518 607 2557 lupis
630 2526 689 2549 nec
712 2517 857 2549 leonibus

155 2566 218 2596 nisi
246 2567 281 2597 in
304 2567 420 2606 dispar
444 2566 591 2607 (genus).
616 2567 656 2598 V.
673 2566 754 2607 feris
776 2567 856 2608 qui-

157 2614 240 2646 dem
251 2615 318 2647 hac
330 2616 465 2647 ratione
478 2609 626 2657 propter
638 2616 751 2657 ipsam
762 2618 854 2658 posi-

156 2663 286 2695 tionem
304 2664 480 2705 aliquanto
502 2665 647 2697 otiosius
675 2665 853 2698 adiectum

913 981 1072 1021 videtur,
1098 982 1164 1014 sed
1188 983 1456 1016 excusationem
1471 983 1617 1016 habeta
1684 993 1687 995 ’

915 1032 1040 1072 poetae
1062 1032 1178 1064 aetate
1202 1031 1356 1066 iuvenili.
1406 1033 1618 1075 (Quinetiam

915 1080 1042 1113 Hossio
1059 1082 1096 1112 et
1109 1079 1380 1123 Dillenburgero
1395 1091 1432 1115 v.
1449 1083 1531 1124 feris
1543 1092 1619 1116 ma-

915 1138 983 1171 gno
1004 1138 1086 1162 cum
1109 1130 1269 1171 pondere
1285 1132 1500 1165 senteutiam
1514 1132 1618 1165 vide-

914 1181 972 1211 tur
988 1179 1175 1220 claudere,
1193 1181 1233 1213 ut
1246 1190 1360 1224 prope
1375 1182 1474 1215 idem
1489 1182 1619 1216 efficiat

915 1238 957 1261 ac
984 1230 1013 1262 si
1040 1230 1212 1272 scriptum
1236 1231 1303 1264 sit:
1343 1231 1402 1272 qui
1417 1234 1530 1264 tamen
1549 1230 1614 1274 feri

913 1278 1015 1321 sunt.)
1050 1279 1229 1313 Bentleius
1245 1281 1297 1313 sic
1320 1281 1532 1314 construxit:
1556 1291 1618 1315 ne-
1675 1301 1683 1305 -

913 1337 977 1369 que
998 1329 1050 1361 hic
1070 1338 1143 1361 mos
1155 1329 1222 1371 fuit
1235 1330 1322 1370 lupis
1335 1339 1441 1372 neque
1452 1330 1612 1372 leonibus,

914 1385 1087 1419 nunquam
1117 1379 1198 1420 feris
1228 1380 1294 1412 nisi
1325 1380 1362 1412 in
1384 1381 1517 1421 dispar-3
1549 1381 1613 1414 ubi

913 1428 1022 1461 sentis
1056 1437 1122 1470 pro
1155 1429 1316 1470 perfecto
1351 1431 1483 1472 requiri
1506 1438 1617 1472 prae-

913 1487 995 1511 sens
1011 1480 1170 1520 tempus,
1188 1479 1224 1512 id
1240 1479 1339 1521 quod
1353 1479 1410 1513 ille
1427 1479 1617 1514 occultavit

913 1527 964 1560 sic
1000 1536 1192 1561 enarrans:
1234 1538 1300 1561 une
1339 1528 1431 1571 lupis
1467 1529 1615 1571 quidem

913 1577 949 1608 et
963 1575 1126 1610 leonibus
1141 1577 1200 1611 hic
1215 1586 1295 1611 mos
1322 1587 1342 1611 e
1355 1587 1373 1612 s
1383 1580 1399 1611 t
1412 1604 1419 1619 ‚
1445 1579 1508 1620 qui
1522 1587 1616 1611 nun-

913 1634 1022 1667 quam
1066 1626 1130 1659 feri
1164 1628 1201 1659 et
1233 1629 1330 1660 saevi
1363 1629 1447 1661 sunt
1474 1629 1541 1662 nisi
1578 1629 1615 1660 in
1663 1651 1667 1654 -

912 1675 1062 1716 (animal)
1080 1675 1235 1718 dispar.»
1254 1693 1292 1700 —
1308 1678 1346 1710 in
1360 1676 1487 1720 dispar]
1511 1677 1612 1711 Cous.

911 1724 974 1757 Od.
990 1725 1022 1765 3,
1042 1725 1095 1765 ⁴2,
1115 1726 1176 1758 40:
1206 1735 1270 1767 per
1283 1729 1451 1767 apertum.
1478 1745 1514 1750 —-
1543 1728 1614 1760 Lo-

911 1783 975 1807 cus
992 1776 1112 1808 autem
1126 1775 1184 1808 hic
1199 1777 1399 1810 communis
1414 1776 1511 1809 haud
1530 1784 1613 1809 raro

910 1823 955 1856 ab
972 1824 1126 1865 antiquis
1142 1826 1315 1858 tractatus
1331 1827 1398 1859 est.
1416 1825 1502 1859 Plin.
1517 1826 1558 1858 H.
1569 1827 1610 1859 N.
1676 1819 1679 1853 j
1719 1836 1720 1839 ¹

911 1874 942 1905 7.
967 1874 1080 1906 Praef.
1100 1875 1203 1907 extu:
1227 1875 1374 1908 Leonum
1394 1876 1514 1918 feritas
1527 1876 1614 1908 inter

909 1931 943 1955 se
964 1932 1032 1955 non
1057 1923 1214 1964 dimicat,
1249 1925 1450 1966 serpentium
1481 1933 1614 1958 morsus

909 1982 977 2004 non
993 1973 1079 2013 petit
1098 1977 1276 2014 sementes,
1300 1983 1342 2007 ne
1355 1975 1464 2007 maris
1478 1975 1611 2014 quidem
1678 1992 1680 1994 v
1721 1985 1722 2008 1

909 2022 1024 2055 beluae
1045 2032 1087 2055 ac
1114 2024 1222 2064 pisces
1243 2024 1307 2057 nisi
1329 2025 1366 2057 in
1388 2025 1522 2057 diversa
1551 2035 1612 2067 ye-

908 2080 994 2104 nera
1031 2073 1194 2105 saeviunt.
1245 2073 1288 2106 At
1318 2074 1450 2106 hercule
1481 2074 1607 2106 homini

903 2121 1057 2162 plurima
1078 2131 1122 2154 ex
1143 2123 1273 2156 homine
1299 2126 1377 2156 sum
1395 2123 1502 2156 mala.
1542 2123 1611 2156 Se-

910 2180 998 2204 neca
1034 2172 1199 2205 Controv.
1228 2173 1271 2213 2,
1307 2172 1351 2205 9:
1390 2181 1496 2214 neque
1530 2173 1612 2215 feris

907 2222 995 2253 inter
1009 2229 1042 2253 se
1057 2221 1143 2254 bella
1156 2225 1244 2254 sunt.
1268 2222 1368 2255 Idem
1384 2223 1447 2264 Ep.
1465 2222 1508 2255 95
1518 2247 1527 2262 ,
1545 2222 1582 2255 3⁴
1598 2231 1606 2254 ε

907 2271 983 2303 Ncm
990 2271 1093 2311 pudet
1102 2271 1259 2312 hom‘nes,
1271 2272 1482 2305 utilissimum
1491 2280 1608 2314 genus,

906 2321 1054 2362 qaudere
1074 2321 1237 2362 sanquine
1257 2320 1409 2362 alterno,
1440 2320 1526 2353 bolla
1548 2329 1610 2363 ,qe-

906 2378 982 2402 rere
1003 2370 1213 2411 gerendaque
1227 2370 1338 2403 liberis
1352 2371 1509 2411 tradere,
1531 2378 1610 2403 eum

906 2419 995 2451 inter
1024 2428 1058 2451 se
1080 2420 1183 2452 etiam
1214 2416 1316 2452 muts
1347 2428 1390 2452 ae
1421 2420 1504 2462 fen‘s
1530 2426 1610 2461 pam

906 2468 971 2501 sit?
994 2468 1178 2501 Accedunt
1193 2477 1287 2501 nunc
1311 2477 1355 2501 ex
1378 2469 1520 2510 Hymno
1534 2470 1608 2502 An—

907 2518 1030 2550 driano
1054 2518 1089 2550 in
1121 2518 1222 2558 Isim,
1260 2526 1368 2560 quem
1391 2527 1507 2561 nuper
1529 2518 1608 2551 edi-

906 2567 958 2599 dit
987 2567 1161 2609 Sauppius
1188 2575 1311 2608 meus,
1335 2576 1393 2600 vv.
1419 2567 1463 2601 46
1485 2576 1603 2611 seqq„

905 2616 967 2649 uhi
996 2617 1062 2650 Isis
1084 2616 1170 2649 dicit
1192 2625 1231 2649 se
1255 2615 1440 2650 sustulisse
1465 2625 1509 2649 ex
1537 2617 1607 2649 ho-

906 2665 1059 2698 minibus
1083 2667 1243 2699 mutuam
1270 2665 1429 2710 ipsorum
1451 2666 1607 2700 devera-
