1722 2904
175 75 256 117 572

691 77 863 110 HORATII
884 77 1111 111 CARfflNUM

233 180 410 238 Frigora
439 179 667 223 mitescunt
696 179 924 239 Zephyris,
957 194 1034 224 ver
1064 179 1244 248 proterit
1273 186 1414 224 aestas

406 261 630 305 Interitura
644 295 652 311 ‚
685 261 811 304 simul

1571 261 1623 304 40

231 341 417 386 Pomifer
444 343 708 386 Auctumnus
738 342 882 400 fruges
913 342 1133 392 effuderit,
1171 349 1214 386 et
1242 356 1342 387 mox

400 424 560 466 Bruma
590 423 774 466 recurrit
802 423 929 466 iners.

231 530 396 572 Damna
424 534 567 571 tamen
597 527 763 571 celeres
793 534 996 585 reparant
1025 528 1228 572 caelestia
1255 528 1404 573 lunae:

401 609 508 659 Nos,
541 608 615 651 ubi
646 607 888 652 decidimus
903 643 911 659 ‚

264 760 318 792 40.
342 759 547 799 Imperitura
561 759 605 798 T,
630 767 702 800 quo
717 758 906 792 manifesto
930 768 1052 793 errore
1075 759 1178 793 valde
1202 759 1353 794 dubium
1373 760 1429 802 fit,
1461 762 1582 795 utrum

218 810 428 850 impermissa
451 808 514 841 Od.
540 808 578 847 3,
605 808 644 848 6,
676 809 730 841 27.
757 809 910 851 genuina
933 810 979 842 sit
1011 808 1116 843 lectio
1140 819 1264 844 necne.
1294 828 1331 834 —
1357 811 1411 844 42.
1435 815 1586 845 recurret

219 860 255 892 L.
285 859 408 900 (Codd.
438 859 510 891 mei
532 858 701 899 recurrit.)

176 1014 306 1056 Theog.
325 1014 400 1047 902.
427 1016 499 1047 tres
523 1014 614 1047 Iovis
637 1015 674 1047 et
695 1013 875 1047 Themidis

174 1063 286 1104 filiae,
322 1059 499 1107 Εὗνομίη
533 1072 574 1096 τε
607 1062 704 1107 Δίκη
733 1073 775 1096 τε
809 1064 875 1096 καὶ

174 1111 321 1160 Εἰρήνη
367 1112 585 1155 τεθαλυῖα.)
632 1133 668 1138 -
712 1113 874 1155 proterit]

176 1162 316 1205 «pellit,
358 1163 480 1205 fugat»
527 1162 671 1205 (dranyt
712 1163 872 1205 zuruck).

174 1213 408 1254 Aptissimum
442 1221 527 1245 sane
563 1214 619 1246 est
645 1212 798 1245 verbum
830 1213 875 1245 de

174 1262 299 1304 rapido
329 1263 424 1295 veris
458 1263 494 1295 in
523 1264 698 1295 aestatem
727 1263 876 1295 transitu

174 1313 211 1344 in
233 1311 341 1345 Italia.
389 1312 555 1346 Martialis
577 1314 615 1352 2,
641 1312 700 1353 46,
725 1313 768 1345 2:
795 1312 878 1345 Cum

174 1361 270 1394 breve
292 1362 451 1395 Sicaniae
470 1371 531 1395 ver
547 1362 757 1403 populantur
784 1370 875 1402 apes.

178 1430 215 1434 —
231 1412 376 1453 Pomifer
397 1412 614 1452 Auctumnus]
642 1411 694 1444 Cf.
714 1411 823 1453 Epod.
842 1411 875 1450 2,

177 1461 218 1493 47
231 1470 285 1502 sq.
307 1480 343 1485 —
367 1461 492 1502 fruges]
511 1461 556 1494 de
573 1461 744 1494 arborum
760 1460 879 1492 fructi-

174 1509 255 1543 bus.
290 1510 360 1543 Cfr.
382 1510 592 1543 Cornificius
607 1510 702 1552 apud
718 1510 816 1542 Serv.
831 1509 878 1542 ad

175 1561 236 1592 Ge.
257 1560 293 1599 4,
319 1560 385 1592 55:
418 1563 456 1592 ut
476 1560 582 1602 folia,
617 1568 705 1600 quae
725 1560 879 1601 fruyibus

174 1608 325 1640 arboreis
361 1609 508 1650 tegmina
549 1609 744 1650 yiynwntur.
797 1608 879 1641 Cal-

173 1659 323 1700 purnius
346 1658 418 1691 Ecl.
435 1659 456 1691 8
469 1684 476 1698 ‚
496 1659 560 1690 67:
587 1659 741 1699 omnique
762 1668 807 1691 ecc
822 1669 879 1691 ar-

174 1708 252 1740 bore
275 1709 400 1749 fruqes.
427 1725 466 1731 —
492 1709 655 1749 effuderit]
674 1717 693 1740 e
710 1709 788 1741 sinu
812 1717 877 1741 suo

174 1756 231 1789 vel
256 1766 300 1790 ex
322 1757 530 1790 Amaltheae
555 1767 679 1790 cornu.
708 1777 745 1781 —
776 1759 876 1798 iners]

176 1806 281 1839 «nihil
293 1807 533 1848 producens.»
551 1807 615 1839 Od.
634 1808 666 1847 2,
685 1807 717 1847 9,
736 1809 776 1840 5:
801 1809 879 1849 yla-

173 1857 240 1889 cies
261 1857 362 1889 iners.
388 1857 482 1898 Virg.
508 1858 569 1889 Ge.
594 1858 630 1897 4,
655 1857 743 1890 299;
778 1858 879 1890 hiems

174 1907 302 1948 ignava
317 1906 443 1939 colono.
464 1906 542 1948 (Ein
558 1907 679 1948 eu2i'9er
691 1908 880 1940 unwirksa-

173 1965 247 1988 mer
264 1956 404 1989 Winter.
427 1957 576 1988 Gourfflz.
595 1957 633 1988 B.
647 1957 745 1989 XLII.
761 1958 794 1989 S.
809 1957 876 1998 25.)

219 2005 272 2037 43.
311 2005 364 2038 44.
399 2005 554 2045 Damna]
593 2006 710 2038 «Luna
734 2015 877 2048 quoque

176 2055 421 2088 decrescendo
453 2056 556 2096 quasi
587 2057 714 2088 damna
736 2057 875 2097 accipit,

175 2113 268 2145 quae
303 2107 413 2136 tamen
447 2112 594 2146 semper
630 2106 875 2146 reparantur.»

176 2154 242 2192 Qui
275 2154 460 2195 proposuit
502 2154 603 2186 etiam
635 2163 702 2196 pro
742 2157 875 2194 tamen,

174 2204 432 2236 sententiarum
448 2212 580 2236 nexum
597 2213 668 2236 non
684 2205 768 2237 satis
791 2213 878 2246 per—

174 2252 299 2294 spexit.
314 2270 351 2275 —
366 2253 485 2285 Lunae
501 2261 584 2285 cum
601 2254 728 2285 damna
742 2254 875 2294 tribuit,

175 2302 317 2343 proprie
342 2301 482 2335 locutus
506 2303 562 2334 est
584 2302 629 2335 de
654 2302 728 2343 illa,
769 2306 808 2335 ut
830 2304 878 2335 ait

177 2351 262 2384 Plin.
278 2348 319 2384 H.
335 2353 375 2384 N.
389 2353 423 2391 2,
438 2352 469 2392 9,
486 2353 517 2384 6.
532 2378 539 2393 ,
557 2356 738 2385 senescente
750 2362 879 2394 semper

176 2404 235 2433 aut
257 2405 430 2434 crescente.
464 2401 579 2435 Manil.
599 2402 636 2442 2,
656 2401 718 2435 94;
741 2402 792 2434 Ad
806 2404 877 2435 Lu-

175 2459 241 2482 nae
271 2454 398 2483 motwm
430 2452 569 2483 variant
601 2452 768 2484 animatia
805 2461 879 2485 cor-

171 2509 252 2540 puS,
277 2501 320 2532 Et
342 2504 403 2532 tua
421 2502 564 2540 damma,
589 2504 666 2533 tuas
685 2502 874 2543 imitantur,

175 2549 285 2588 Delia,
309 2550 406 2581 vices.
432 2550 502 2582 Sed
518 2550 622 2582 Iacob
647 2559 730 2582 cum
753 2549 872 2584 libris:

176 2599 219 2630 Et
241 2608 316 2631 cum
339 2601 466 2632 damna
488 2603 564 2632 tuas
586 2601 782 2641 imitantur,
806 2602 877 2633 De-

176 2648 244 2687 lia,
269 2649 365 2682 vires.
391 2659 424 2681 v.
448 2649 530 2682 9⁴5:
559 2650 750 2691 (Phoeben)
775 2650 878 2683 Fata-

924 1022 989 1054 que
1011 1015 1179 1047 damnosis
1199 1015 1385 1048 imitantem
1403 1015 1526 1058 finibus
1546 1017 1625 1049 oris.

924 1064 1026 1096 Idem
1049 1064 1088 1105 3,
1113 1065 1200 1098 286:
1229 1066 1319 1098 Haec
1341 1069 1418 1098 sunt
1439 1066 1486 1098 ad
1506 1066 1629 1099 Librae

924 1115 1015 1146 sidus
1042 1114 1252 1156 surgentibus
1274 1115 1376 1147 astris
1395 1115 1605 1148 Incrementa
1615 1125 1627 1155 ,-

919 1164 1003 1204 pari
1018 1167 1183 1196 momento
1198 1165 1325 1197 damna
1338 1165 1530 1197 trahuntur.
1556 1166 1629 1198 Lu-

927 1222 1005 1245 can.
1020 1213 1052 1252 8,
1067 1212 1147 1246 467:
1173 1214 1326 1253 noctique
1336 1215 1487 1255 rependit
1499 1214 1626 1256 (Libra)

925 1263 1003 1295 Lua-
1035 1263 1148 1294 minor
1178 1263 1336 1296 hibernae
1372 1264 1467 1296 ver-ni
1508 1264 1630 1296 solatia

924 1312 1051 1344 damni.
1090 1311 1236 1345 Rutilius
1260 1313 1295 1352 4,
1325 1314 1400 1346 422.
1439 1312 1486 1345 ad
1499 1313 1630 1347 urbem

926 1363 1097 1394 Romam:
1122 1362 1286 1402 Exemplo
1301 1362 1386 1395 caeli
1401 1362 1486 1395 ditia
1500 1364 1628 1396 damna

925 1411 1025 1444 subis.
1051 1410 1207 1452 Fulgent.
1225 1411 1370 1452 Mythol.
1388 1412 1425 1452 2,
1445 1412 1503 1444 49;
1529 1414 1630 1445 detri-

925 1464 1038 1493 menta
1060 1461 1160 1493 lunae
1181 1464 1214 1493 et
1234 1465 1425 1503 augmenta.
1451 1462 1520 1495 Cfr.
1540 1463 1630 1495 Gro-

926 1520 1007 1543 nov.
1041 1511 1087 1543 ad
1117 1509 1201 1542 Gell.
1233 1511 1295 1551 20,
1325 1511 1357 1544 8.
1398 1511 1630 1553 Opponuntur

926 1560 1068 1593 lunaria
1090 1561 1295 1592 incrementa
1309 1560 1407 1602 apud
1423 1561 1553 1594 Lucan.
1572 1561 1626 1601 40,

927 1611 1006 1642 245.
1033 1611 1126 1642 Dum
1142 1610 1262 1642 autem
1278 1610 1442 1642 Horatius
1453 1635 1461 1650 ‚
1486 1611 1526 1642 ut
1539 1613 1629 1652 po'e-

927 1661 1002 1692 tam
1036 1658 1212 1698 decebat,
1253 1658 1298 1691 de
1332 1658 1415 1691 luna
1445 1659 1630 1692 dumtaxat

926 1709 1024 1750 loqui
1050 1708 1207 1749 videtur,
1232 1709 1344 1741 totam
1370 1708 1495 1741 mundi
1519 1709 1629 1742 vitam

927 1768 969 1791 ac
992 1759 1145 1791 formam
1167 1757 1364 1790 identidem
1385 1759 1549 1791 renovari
1578 1759 1628 1792 si-

927 1809 1089 1851 gnificat:
1125 1817 1212 1841 «nos
1234 1817 1321 1841 vero
1341 1807 1511 1841 mortales
1533 1809 1627 1842 vitae

927 1868 998 1892 non
1013 1859 1270 1892 restituimur.»
1305 1857 1470 1890 Similiter
1490 1858 1536 1890 de
1551 1857 1627 1891 sole

928 1907 1051 1941 Catull.
1069 1909 1107 1947 5,
1134 1907 1174 1940 4:
1207 1907 1300 1939 Soles
1320 1907 1468 1939 occidere
1489 1910 1521 1940 et
1541 1908 1630 1940 redi—

925 1967 964 1990 re
980 1960 1138 1998 possunt:
1158 1956 1278 1996 Nobis,
1299 1965 1376 1988 cum
1393 1957 1491 1988 semel
1511 1957 1629 1989 occidit

925 2008 1033 2039 brevis
1061 2007 1145 2046 lux,
1179 2007 1260 2039 Nox
1287 2009 1333 2038 est
1358 2009 1525 2046 perpetua
1555 2015 1628 2038 una

925 2057 1132 2089 dormienda.
1161 2074 1199 2079 —
1233 2055 1424 2096 decidimus]
1459 2054 1627 2088 Similiter

925 2107 1012 2148 Epp.
1031 2107 1070 2146 2,
1089 2106 1103 2137 4
1121 2130 1128 2145 ,
1147 2104 1210 2137 36:
1243 2105 1398 2145 scriptor
1419 2105 1539 2137 abhinc
1561 2114 1629 2137 an-

924 2164 985 2188 nos
1011 2158 1142 2187 centum
1170 2155 1228 2195 qui
1250 2155 1380 2187 decidit.
1421 2154 1520 2187 ovid.
1542 2156 1624 2189 Met.

926 2205 987 2245 40,
1014 2206 1079 2237 ⁴7:
1120 2205 1146 2237 Ο
1164 2205 1267 2245 positi
1288 2204 1347 2237 sub
1370 2208 1464 2237 terra
1484 2205 1627 2237 nmina

925 2255 1063 2295 mundi,
1098 2255 1138 2287 In
1171 2263 1270 2294 quem
1292 2255 1487 2295 decidimus,
1526 2255 1627 2294 quid—

925 2305 1006 2345 quid
1026 2304 1168 2336 mortale
1190 2313 1357 2336 creamur.
1404 2305 1546 2337 Frustra
1561 2303 1626 2345 igi-

926 2355 984 2386 tur
1005 2354 1074 2386 HP.
1100 2354 1252 2386 coniecit
1272 2354 1461 2386 recidimus.

970 2403 1023 2435 45.
1062 2403 1115 2435 46.
1153 2403 1224 2443 Quo
1242 2406 1345 2444 pater
1364 2403 1506 2443 Aeneas]
1536 2401 1627 2435 Soli-

927 2454 1004 2485 tum
1054 2451 1232 2486 ἐπίθετον
1276 2451 1506 2496 Virgilianum
1547 2453 1628 2493 pius

926 2502 1044 2535 multis
1055 2501 1208 2535 librariis
1221 2502 1334 2543 magis
1344 2500 1488 2544 placuit,
1503 2509 1627 2543 quam-

927 2560 1035 2593 quam
1059 2552 1165 2584 etiam
1187 2552 1274 2584 Aen.
1301 2552 1337 2591 4,
1363 2551 1438 2584 699.
1469 2559 1513 2583 ac
1543 2559 1625 2583 sae—

926 2602 1006 2643 pius
1042 2602 1098 2634 est
1121 2604 1224 2642 pater
1251 2601 1389 2634 Aeneas.
1436 2601 1624 2633 Praeterea

926 2660 983 2683 vv.
1005 2652 1084 2692 pius
1112 2652 1147 2684 et
1171 2652 1259 2684 dives
1282 2651 1402 2684 nescio
1427 2658 1536 2692 quam
1559 2658 1624 2692 op-
