1722 2904
260 64 342 106 658

810 62 980 95 uoRATn
1005 62 1177 95 EPODON

486 170 567 210 Aut
596 166 731 210 herba
762 166 918 224 lapathi
950 174 1072 223 prata
1102 165 1282 208 amantis
1313 171 1356 209 et
1384 165 1503 223 gravi

543 247 705 291 Malvae
737 247 934 290 salubres
966 247 1162 304 corpori,

487 329 559 373 Vel
591 343 701 386 agna
727 328 846 372 sestis
877 341 1006 371 caesa
1037 326 1349 370 Terminalibus

542 410 615 453 Vel
647 409 813 452 haedus
845 415 1021 466 ereptus
1051 408 1167 466 lupo.

1657 409 1711 451 60

485 494 572 534 Has
604 491 713 533 inter
743 489 894 547 epulas
924 496 971 532 ut
1001 490 1118 532 iuvat
1145 496 1292 547 pastas
1322 504 1428 534 oves

543 572 699 615 Videre
729 578 1012 628 properantes
1042 570 1240 622 domum,

486 653 640 696 Videre
674 652 812 695 fessos
842 665 1063 695 vomerem
1092 652 1311 695 inversum
1338 651 1476 695 boves

543 732 661 776 Collo
692 732 911 791 trahentes
939 732 1168 790 languido,

260 906 376 944 Rami,
403 904 578 945 quatenus
602 901 712 934 bacas
735 902 884 943 pingues
909 902 962 934 se-

260 957 359 994 runt,
386 954 453 996 ipsi
472 953 614 994 pinques
637 951 813 983 dicuntur.

304 1004 418 1037 57-63.
444 1003 582 1044 lapathi]
600 999 795 1041 λάπαθον,
821 1001 963 1034 Sauer-

259 1054 450 1095 ampfm,
493 1061 615 1084 rumex
652 1052 781 1084 Latinis
819 1051 958 1083 dicitur.

259 1103 412 1137 Lucilius
441 1103 535 1144 apud
567 1102 638 1134 Cic.
665 1101 710 1134 de
734 1102 831 1133 Finn.
857 1102 894 1141 2,
920 1101 959 1140 8,

257 1154 321 1187 24:
348 1155 374 1186 0
390 1154 541 1194 lapathe,
566 1155 603 1184 ul
619 1152 748 1183 iactare
761 1159 887 1183 necesse
902 1154 959 1191 esl,

258 1204 402 1245 coynilu’
428 1203 506 1243 quoi
528 1202 592 1233 sis!
616 1202 686 1233 sat.
711 1201 749 1240 2,
775 1200 815 1240 4,
841 1200 894 1232 29.
921 1218 958 1223 --

256 1253 374 1296 aravi]
409 1261 537 1293 «aegro
568 1260 612 1283 ex
642 1249 720 1282 alvo
755 1250 957 1282 adstricta.»

261 1323 296 1328 —
323 1302 474 1343 Maleae]
516 1301 579 1333 Od.
619 1300 655 1340 4,
690 1300 748 1340 34,
783 1300 841 1331 46;
877 1299 961 1331 leves

256 1354 400 1386 malvae.
441 1370 476 1375 -
524 1350 687 1391 salubres]
724 1350 806 1391 quia
841 1348 960 1381 alvum

257 1403 429 1436 molliunt.
456 1400 581 1434 Celsus
604 1401 642 1440 2,
669 1400 730 1432 29;
756 1400 870 1431 alvum
884 1407 960 1430 mo-

255 1455 332 1485 vent
346 1470 366 1477 -
382 1470 401 1476 -
415 1451 565 1490 malvae,
591 1450 775 1490 lapathum.
810 1447 956 1482 Martial.

258 1503 318 1542 40,
347 1501 390 1534 48
403 1527 410 1541 ,
439 1501 483 1532 7:
523 1502 782 1532 Eoeoneraluras
812 1501 960 1531 ventrem

257 1552 338 1584 mihi
363 1552 477 1583 villica
502 1550 633 1583 malvas
657 1549 786 1582 Attulit.
816 1567 853 1571 —
880 1549 960 1580 Ter-

255 1601 450 1642 minalibus]
473 1610 530 1632 vn.
548 1599 621 1631 Kal.
641 1599 740 1633 Mart.
757 1598 821 1640 (23.
841 1596 958 1638 Febr.)

256 1651 355 1684 Ovid.
389 1651 479 1683 Fast.
513 1651 551 1689 2,
589 1649 668 1681 655:
709 1648 893 1689 Sparyitur
929 1650 960 1679 et

257 1709 356 1733 caesa
370 1699 553 1732 communis
572 1698 742 1730 Terminus
757 1706 866 1739 ayne,
891 1698 960 1729 Nec

256 1751 409 1791 queritur
431 1750 554 1781 lactens
575 1757 651 1780 cum
673 1748 734 1779 sibi
762 1755 871 1788 porca
901 1748 961 1778 da—

256 1803 324 1832 tur.
354 1818 389 1822 —-
414 1799 538 1831 haedus
561 1797 710 1839 ereptus]
736 1795 882 1830 Martial.
903 1797 957 1836 40,

255 1850 315 1890 48,
355 1849 408 1882 44.
450 1850 485 1881 in
509 1848 653 1889 frugalis
682 1856 817 1891 coenae
849 1855 959 1888 appa—

254 1902 352 1932 ratu:
392 1900 526 1931 Haedus
558 1897 733 1930 inhumani
766 1900 886 1937 raptus
917 1895 959 1928 ab

255 1959 313 1982 ore
333 1950 415 1989 lupi.
442 1949 498 1980 Sic
512 1947 557 1980 de
574 1946 673 1979 lucro
690 1946 958 1988 quodammodo

255 2000 402 2037 coenat,
444 2006 526 2029 cum
560 1996 723 2028 homines
755 1996 872 2028 minus
904 1995 960 2026 at-

254 2048 342 2080 tenti
378 2047 423 2079 ad
453 2055 531 2078 rem
560 2045 697 2077 haedos
721 2053 741 2076 a
763 2043 853 2086 lupis
888 2044 958 2076 iam

255 2098 443 2130 admorsos
467 2096 623 2128 abiicere
639 2093 787 2126 soleant.
818 2094 960 2133 ,Quam-

255 2155 365 2189 quam
401 2146 519 2187 opinio
554 2144 630 2177 erat
660 2140 709 2175 τὰ
731 2139 959 2189 λυκόβρωτα

255 2194 433 2242 πρόβατα
448 2193 494 2226 τὸ
511 2194 626 2241 κρέας
641 2191 877 2236 γλυκύτατον
890 2202 959 2224 πα-

254 2246 392 2291 ρέχειν.
419 2243 507 2276 Plut.
534 2245 699 2284 Sympos.
717 2243 755 2282 2,
781 2243 812 2274 9.
841 2259 871 2266 -
897 2251 958 2274 υο-

253 2303 378 2326 merem
393 2292 579 2334 inversum]
610 2292 704 2332 Virg.
730 2290 802 2324 Ecl.
828 2292 867 2330 2,
894 2291 954 2323 66:

254 2344 389 2384 Aspice,
409 2346 533 2375 aratra
545 2342 623 2383 iugo
634 2341 784 2382 referunt
799 2348 958 2380 suspensa

253 2392 392 2425 iuvenci.
426 2392 525 2423 Ovid.
544 2391 635 2423 Fast.
654 2391 692 2429 5,
711 2389 794 2422 497:
823 2390 959 2429 Tempus

253 2445 346 2481 erat,
372 2450 437 2481 quo
452 2449 550 2473 versa
573 2440 651 2481 iuqo
666 2439 861 2480 referuntur
876 2447 958 2470 ara—

253 2496 319 2524 tra.
346 2490 580 2523 Proverbium
601 2491 696 2522 erat.
722 2488 788 2528 βοῑ
804 2488 957 2521 λυθέντι

253 2536 366 2586 ἑργου
396 2539 605 2573 ἐπιτίθεται
633 2535 655 2570 ὁ
679 2535 793 2581 ζυγὸς
819 2538 885 2570 καὶ
907 2534 954 2570 τὰ

254 2587 373 2632 σκεύη
404 2585 456 2632 τῷ
481 2585 744 2631 δυνατωτάτῳ.
793 2587 951 2621 Eustath.

256 2641 288 2671 in
314 2639 377 2671 Od
404 2637 444 2677 λ,
470 2648 503 2680 p.
532 2638 628 2670 4676.

1056 902 1109 934 65.
1147 902 1201 934 66.
1241 901 1381 943 positos]
1421 901 1711 935 «discumbentes

1012 952 1057 984 ad
1075 960 1260 984 coenam.»
1287 969 1324 975 -
1350 951 1444 994 aitis]
1468 951 1591 984 Tibull.
1617 953 1655 992 2,
1677 952 1710 992 4,

1011 1001 1071 1034 23;
1100 1001 1273 1041 Turbaque
1285 1009 1486 1042 vernarum,
1502 1001 1612 1034 saturi
1626 1001 1714 1034 bona

1010 1051 1109 1092 signa
1134 1051 1252 1083 coloni.
1275 1069 1311 1074 —
1344 1050 1497 1093 mannen]
1525 1051 1652 1084 Orator
1665 1050 1712 1083 de

1011 1101 1161 1142 Harusp.
1185 1108 1280 1142 resp.
1306 1100 1364 1132 42τ
1391 1108 1564 1132 ser-vomam
1583 1100 1715 1132 exami-

1009 1159 1073 1190 na,
1099 1150 1252 1191 imagine
1278 1148 1323 1181 ab
1347 1148 1474 1191 apibus
1492 1150 1656 1192 repetita.
1673 1166 1710 1173 ——

1011 1200 1145 1232 Circum
1167 1198 1259 1240 cet]
1299 1199 1383 1240 quia
1408 1198 1509 1232 focus
1531 1199 1568 1232 in
1591 1198 1712 1232 medio

1011 1250 1098 1282 situs
1111 1250 1199 1290 erat,
1214 1257 1285 1281 non
1298 1248 1344 1281 ad
1359 1249 1546 1290 parietem.
1572 1247 1713 1282 Columz

1010 1300 1048 1332 R.
1074 1298 1112 1331 R.
1139 1299 1200 1338 44,
1225 1299 1264 1339 4,
1289 1299 1352 1331 49;
1391 1299 1587 1331 Consuescat
1614 1298 1715 1341 (villi-

1009 1349 1080 1391 cus)
1102 1349 1244 1381 rusticos
1263 1349 1356 1381 circa
1370 1349 1493 1381 Larem
1507 1349 1634 1381 dommi
1654 1349 1711 1390 fo-

1009 1407 1149 1438 cumque
1180 1397 1386 1440 familiarem
1415 1407 1543 1439 semper
1564 1398 1709 1439 epulari

1010 1447 1111 1481 Silius
1128 1449 1168 1488 7,
1195 1448 1282 1480 475;
1314 1451 1346 1480 el
1365 1449 1437 1480 ritu
1451 1449 1617 1489 pauperis
1638 1447 1722 1480 aevi

1008 1498 1091 1530 Ante
1120 1498 1211 1539 focos
1235 1506 1379 1530 mensae.
1404 1496 1490 1530 Plin.
1518 1498 1606 1530 Hist.
1630 1497 1722 1529 Nat*

1008 1548 1063 1588 28,
1082 1548 1146 1579 20;
1170 1547 1433 1589 focusLarium,
1458 1553 1523 1588 quo
1543 1546 1722 1591 familiai

1008 1597 1168 1629 convenit.
1207 1614 1244 1620 —
1285 1596 1490 1639 renidentes]
1527 1605 1598 1629 non
1637 1593 1722 1629 «ahi

1008 1647 1087 1688 igne
1110 1645 1367 1687 refulgentes»,
1402 1645 1490 1679 sed:
1518 1646 1600 1687 «qui
1623 1646 1711 1681 tersi

1009 1698 1091 1729 sunt
1113 1704 1155 1728 ac
1179 1694 1277 1737 politi
1293 1707 1323 1735 ,n
1361 1695 1714 1738 reinqebohnt.

1008 1746 1111 1778 vosS.
1144 1745 1199 1778 Ad
1220 1753 1369 1785 vernas,
1394 1745 1434 1777 ut
1454 1743 1599 1778 volebat
1620 1746 1711 1778 Rut-

1009 1796 1164 1837 gersius,
1201 1804 1234 1827 v.
1269 1794 1456 1827 renidentes
1479 1793 1536 1827 vel
1565 1796 1691 1837 propte

1009 1845 1222 1887 positionem
1245 1843 1371 1876 referri
1393 1844 1528 1885 nequit.
1541 1845 1712 1877 —Imita·

1008 1897 1065 1927 tus
1087 1895 1142 1927 est
1163 1895 1327 1927 nostrum
1349 1892 1468 1927 locum
1494 1893 1660 1927 Martialis
1675 1893 1696 1926 3

1009 1944 1072 1984 58,
1098 1944 1163 1976 22;
1190 1944 1335 1986 Cinyunl
1359 1951 1512 1976 serenum
1537 1943 1635 1976 lactei
1659 1943 1682 1985 s

1008 2002 1084 2026 cwm
1115 2001 1239 2026 vernae
1280 1993 1323 2025 El
1362 1993 1464 2035 lar-,qa
1497 1993 1596 2035 festos
1625 1993 1638 2024 l

1008 2044 1054 2075 ad
1075 2044 1180 2075 Lares
1200 2043 1296 2075 silva.

1053 2093 1094 2125 67
1117 2110 1136 2116 -
1159 2092 1213 2124 70.
1256 2093 1378 2125 «Haec
1406 2091 1468 2124 ubi
1498 2100 1624 2124 secum
1655 2090 1666 2123 1

1009 2144 1112 2175 cutus
1148 2143 1225 2174 erat
1245 2141 1374 2182 Alfius,
1400 2140 1623 2174 debitoribus
1646 2149 1692 2183 ap

1008 2190 1162 2234 pellatis,
1212 2191 1259 2224 ad
1292 2191 1376 2224 Idus
1400 2189 1608 2223 solvendam
1641 2189 1696 2223 sib

1009 2242 1109 2274 curat
1130 2248 1276 2273 omnem
1297 2240 1487 2282 pecuniam
1514 2239 1627 2272 fenori
1648 2239 1672 2272 d

1008 2293 1102 2330 tam,
1143 2299 1213 2332 qua
1244 2290 1389 2322 iamiam
1419 2290 1516 2322 emat
1546 2289 1671 2331 praedi

1008 2340 1074 2374 sed
1119 2347 1244 2372 rursus
1291 2337 1493 2372 stimulatus
1538 2338 1684 2371 avaritia

1009 2389 1150 2431 quaerit
1171 2388 1336 2421 Kalendis
1357 2388 1527 2430 proximis
1554 2387 1670 2420 eande

1008 2439 1120 2471 fenori
1151 2438 1255 2477 dare3
1293 2438 1384 2470 adeo
1413 2437 1633 2477 inconstans,

1007 2490 1089 2531 post
1103 2496 1238 2530 paucos
1254 2487 1332 2520 dies
1354 2486 1539 2520 consilium
1554 2487 1650 2528 agric

1006 2539 1106 2571 turae
1122 2538 1157 2569 in
1169 2538 1354 2579 posterum
1369 2535 1591 2568 exercendae
1606 2544 1630 2578 p

1007 2595 1068 2620 sus
1084 2586 1259 2618 abiiciat.»
1285 2605 1321 2610 —
1345 2585 1458 2627 Alfius]
1483 2584 1587 2627 Apud
1603 2584 1643 2618 Ci

1007 2644 1133 2669 ronem
1157 2637 1210 2668 est
1234 2635 1268 2668 C.
1286 2635 1406 2677 Alfius,
1433 2635 1468 2667 et
1483 2634 1577 2677 apud
1593 2634 1662 2666 Seu
