1722 2904
197 98 244 141 64
254 99 279 140 4
714 100 889 132 HORATu
915 99 1140 134 ommium

477 206 762 262 Breunosque
789 203 964 248 veloces
993 210 1036 247 et
1065 216 1189 247 arces

534 285 714 343 Alpibus
744 285 967 343 impositas
998 284 1234 346 tremendis

428 398 593 442 Deiecit
623 411 725 441 acer
753 397 850 455 plus
880 398 976 441 vice
1007 396 1214 455 simplici3

428 480 563 523 Maior
591 480 809 522 Neronum
839 493 939 522 mox
969 493 1100 536 grave
1129 477 1342 536 proelium

484 560 706 604 Commisit
735 560 1034 618 immanesque
1063 562 1221 604 Raetos

1598 563 1652 606 ⁴5

291 708 342 739 44.
369 707 580 746 Breunosque
602 705 745 745 bSTcd,
770 707 978 746 Brencosque
999 707 1051 739 Lt.
1080 725 1116 729 —
1153 707 1206 739 45.
1231 685 1348 740 lihotos
1367 706 1461 748 ch,
1487 708 1603 741 Remos

247 757 289 797 d,
315 758 455 790 Rhactos
477 755 671 799 pleraeque
694 756 783 789 Edd.

194 897 290 928 pem,
315 888 522 929 Inyredicns,
546 887 668 927 rapido
687 896 756 927 qua
769 887 902 929 yuryitc
954 905 991 910 -
1015 888 1121 920 Amat
1140 896 1176 920 v.
1194 887 1404 928 implacidus,
1435 889 1516 921 ante
1539 888 1653 922 Hora—

199 938 345 970 volvitar
358 938 475 970 Ocnus.
495 938 655 969 Servavit
666 936 796 970 Plinius
805 937 845 969 H.
857 938 899 969 N.

201 987 239 1027 3,
258 988 319 1027 20,
338 987 393 1020 24.
420 987 689 1028 inscriptionem
711 996 730 1019 e
753 988 901 1028 tropaeo

201 1035 360 1077 Alpium,
388 1046 479 1078 quae
504 1035 582 1070 talis
598 1038 676 1069 est:
699 1037 787 1069 ΙΜΡ.
807 1036 904 1069 CAE-

201 1087 300 1119 SARI
336 1087 430 1119 DIVI
470 1087 507 1119 F.
547 1086 647 1119 AVG.
693 1086 906 1119 PONTIFICI

202 1137 306 1169 MAX.
353 1137 439 1168 IMP.
483 1137 585 1169 XIIII.
633 1136 902 1169 TRIBVNITIAE

200 1187 454 1219 POTESTATIS
487 1187 523 1219 S.
558 1187 595 1219 P.
633 1187 671 1226 Q.
707 1187 745 1218 R.
785 1186 900 1226 QVOD

198 1236 299 1268 EIVS
319 1236 465 1268 DVCTV
482 1236 774 1276 AVSPICIISQVE
797 1235 904 1268 GEN-

203 1286 281 1318 TES
307 1286 492 1318 ALPINAE
522 1286 684 1319 OMNES.
733 1286 848 1326 QVAE
874 1285 902 1317 A

200 1335 310 1368 MARI
328 1336 492 1368 SVPERO
512 1336 573 1368 AD
595 1336 795 1368 INFERVM
807 1335 904 1368 PER-

204 1386 428 1418 TINEBANT.
462 1386 543 1418 SVB
569 1387 786 1419 IMPERIVM
810 1385 898 1418 POP.

201 1436 303 1468 ROM.
336 1436 450 1468 SVNT
476 1436 714 1468 REDACTAE.
770 1436 902 1468 Omnes

201 1486 283 1517 sunt
304 1486 418 1518 XLIII.
437 1511 443 1524 ,
484 1486 576 1518 inter
604 1494 693 1527 quas
715 1486 900 1525 BREVNI,

202 1535 319 1568 GENA
326 1535 449 1575 VNES,
466 1536 540 1567 VIN
540 1535 723 1568 DELICOR
730 1536 792 1568 VM
797 1535 904 1568 GEN-

203 1586 281 1618 TES
315 1587 546 1626 QVATTVOR.
588 1587 745 1627 (Augusti
780 1586 901 1618 autem

202 1639 388 1678 tropaeum
418 1638 588 1669 statutum
612 1638 689 1669 erat
711 1637 746 1669 in
769 1635 901 1678 oppido

204 1686 323 1718 Torbt'a
346 1695 440 1718 nunc
463 1686 639 1728 appellato
655 1712 662 1725 ,
687 1687 728 1719 X.
754 1687 799 1719 M.
817 1688 855 1718 Ρ.
881 1695 902 1718 a

202 1736 330 1768 Nicaea
360 1736 497 1778 (Nizza)
522 1737 688 1769 distante.
726 1736 797 1768 Cfr.
823 1736 903 1777 Spi-

201 1785 313 1818 talieri
345 1787 483 1818 Nolizia
522 1787 574 1818 sul
606 1789 817 1818 monumento
851 1786 904 1818 dei

202 1836 299 1877 trofei
332 1837 512 1878 d'Auyusto
547 1837 581 1869 di
618 1837 748 1869 Torbia.
784 1836 903 1868 Torino

205 1885 316 1927 ⁴842.)
337 1904 374 1909 —
400 1886 525 1919 Strabo
549 1886 590 1926 4,
619 1887 656 1926 6,
686 1886 718 1919 8.
738 1886 795 1918 ed.
814 1886 903 1917 Kra-

207 1944 306 1967 mer:
341 1935 389 1967 Οἱ
409 1934 450 1968 δὲ
474 1932 716 1969 Οὗινδολικυὶ
741 1935 813 1976 (sic)
837 1935 904 1968 καὶ

201 1985 370 2031 Νωρικοὶ
385 1983 456 2028 τὴν
479 1985 591 2027 ἐκτὸς
606 1984 822 2032 παρώρειαν
838 1995 904 2017 κα-

203 2036 360 2073 τέχουσι
388 2033 434 2068 τὸ
466 2035 582 2069 πλέον
604 2033 703 2078 μετὰ
726 2033 903 2092 Βρεύνων

203 2085 268 2117 καὶ
290 2084 502 2126 Γεναύνων,
527 2081 604 2130 ἤδη
621 2084 767 2119 τούτων
786 2082 903 2118 Ἰλλυ-

202 2133 305 2180 ριῶν.
335 2155 372 2159 -
398 2137 616 2177 implacidum
637 2137 752 2178 genus]
776 2135 902 2168 Strabo

203 2185 308 2217 ibid.-
346 2184 417 2228 τῆς
439 2184 481 2218 δὲ
504 2184 600 2233 πρὸς
626 2183 719 2227 τοὺς
737 2182 903 2217 Ἰταλιώ-

203 2245 270 2275 τας
291 2233 368 2268 τῶν
391 2234 542 2282 λῃστῶν
566 2234 712 2269 τούτων
734 2232 904 2275 χαλεπό-

203 2294 318 2327 τητος
355 2272 503 2328 λέῷεταί
530 2295 567 2319 τι
589 2283 787 2326 τοιοῦτον,
826 2281 901 2326 ὥς,

203 2333 355 2367 ἐπειδὰν
389 2331 504 2368 ἕλωσι
539 2334 677 2379 κώμην
712 2331 740 2378 ἢ
778 2332 901 2374 πόλιν,

204 2380 249 2416 οὐ
281 2383 405 2427 μόνον
434 2381 584 2444 ἡβηδὸν
613 2381 903 2431 ἀνδροφονοῦν-

204 2444 283 2475 τας,
313 2431 410 2467 ἀλλὰ
433 2436 499 2468 καὶ
521 2437 635 2492 μέχρι
658 2434 734 2468 τῶν
756 2435 903 2478 νηπίων

205 2482 409 2529 προὶόντας
431 2483 507 2517 τῶν
522 2480 703 2531 ἆῤῥένων,
729 2486 793 2517 καὶ
812 2482 901 2528 μηδ’

202 2532 370 2566 ἐνταῦθα
403 2536 666 2577 ταυουένους,
705 2531 803 2567 ἀλλὰ
837 2534 903 2567 καὶ

202 2581 271 2623 τὰς
286 2583 448 2626 ἐγκύους
471 2587 655 2628 γυναῖκας
671 2585 900 2625 κτείνοντας,

204 2628 302 2673 ὅσας
335 2637 450 2673 φαῖεν
485 2634 525 2666 οἱ
555 2632 711 2676 μάντεις
742 2630 903 2680 ἀῤῥενο-

205 2686 319 2715 κυεῖν.
346 2683 432 2715 Vell.
461 2685 533 2716 Pat.
552 2686 589 2723 2,
615 2684 668 2716 95.
695 2685 758 2717 Dio
782 2684 841 2724 54,
867 2685 899 2717 2.

951 936 1039 969 tium
1063 946 1084 969 a
1106 935 1202 970 nullo
1225 937 1420 980 scriptore,
1445 938 1506 980 qui
1529 946 1654 981 super·
1715 948 1720 954 ·

951 987 1013 1026 sit,
1047 987 1277 1028 usurpatum,
1312 987 1486 1029 imprimis
1509 988 1650 1021 Statius.

952 1036 1008 1068 Sic
1041 1036 1243 1076 implacatus
1270 1036 1413 1069 videtur
1442 1045 1523 1070 esse
1546 1036 1654 1070 dum-

950 1087 1048 1118 taxat
1080 1085 1177 1128 apud
1209 1086 1305 1128 Virg.
1329 1088 1418 1127 Aen.
1442 1086 1480 1127 3,
1513 1085 1591 1120 420.
1617 1087 1654 1119 et

952 1136 1051 1169 Ovid.
1076 1137 1158 1169 Met.
1180 1136 1222 1177 8,
1247 1136 1325 1170 847.
1343 1154 1383 1165 »-
1399 1136 1534 1179 voloces]
1552 1145 1655 1180 «per-
1718 1158 1722 1172 ε

951 1187 1068 1226 uices,
1092 1188 1132 1219 ut
1147 1187 1324 1228 montani,
1349 1188 1386 1219 et
1407 1195 1564 1229 pugnam
1579 1188 1653 1220 sta-

951 1237 1078 1269 tariam
1094 1236 1370 1270 detrectantes.»
1394 1237 1452 1269 Sic
1466 1235 1563 1279 apud
1576 1236 1651 1270 Liv.

951 1286 1006 1326 22,
1023 1286 1081 1319 48:
1107 1286 1335 1327 Hispanorum
1349 1286 1467 1319 cohors
1478 1303 1530 1311 --
1543 1294 1655 1319 anuo-

951 1337 1018 1369 tior
1039 1336 1206 1369 montibus
1219 1354 1239 1360 -
1253 1353 1273 1360 —
1286 1336 1460 1370 velocitate
1474 1345 1655 1378 corpor-nm

951 1405 971 1410 -
981 1404 1001 1410 —
1022 1389 1240 1427 campestrem
1252 1387 1376 1419 hostem
1391 1386 1591 1429 (Romanos)
1603 1404 1625 1411 -
1634 1404 1654 1412 —

950 1437 1049 1478 facile
1063 1437 1171 1469 elusit.
1187 1454 1224 1459 —
1242 1436 1349 1479 arces]
1369 1435 1532 1470 «castella
1549 1435 1596 1469 ab
1611 1436 1654 1470 iis

952 1488 988 1519 in
1002 1485 1148 1528 Alpibus
1165 1486 1384 1526 exstructa,»
1406 1486 1448 1518 ut
1460 1486 1549 1528 Epp.
1566 1486 1600 1526 2,
1619 1487 1652 1526 4,

952 1538 1037 1570 252:
1063 1536 1652 1579 arcesMonubvoempositas.Vi1-g.

953 1589 1014 1620 Ge.
1039 1587 1076 1628 3,
1102 1586 1186 1621 474:
1211 1587 1328 1620 aerias
1348 1586 1447 1628 Alpes
1470 1589 1503 1619 et
1525 1587 1655 1620 Norica

951 1655 1007 1662 --
1029 1637 1172 1670 castella
1199 1638 1237 1670 in
1266 1637 1412 1670 annuis.
1442 1655 1483 1661 -
1508 1640 1654 1670 men-

953 1688 1013 1730 dis]
1047 1688 1196 1729 propter
1229 1685 1452 1720 altitudinem
1483 1685 1655 1729 glaciem-

953 1746 1024 1779 que
1040 1737 1265 1779 perpetuam.
1290 1736 1365 1770 Liv.
1383 1737 1421 1770 2⁴
1438 1762 1446 1777 ‚
1470 1736 1526 1770 32.
1552 1736 1655 1770 Clau—

953 1788 1047 1820 dian.
1066 1786 1111 1819 de
1127 1796 1172 1819 1v.
1190 1787 1296 1819 cons.
1311 1786 1402 1819 Hon.
1416 1785 1502 1820 442:
1525 1786 1655 1828 Aspera

952 1837 1122 1879 nubiferas
1144 1845 1214 1876 qua
1233 1835 1353 1868 Raetia
1373 1836 1524 1878 porrigit
1543 1836 1652 1877 Alpes.

997 1887 1050 1920 43.
1091 1886 1233 1928 Deiecit]
1268 1884 1392 1918 «velut
1423 1894 1445 1918 e
1477 1886 1654 1919 montium

952 1936 1146 1970 verticibus
1169 1935 1418 1975 deturbavit-3
1441 1935 1596 1968 refertur
1617 1937 1654 1968 et

953 1986 1000 2019 ad
1022 1984 1172 2029 populos
1192 1983 1389 2018 debellatos
1405 1986 1442 2018 et
1463 1985 1510 2018 ad
1525 1992 1653 2018 eorum
1721 1999 1722 2002 ¹

954 2034 1114 2068 castella:
1151 2047 1168 2065 α
1180 2036 1369 2068 Genaunes
1391 2034 1481 2067 fudit
1501 2034 1654 2076 fugavit-

953 2095 1044 2128 que;
1069 2083 1213 2117 castella
1236 2087 1338 2126 capta
1362 2083 1526 2116 excidit.»
1564 2084 1650 2117 stat.

952 2135 1063 2169 Theb.
1083 2136 1120 2174 4,
1148 2134 1414 2167 Ξοευοπῑιιναιο
1428 2134 1655 2166 deiecto-wer*-

952 2187 1015 2220 tice
1035 2187 1158 2219 Dacos.
1183 2184 1292 2217 Tacit.
1314 2185 1405 2216 Ann.
1423 2184 1463 2222 2,
1488 2183 1550 2216 ⁴7:
1575 2183 1655 2216 Cho-

951 2237 1042 2269 rusci
1063 2235 1199 2268 collibus
1220 2233 1491 2266 ammaum.
1518 2249 1556 2256 --
1574 2233 1655 2274 plus

951 2287 1022 2319 vice
1035 2285 1187 2326 simplice]
1203 2283 1293 2318 Male
1308 2282 1392 2316 olim
1408 2281 1651 2325 explicabant:
1686 2299 1688 2302 >

955 2335 1054 2378 «plus
1088 2343 1198 2377 quam
1230 2332 1362 2373 semel,
1397 2331 1511 2366 semel
1543 2333 1652 2374 atque

953 2387 1098 2424 iterum;
1113 2395 1129 2412 π
1158 2391 1251 2425 quae
1278 2382 1486 2424 significatio
1506 2381 1652 2415 ultimae

954 2437 1010 2468 est
1053 2433 1257 2467 Latinitatis.
1314 2431 1477 2474 (Ausonii
1520 2433 1649 2473 Paneg.
1684 2463 1685 2466 ,

954 2485 1048 2518 Grat.
1074 2486 1162 2525 Aug
1187 2482 1219 2516 4.
1245 2480 1375 2515 Pallad.
1401 2482 1440 2522 4,
1473 2481 1512 2514 3:
1548 2481 1681 2514 mbas:

948 2543 1014 2576 per
1035 2534 1121 2566 diem
1148 2532 1285 2565 vicibus.
1287 2531 1302 2574 )
1360 2531 1556 2573 opponitur
1568 2531 1653 2572 pari

951 2586 1039 2624 vice,
1063 2586 1183 2616 maaca
1203 2583 1290 2622 vice,
1310 2581 1461 2622 par-item
1493 2581 1531 2613 et
1550 2580 1651 2613 recte

954 2633 1232 2675 interpretantur
1285 2631 1357 2664 iam
1412 2628 1648 2663 scholiastae:

955 2682 1055 2716 «volt
1076 2681 1219 2723 intelligi
1242 2682 1276 2715 in
1299 2679 1480 2714 vastandis
1501 2679 1557 2713 his
1579 2687 1651 2712 non

1672 2644 1693 2723 fl
