1722 2904
178 79 259 122 694

716 85 886 119 HORATII
912 87 1083 120 EPODON

349 186 398 230 Ut
428 200 590 243 nuper,
624 195 744 231 actus
775 202 873 232 cum
902 190 1008 233 freto
1037 192 1274 248 Neptunius

402 268 498 310 Dux
528 268 632 325 fugit
662 269 769 312 ustis
799 269 998 320 navibus,

352 348 533 392 Minatus
564 349 666 393 Urbi
696 349 855 401 vincla,
889 364 1003 408 quae
1033 351 1276 397 detraxerat

401 430 547 472 Servis
577 431 740 473 amicus
770 429 961 487 perfidis.

1575 436 1628 479 40

346 512 587 561 Romanus,
621 510 745 560 eheu,
762 536 820 542 -
838 512 999 568 posteri
1029 505 1238 570 negabitis
1255 540 1313 546 —

405 591 705 648 Emancipatus
736 591 919 636 feminae

347 674 446 715 Fert
475 657 706 715 vallum⁶et
735 686 855 715 arma
883 672 1007 716 miles
1038 680 1082 718 et
1108 673 1374 731 spadonibus

405 753 576 796 Servire
606 753 776 809 rugosis
809 759 971 810 potest,

263 874 314 904 44.
339 873 543 905 heuheuF.
569 891 605 896 ἡ
632 874 684 905 42.

175 978 299 1010 Athen
320 978 350 1016 4,
369 977 429 1010 28:
449 972 640 1024 (Ὅμηρος)
655 981 773 1019 τοῖς-
787 977 880 1024 βαρ-

174 1024 310 1083 βάροις
349 1022 559 1060 ἀποδίδωσι
597 1024 688 1068 τοὺς
721 1024 875 1069 αὐλούς.

175 1078 236 1109 Est
251 1073 275 1119 ἡ
293 1076 490 1123 Φρυγιστὶ,
517 1086 609 1119 quae
626 1078 877 1119 compotationi

176 1129 230 1159 est
253 1127 636 1160 accommodatissima.
674 1128 738 1160 Od.
757 1127 794 1168 3,
822 1128 875 1168 49,

178 1177 219 1209 48
232 1186 286 1217 sq.
307 1175 510 1209 Csr.Catull.
527 1175 580 1216 64,
595 1176 678 1209 264:
704 1177 879 1209 Barbara-

180 1236 243 1266 que
274 1226 426 1259 horribili
454 1226 613 1259 stridebat
646 1226 729 1258 libia
761 1230 875 1259 cantu.

175 1276 383 1317 (Barbarum
397 1285 463 1317 pro
479 1276 650 1317 Phrygio;
667 1276 748 1309 vide
767 1276 874 1310 Stanl.

174 1326 220 1358 ad
244 1326 374 1358 Aesch.
410 1326 506 1358 Pers.
539 1326 613 1358 487.
650 1326 771 1366 HALu.)
811 1326 877 1359 Alii

175 1377 341 1418 quidem,
374 1378 413 1408 ut
440 1378 544 1418 puto,
578 1377 696 1409 minus
718 1378 816 1409 recte
839 1387 874 1410 v.

173 1426 359 1458 barbarum
387 1426 432 1458 de
463 1425 573 1466 Lydia
602 1426 787 1458 harmonia
813 1436 877 1458 ex-

174 1475 316 1517 plicant.
358 1493 395 1499 —
439 1476 536 1507 Hanc
581 1478 703 1507 autem
748 1472 876 1509 αὐλῶν

177 1523 273 1571 πρὸς
307 1522 427 1570 λύραν
457 1525 661 1557 κοινωνίαν
695 1526 876 1567 Ephippus

174 1576 358 1618 μεγίστην
380 1575 519 1620 τέρψιν
541 1576 646 1606 vocat
669 1583 724 1616 ap.
746 1576 873 1608 Athen.

176 1624 234 1664 ⁴4,
261 1625 313 1663 9.,
340 1625 375 1656 et
397 1625 525 1656 usitata
550 1625 627 1656 erat
655 1625 726 1656 iam
749 1624 831 1656 inde
855 1633 875 1656 a

175 1673 396 1715 temporibus
422 1674 619 1706 Homericis
651 1673 687 1706 11.
714 1683 757 1713 σ,
790 1673 874 1706 495:

175 1719 293 1756 Αὖλοὶ
324 1721 536 1767 (ρόρλιιιγγε-’ς
567 1732 606 1754 τε
635 1720 737 1765 βοὴν
768 1719 873 1762 ἔχον.

217 1773 312 1805 7-40.
342 1774 381 1805 Ut
403 1773 520 1814 nuper]
543 1772 875 1811 «Quemadmodum

175 1822 306 1855 abhinc
329 1823 500 1855 sexennio
526 1823 568 1863 (a.
593 1831 628 1854 u.
653 1832 684 1855 c.
710 1823 798 1862 748.)
823 1823 877 1855 fe—

175 1873 289 1905 cimus
300 1898 307 1912 ,
333 1874 372 1905 ut
389 1872 560 1905 sollemne
577 1873 780 1905 convivium
796 1882 878 1914 age-

174 1930 296 1954 remus
318 1923 465 1963 propter
488 1922 567 1954 Sex.
586 1922 795 1963 Pompeium
817 1921 878 1954 de-

175 1972 306 2003 victum
344 1971 388 2003 ab
428 1971 616 2003 Octaviano
652 1973 687 2003 et
723 1971 876 2013 Agrippa

173 2030 285 2062 prope
321 2021 521 2053 Messanam
556 2022 591 2052 et
629 2024 741 2052 actum
775 2019 877 2062 (διω-

175 2070 337 2109 χθέντα,
363 2070 533 2111 fugatum)
570 2079 612 2102 ex
646 2070 735 2102 freto
760 2069 876 2102 Siculo

177 2122 384 2162 (posteaque
409 2121 443 2153 in
469 2121 550 2153 Asia
574 2120 799 2152 interfectum
829 2120 875 2152 ab

175 2170 405 2211 Antonianis).
425 2171 644 2212 Oppressum
657 2172 779 2202 autem
794 2171 874 2202 Sex.

174 2220 382 2261 Pompeium
429 2222 611 2261 tamquam
652 2219 875 2261 praeludium

175 2271 281 2311 atque
316 2278 422 2301 omen
457 2269 624 2301 victoriae
649 2269 694 2301 de
726 2270 876 2302 Antonio

176 2318 413 2360 reportandae
430 2320 619 2350 memorat.
638 2336 674 2341 -—
692 2319 878 2358 Neptunius

178 2369 272 2408 Duae]
298 2369 335 2400 In
358 2369 438 2400 Sex,
466 2368 622 2409 Pompeii
650 2376 796 2400 nummo
823 2369 877 2401 est

176 2420 359 2459 Neptunus
383 2417 539 2458 aplustre
556 2426 664 2449 manu
680 2419 823 2458 gestans
841 2419 877 2450 et

176 2467 294 2499 addita
318 2476 436 2508 prora.
475 2466 609 2507 (Miiller
631 2467 770 2499 Denkm.
788 2468 814 2499 Ι.
833 2468 873 2499 N.

176 2515 265 2556 342.)
306 2518 406 2548 «Sex.
425 2516 614 2557 Pompeius
638 2525 676 2548 se
701 2515 810 2548 fllium
826 2516 878 2548 di-

177 2565 284 2597 cebat
307 2573 386 2597 esse
411 2566 581 2607 Neptuni,
608 2567 647 2598 ut
669 2566 717 2597 ait
739 2566 873 2605 Livius,

178 2613 288 2647 elatus
320 2624 441 2647 rerum
472 2615 560 2647 mari
592 2616 772 2656 gestarum
799 2614 876 2647 feli—

179 2664 301 2700 citate,
339 2673 449 2704 quare
482 2665 516 2696 in
551 2664 673 2696 habitu
701 2665 873 2706 Neptuni,

711 872 856 907 Ultimus
879 874 983 906 huius
1007 874 1172 907 carminis
1194 884 1229 907 v.
1254 875 1289 909 in
1311 876 1349 908 B.

928 979 1029 1011 veste
1052 979 1220 1012 nimirum
1243 988 1398 1022 cyanea,
1423 982 1545 1015 contra
1560 982 1628 1014 ho-

928 1028 1002 1060 stes
1035 1027 1251 1069 pugnabat.»
1291 1029 1403 1063 Cou.
1429 1030 1534 1070 Can.
1572 1032 1629 1064 Si-

927 1075 1022 1108 milia
1055 1077 1199 1110 tradunt
1231 1078 1297 1112 Dio
1330 1078 1392 1120 48,
1418 1079 1470 1113 49.
1507 1079 1625 1114 Aurel.

927 1125 1058 1159 Victor.
1085 1127 1123 1159 C.
1153 1126 1211 1160 84:
1252 1128 1335 1160 Cum
1367 1129 1458 1162 mari
1489 1129 1629 1171 feliciter

925 1178 1091 1229 uteretur,
1115 1177 1261 1217 Neptuni
1282 1186 1316 1209 se
1334 1177 1442 1219 fllium
1463 1179 1650 1220 consessu.

927 1227 992 1264 est,
1028 1234 1168 1266 eumque
1189 1225 1292 1258 bubus
1320 1228 1453 1260 auratis
1482 1231 1513 1260 ot
1544 1237 1628 1268 equo

923 1267 1085 1314 plizcavit.
1114 1291 1150 1298 —-
1183 1276 1266 1308 ustis
1292 1276 1443 1318 navibus]
1476 1277 1543 1310 Dio
1566 1277 1627 1317 49,

928 1324 989 1355 40·
982 1348 989 1354 .
1015 1321 1140 1356 πάντα
1162 1321 1210 1356 τὰ
1233 1323 1370 1368 σκάφη
1394 1322 1564 1369 (Σέξτου)
1579 1325 1628 1359 τά

926 1382 966 1405 τε
989 1372 1028 1414 ἐς
1057 1370 1103 1406 τὸ
1125 1372 1334 1417 τεναγῶδες
1360 1370 1568 1409 ὀκέλλοντα
1590 1372 1628 1418 (ὁ

926 1422 1092 1469 Καῖσαρ)
1119 1425 1375 1470 κατεπιμπρη.
1406 1442 1443 1449 -
1478 1426 1630 1459 uisum

929 1473 1008 1505 Urbi
1020 1474 1144 1516 vincla]
1169 1483 1316 1516 semper
1330 1476 1463 1515 tamen,
1491 1474 1548 1508 vel
1562 1484 1629 1518 per

926 1531 1110 1562 nummos,
1136 1523 1246 1565 patris
1268 1523 1448 1557 vindicem
1473 1532 1556 1558 sese
1578 1525 1630 1558 fe-

928 1580 1022 1604 rens.
1050 1591 1087 1596 —
1112 1572 1235 1615 Servis]
1265 1573 1331 1606 Dio
1353 1572 1414 1613 48,
1434 1574 1494 1606 ⁴9:
1518 1571 1566 1607 τό
1587 1582 1629 1607 τε

926 1621 1074 1655 ἐκείνου
1111 1622 1227 1663 (Sexti)
1263 1619 1445 1656 ναυτικὸν
1483 1624 1565 1656 καὶ.
1581 1615 1627 1657 τὸ

926 1670 1002 1704 τῶν
1024 1668 1173 1704 δούλων
1201 1668 1278 1704 τῶν
1307 1671 1351 1705 ἐκ
1379 1668 1451 1715 τῆς
1469 1668 1628 1715 Ἰταλίας

926 1717 1224 1764 ἀφικνουμένων
1269 1720 1419 1764 πλῆθος
1457 1722 1627 1769 προσλα-

925 1769 1008 1812 βών
1031 1769 1214 1814 πάμπολυ
1237 1767 1408 1815 ηὐξήθη.
1437 1770 1628 1806 Τοσοῦτοι

926 1819 999 1867 γὰρ
1032 1819 1079 1863 δὴ
1118 1817 1387 1864 ηὐτομόλουν,
1425 1817 1526 1855 ὥστε
1561 1823 1628 1856 καὶ

927 1869 996 1912 τὰς
1018 1868 1296 1918 ἅειπαρθένους
1317 1871 1404 1904 καθ’
1429 1868 1540 1917 ἱερῶν
1569 1867 1628 1905 εὖ·

926 1919 1071 1963 ξασθαι
1107 1919 1361 1964 ἐπισχεθῆναι
1401 1919 1544 1962 σφῶν
1557 1920 1628 1963 τὰς

926 1967 1174 2014 αὐτομολίας.
1194 1972 1293 2004 Oros.
1312 1972 1349 2011 6,
1368 1972 1425 2004 ⁴8:
1451 1971 1625 2011 Continuo,

926 2030 1002 2053 cwm
1024 2024 1143 2053 contra
1166 2024 1306 2061 pactum
1334 2021 1506 2061 Pompeius
1533 2021 1628 2063 '‘uqi-

927 2071 1010 2103 tivos
1023 2071 1206 2112 adlegeret,
1231 2073 1270 2109 ut
1291 2070 1394 2102 hostis
1413 2069 1546 2102 habitus
1565 2074 1624 2103 ost.

928 2121 997 2154 Cfr.
1023 2120 1136 2162 Epod.
1153 2120 1192 2160 4,
1219 2120 1273 2152 49.
1298 2119 1420 2152 Vellei.
1438 2121 1479 2160 2,
1504 2120 1557 2153 73.

971 2171 1006 2203 44
1018 2170 1097 2203 -44,
1122 2171 1292 2202 Romanus
1305 2187 1324 2193 -
1338 2187 1358 2193 -
1373 2169 1624 2211 Enmncipatm]

923 2220 1151 2260 Emancipare
1172 2228 1205 2251 se
1227 2219 1330 2251 alicui
1353 2219 1407 2251 est
1431 2227 1491 2251 «se
1516 2218 1626 2251 veluti

926 2270 961 2302 in
985 2270 1062 2302 eius
1085 2269 1302 2310 mancipium
1324 2267 1534 2307 transferre,
1570 2269 1627 2300 to-

925 2320 1002 2351 tum
1017 2327 1056 2351 se
1073 2317 1172 2351 alteri
1189 2317 1366 2350 tradere.»
1391 2317 1515 2358 (minor
1532 2318 1627 2350 Fran

925 2368 1167 2409 Leibeiyeraer.»
1191 2366 1308 2407 Voss.)
1329 2365 1440 2399 Plaut.
1454 2366 1622 2400 Bacchid.

927 2418 965 2458 4,
1003 2419 1039 2457 4,
1076 2417 1290 2456 59:1vumc,
1325 2416 1462 2455 milior,
1495 2415 1627 2448 tibimo

926 2475 1130 2506 emancupo;
1171 2466 1256 2498 Tuus
1276 2474 1370 2505 siun,
1403 2464 1462 2496 tibi
1486 2473 1626 2505 operam

926 2517 978 2548 do.
1021 2516 1092 2548 Cic.
1119 2514 1204 2548 Phil.
1231 2516 1270 2555 2,
1294 2515 1357 2547 24:
1382 2517 1454 2547 tum
1475 2514 1626 2547 Μουση-

927 2565 1032 2597 ditum
1046 2568 1146 2605 atque
1159 2564 1406 2604 mancipatum
1419 2563 1626 2596 tribunatum

926 2615 1070 2647 consiliis
1098 2615 1214 2647 vestris
1238 2615 1400 2654 opposuit.
1440 2614 1514 2646 Iam
1540 2621 1628 2655 pro-

926 2665 1002 2706 prie
1049 2663 1193 2705 quidem
1238 2671 1329 2696 unus
1374 2663 1543 2695 Antonius
1583 2671 1623 2694 se
