1722 2904
185 99 266 140 394

700 99 871 132 HORATII
896 99 1121 132 CARMINUM

413 204 683 269 Magnessam
713 203 974 263 Hippolyten
1003 202 1106 246 dum
1136 202 1242 259 sugit
1270 201 1516 255 abstinens3

469 286 519 327 Et
548 273 732 342 peccare
762 284 970 328 docentes

524 365 668 410 Fallax
698 365 898 410 historias
929 373 1084 409 movet.

1575 365 1631 409 20

408 492 605 533 Frustra:
641 503 740 532 nam
769 489 960 547 scopulis
991 490 1164 533 surdior
1192 490 1300 534 Icari

407 573 543 615 Voces
578 570 696 614 audit
725 570 866 614 adhuc
896 571 1076 629 integer.
1107 596 1164 603 —
1192 572 1244 614 At
1271 569 1347 614 tibi

463 654 525 695 Ne
556 652 722 695 vicinus
753 651 940 708 Enipeus
959 639 1039 643 *ss

269 800 320 831 49.
348 799 492 831 docentis
515 798 580 830 BT.
609 816 645 821 -
678 798 732 830 20.
758 797 877 830 Pellam
900 796 1057 830 malebat
1079 795 1191 830 Bentl.
1231 815 1267 820 —
1287 795 1417 830 'monet
1437 796 1584 837 BbSTc,

225 850 304 882 LCt.
332 848 452 890 (movet
467 858 492 887 χ
505 872 514 888 ,
539 850 612 880 tres
630 847 740 880 Codd.
759 847 931 880 Torrentii
955 848 991 879 et
1007 846 1165 888 quinque
1181 846 1362 888 Pottierii.)
1383 865 1419 870 —
1444 846 1499 879 23.
1519 847 1587 879 Nec

223 900 270 939 B,
295 900 384 931 Pott.
411 898 494 931 duo.

180 1031 237 1070 cit,
255 1037 496 1070 reversusque
513 1029 549 1061 in
565 1028 782 1062 Thessaliam
794 1030 883 1061 Aca·
931 1036 998 1069 per
1021 1036 1168 1061 auream
1190 1028 1345 1060 aetatem
1366 1036 1438 1060 non
1453 1027 1630 1069 reperitur

179 1081 234 1113 sto
267 1078 403 1111 bellum
436 1077 551 1111 intulit
584 1080 620 1110 et
653 1077 789 1111 Iolcum
817 1087 882 1111 ex-

178 1130 356 1172 pugnavit.
403 1128 532 1161 Pindar
561 1129 663 1160 Nem.
688 1128 728 1168 4,
761 1128 816 1162 54.
845 1130 882 1161 et

177 1180 214 1219 5,
250 1179 305 1211 26.
343 1187 426 1211 cum
460 1177 667 1211 Scholiasta.
714 1177 877 1220 Apollod.

176 1227 264 1261 Bibl.
291 1228 328 1268 3,
355 1228 414 1268 43,
440 1228 473 1260 3.
504 1227 613 1260 Aliter
637 1237 679 1261 ex
703 1228 879 1261 Nicandro

177 1278 344 1310 Antonin.
378 1277 454 1310 Lib.
480 1277 541 1310 38:
577 1274 729 1321 Πηλεὺς
761 1287 880 1310 κατα-

178 1326 347 1360 λείπεται
367 1324 492 1370 μόνος
514 1326 555 1360 ἐν
574 1325 627 1371 τῷ
642 1326 788 1372 Πηλίῳ.
813 1328 880 1361 καὶ

177 1375 415 1420 πλαζόμενος
423 1374 646 1420 ἐντυγχάνει
653 1377 818 1425 Χείρωνι
826 1376 878 1423 τῷ

176 1425 399 1473 Κενταύρῳ·
440 1424 661 1460 ἱκετεύοντα
687 1426 729 1461 δὲ
759 1424 879 1461 αὐτὸν

175 1473 405 1516 ὑποδέχεται
425 1476 572 1518 ἐκεῖνος
589 1478 644 1519 εἰς
662 1476 707 1510 τὸ
723 1473 876 1524 ἄντρον.

178 1544 214 1551 -
241 1527 336 1561 Pelei
359 1528 533 1568 imagines
558 1527 636 1560 vide
661 1529 696 1560 in
720 1529 879 1561 Gerhard

179 1578 317 1619 Vasenq.
349 1578 406 1610 ΠΙ.
437 1578 475 1609 Τ.
502 1577 678 1610 CLXXVII
702 1586 804 1620 seqq.

220 1627 337 1660 48-20.
373 1627 598 1669 Maqnessam]
631 1636 651 1659 a
685 1628 876 1669 Magnesia,

177 1675 381 1709 Thessaliae
404 1675 506 1708 urbe.
545 1676 618 1709 «Ad
641 1676 878 1710 differentiam

174 1726 321 1759 alterius
338 1725 563 1768 Hippolytes,
588 1728 808 1760 Amazonum
823 1736 880 1759 re-

177 1777 291 1818 ginae,
311 1776 432 1808 uxoris
448 1776 608 1809 Thesei.»
623 1777 745 1809 Senon.
766 1794 803 1799 —
817 1777 878 1810 His

176 1825 317 1858 duabus
334 1824 460 1858 fabulis
477 1826 620 1858 nuntius
633 1827 751 1868 Gygae
767 1826 878 1868 spreti

173 1875 304 1908 amoris
334 1874 493 1916 pericula
529 1875 766 1908 demonstrat:
806 1876 877 1908 iam

173 1924 277 1964 alias,
303 1923 367 1957 tibi
390 1926 471 1957 ante
496 1934 566 1957 non
594 1926 771 1966 cognitas,
802 1934 878 1957 mo-

171 1978 239 2015 vet,
265 1973 416 2016 profert,
443 1983 535 2015 quae
551 1975 748 2007 amantium
772 1974 879 2007 felici-

173 2026 282 2056 tatem
298 2033 340 2056 ac
356 2024 483 2065 gaudia
500 2026 582 2057 ante
600 2024 723 2058 oculos
743 2033 878 2068 ponen-

175 2076 228 2107 tes
250 2082 415 2115 peccare,
447 2073 484 2106 id
514 2075 586 2114 est,
619 2073 705 2107 alias
732 2076 878 2116 praeter

173 2132 273 2163 eam,
306 2123 363 2156 cui
391 2122 501 2156 fidem
517 2123 644 2164 dehet,
669 2132 791 2157 amare
811 2124 877 2156 do-

172 2175 288 2207 ceant.
339 2174 450 2206 Movet
478 2175 618 2214 autem,
650 2174 692 2207 ut
724 2174 877 2208 dicimus

172 2224 372 2256 mentionem
382 2232 526 2264 movere,
544 2224 708 2257 actionem
719 2225 878 2265 adpopu-

171 2273 239 2305 lum
270 2282 419 2313 movere,
458 2272 562 2315 longe
586 2274 794 2315 exquisitius
823 2274 878 2306 est

172 2331 279 2363 quam
297 2322 409 2355 altera
424 2322 506 2356 lect.
523 2327 650 2363 monet,
677 2332 760 2356 «eas
773 2324 878 2365 signi-

176 2372 286 2404 ficans
303 2371 349 2404 illi
366 2373 399 2405 in
417 2375 576 2406 mentem
592 2374 773 2406 revocat.»
803 2373 874 2406 Cfr.

172 2422 264 2462 Virg.
291 2423 377 2454 Aen.
403 2423 442 2461 7,
469 2422 553 2456 64⁴:
589 2427 772 2463 cantusque
801 2432 876 2456 mo-

172 2475 252 2510 vete,
279 2472 476 2505 Wakefield
491 2476 630 2505 monete.
657 2473 756 2506 Ovid.
775 2475 814 2505 A.
832 2475 872 2506 A.

171 2522 207 2559 3,
234 2521 308 2553 654.
341 2524 474 2554 rectius
506 2532 601 2555 nunc
625 2523 752 2556 edunt:
790 2524 876 2564 Quid

172 2571 264 2602 ίαυαι
300 2572 460 2613 ambages
488 2577 736 2614 praeceptaque
762 2583 876 2615 parva

169 2620 327 2652 movere?
363 2621 465 2663 volgo
496 2631 640 2656 monere.
678 2641 714 2646 —
740 2622 874 2665 Fanum]

176 2671 229 2701 «te
243 2669 411 2712 decipere
426 2672 584 2714 cupiens.
603 2672 749 2706 Bentleii
759 2673 875 2715 pellae:

931 1079 998 1111 nisi
1027 1077 1124 1120 apud
1152 1077 1247 1119 Virg.
1280 1077 1369 1110 Aen.
1393 1077 1433 1118 2,
1463 1077 1523 1110 90:
1554 1076 1631 1118 pel-

930 1129 1013 1161 lacis
1049 1128 1176 1168 Ulixei,
1217 1127 1315 1169 quod
1349 1136 1394 1160 ex
1430 1127 1630 1168 antiquiore

930 1178 1077 1220 Tragico
1107 1177 1338 1220 desumptum
1366 1177 1520 1210 videtur.
1566 1177 1629 1220 (De

923 1229 1071 1270 pellacia
1103 1237 1137 1261 v.
1173 1228 1331 1270 Wagner
1359 1227 1406 1260 ad
1439 1227 1534 1270 Virg.
1566 1227 1627 1260 Ge.

928 1278 967 1319 4,
986 1277 1075 1320 443.)
1091 1296 1128 1302 —
1143 1278 1312 1311 Historiae
1325 1279 1463 1318 autem,
1486 1274 1628 1321 μῦθοι,

929 1329 1152 1361 narrationes
1188 1328 1369 1370 poeticae,
1412 1329 1453 1360 ut
1486 1326 1627 1368 Quintil.

930 1379 968 1418 4,
1003 1379 1024 1411 2
1037 1403 1045 1418 ,
1082 1377 1144 1411 ⁴4:
1187 1378 1438 1411 Granunatiem
1474 1376 1632 1423 laetoriae

929 1431 1093 1468 exponat,
1130 1429 1167 1460 et
1196 1436 1304 1470 saepe
1335 1427 1432 1470 apud
1459 1427 1627 1460 eundem.

972 1479 1027 1511 24.
1055 1472 1211 1520 Frustra]
1241 1476 1322 1510 Sola
1345 1477 1436 1510 haec
1457 1475 1629 1520 particula

929 1529 1104 1569 integram
1116 1527 1281 1569 exprimit
1294 1527 1521 1567 sententiam,
1539 1526 1630 1560 sicut

929 1577 993 1611 Od.
1012 1577 1051 1617 3,
1077 1577 1139 1617 43,
1157 1577 1210 1618 6.,
1236 1576 1300 1610 ubi
1321 1576 1448 1610 itidem
1468 1577 1630 1618 sequitur

927 1637 1021 1660 noan.
1050 1644 1086 1650 —
1116 1626 1407 1669 wopands-Icum]
1432 1626 1485 1660 Cf.
1509 1626 1573 1661 Od.
1595 1626 1627 1667 4,

929 1678 961 1718 4,
977 1678 1037 1710 45;
1055 1677 1175 1710 Icam’is
1186 1676 1349 1719 fluctibus.
1365 1677 1458 1710 Icari
1471 1676 1578 1719 genit.
1593 1685 1627 1709 v.

927 1727 1092 1766 Icarium,
1117 1735 1189 1760 non
1211 1735 1246 1759 v.
1263 1727 1391 1759 Ictum.
1412 1743 1448 1750 -
1467 1726 1631 1759 mdior-

927 1776 1033 1818 audt‘t]
1058 1775 1223 1809 Similiter
1241 1776 1360 1818 Eur-ip.
1378 1775 1471 1811 Med.
1488 1775 1551 1808 28:
1574 1770 1630 1817 ὥς

926 1825 967 1860 δὲ
1006 1827 1143 1874 πέτρος
1172 1822 1200 1870 ἢ
1225 1823 1442 1868 θαλάσσιος
1470 1823 1630 1860 Κλύδων

926 1873 1074 1910 ἀκούει.
1108 1878 1227 1919 Eurip.
1261 1876 1431 1910 Androm.
1463 1876 1549 1910 537:
1584 1875 1630 1909 Τί

925 1937 975 1970 με
1005 1927 1252 1973 προσπίτνεις
1279 1922 1396 1960 ἁλίαν
1426 1921 1632 1973 κέτρανἬ

926 1974 1032 2020 κῦμα
1063 1975 1187 2018 λιταῖς
1220 1972 1274 2018 ὣς
1313 1973 1514 2015 [metianu-
1553 1975 1624 2010 ctr.

926 2027 1038 2070 Epod.
1066 2028 1127 2067 47,
1152 2027 1206 2060 54.
1247 2026 1475 2060 Philodemus
1497 2026 1535 2059 iu
1559 2026 1629 2059 An-

927 2076 1012 2110 thol.
1038 2076 1108 2110 Pal.
1135 2078 1160 2110 1.
1186 2086 1222 2119 p.
1241 2077 1325 2110 ⁴⁴2:
1349 2071 1432 2108 ἀλλ’
1456 2073 1526 2109 ἴσα
1539 2071 1629 2108 πάνυ

926 2137 980 2171 τῳ
987 2122 1108 2171 Ἰονίῳ
1121 2124 1260 2170 μύθων
1273 2121 1407 2168 ἔκλυες
1417 2122 1625 2172 ἡμετέρων.

927 2177 993 2216 Qui
1027 2185 1227 2218 oxymoron
1255 2185 1332 2209 non
1365 2174 1624 2218 intelligebant.

925 2225 1184 2269 interpolamnt
1203 2226 1347 2267 spernit,
1383 2227 1424 2259 ut
1444 2224 1628 2259 hebebant
1697 2223 1701 2227 '

927 2275 1039 2309 Codd.
1066 2275 1138 2309 duo
1154 2274 1339 2309 Pulmanni
1360 2275 1398 2308 et
1411 2283 1504 2308 unus
1518 2275 1628 2308 Bers-

926 2326 1069 2365 manni3
1094 2325 1157 2358 cfr.
1175 2323 1288 2358 Bentl.
1307 2324 1355 2357 ad
1368 2325 1440 2358 Sat.
1459 2324 1492 2365 4,
1505 2323 1624 2365 3,25.;
1643 2357 1648 2361 ,
1721 2303 1722 2322 ³

926 2375 961 2408 in
983 2375 1074 2408 meis
1104 2376 1141 2408 et
1162 2374 1318 2408 Pottierii
1347 2373 1460 2408 Codd.
1485 2374 1627 2408 sincera

927 2426 984 2457 est
1006 2423 1124 2458 lectio.

969 2475 1024 2507 22.
1060 2474 1115 2507 23.
1156 2474 1262 2507 adhuc
1298 2473 1444 2517 integer]
1483 2481 1624 2514 «usque

925 2523 972 2556 ad
1000 2524 1095 2557 hunc
1118 2524 1215 2557 diem
1242 2524 1504 2566 incorruptus.»
1550 2521 1622 2556 Cfr.

925 2573 988 2606 Od.
1014 2574 1052 2613 2,
1078 2573 1116 2613 4,
1142 2574 1197 2606 22.
1225 2592 1262 2598 -
1283 2572 1623 2615 Enipeusanomine

926 2623 1082 2656 fluminis
1117 2622 1331 2656 Thessaliae.
1366 2641 1403 2647 —
1435 2620 1622 2667 Quomodo

926 2674 1046 2706 autem
1078 2674 1113 2706 in
1144 2673 1268 2707 festivo
1299 2674 1368 2706 hoc
1396 2673 1476 2706 ioco
1503 2671 1623 2713 nugati
