1722 2904
186 73 268 115 456

695 76 865 109 HORATH
889 77 1112 112 CARMINUM

665 405 977 445 cm
1016 405 1141 444 xx-

408 518 501 560 Non
529 516 671 568 vides,
704 524 863 574 quanto
893 531 1069 561 moveas
1097 518 1281 575 periclo,

406 598 592 657 Pyrrhe,
627 599 832 642 Gaetulae
862 598 1026 643 catulos
1055 598 1266 643 leaenae?
1292 582 1299 593 ⁸

406 682 524 723 Dura
553 687 651 737 post
679 680 823 737 paullo
853 680 991 738 fugies
1022 680 1207 724 inaudax

578 761 744 805 Proelia
774 768 939 820 raptor,

409 868 515 911 Cum
544 881 624 925 per
653 867 871 913 obstantes
902 867 1107 911 iuvenum
1136 873 1330 912 catervas
1603 870 1629 911 5

268 1001 339 1033 XX.
364 1000 473 1032 Inscr.
491 998 583 1041 volg.
609 999 661 1032 Aa
673 1000 855 1040 Pyrrhum,
882 1000 983 1032 etsie
999 999 1110 1032 Codd.
1130 1000 1213 1033 mei.
1232 998 1296 1042 (Aa
1309 1001 1465 1034 Phirmm
1475 1000 1526 1043 T.)
1547 1019 1583 1025 —

227 1051 257 1083 l.
287 1049 426 1090 periclo]
462 1049 606 1082 tumultu
626 1058 651 1088 χ
676 1050 712 1082 et
739 1058 813 1082 var.
843 1048 924 1083 lect.
955 1060 1030 1093 γικ.
1062 1067 1098 1074 —-
1139 1050 1171 1083 3.
1191 1051 1336 1091 paulum
1365 1047 1513 1094 Τᾶ,βνξ.
1547 1070 1583 1076 -

226 1101 257 1132 5.
288 1100 445 1132 obstantis
471 1100 536 1132 BT.

228 1219 298 1251 XX.
332 1219 422 1251 Aere
445 1219 628 1250 certamen
652 1217 697 1251 de
720 1218 883 1251 Nearcho

186 1267 450 1301 adolescentulo
464 1269 582 1300 ortum
593 1268 685 1300 inter
693 1269 880 1308 Pyrrhum,

183 1319 258 1351 eius
293 1319 507 1358 amatorem,
543 1320 578 1350 et
607 1317 762 1360 puellam
792 1317 882 1351 illius

183 1377 305 1401 amore
335 1369 517 1401 incensam
547 1377 702 1409 eumque
732 1367 799 1401 sibi
820 1368 882 1400 uni

183 1427 327 1451 servare
356 1428 398 1451 ac
421 1419 574 1451 retinere
599 1419 803 1461 cupientem
828 1417 882 1450 le-

184 1468 266 1510 pide
291 1469 422 1501 narrat.
469 1470 582 1510 Prope
613 1467 759 1501 ridicule
791 1469 879 1500 ΗΡ.;

185 1519 359 1551 «Carmen
377 1517 591 1551 obscurum»
618 1518 700 1559 (quo
722 1518 881 1560 profecto

183 1567 268 1600 nihil
306 1567 433 1600 clarius
464 1567 533 1608 est)
572 1569 632 1600 «et
658 1569 716 1600 vix
739 1568 881 1600 Horatio

183 1618 362 1659 dignum».
412 1618 577 1660 (Tempus
606 1618 783 1650 incertum
807 1619 878 1656 est;

183 1668 342 1700 referunt
370 1666 425 1700 alii
456 1667 502 1700 ad
527 1677 558 1700 a.
584 1677 619 1700 U.
647 1677 678 1701 c.
704 1668 799 1708 727„
825 1667 881 1700 alii

183 1718 229 1750 ad
251 1727 284 1750 a.
311 1717 399 1758 732.)

228 1769 258 1800 l.
276 1769 309 1801 2.
337 1769 434 1800 «Non
449 1767 568 1807 vides,
595 1768 727 1809 quanto
743 1768 803 1800 tuo
819 1776 882 1809 pe-

182 1816 292 1850 riculo
322 1816 460 1859 puellae
484 1817 618 1849 fervide
650 1817 782 1849 amanti
809 1817 882 1849 for-

182 1876 324 1900 mosum
348 1865 611 1900 adolescentem
638 1867 795 1899 adimere
819 1875 882 1899 co-

183 1918 300 1950 neris?
338 1917 499 1949 Profecto
531 1925 602 1949 non
624 1917 761 1950 minore
785 1917 882 1958 peri-

184 1967 263 1999 culo
286 1968 436 1999 venator
458 1966 602 2000 leaenae
627 1967 787 2000 Gaetulae
804 1966 878 2008 (Od.

186 2018 221 2056 l,
247 2017 306 2055 ⁶23,
334 2017 399 2058 40.)
426 2016 559 2050 catulos
583 2017 752 2049 auferat.»
781 2017 883 2049 Cete-

183 2075 263 2098 rum
286 2067 389 2099 vetus
414 2068 467 2099 est
496 2067 724 2108 comparatio.
772 2067 878 2107 Regg.

183 2117 221 2155 2,
242 2117 281 2148 47
293 2141 300 2155 ‚
319 2116 356 2149 8:
381 2117 482 2148 veluti
502 2117 531 2148 si
545 2125 627 2148 ursa
641 2116 749 2157 raptis
763 2116 883 2148 catulis

182 2166 218 2197 in
241 2166 329 2198 saltu
350 2167 493 2206 saeviat,
521 2166 565 2198 de
588 2167 673 2199 viris
695 2165 882 2207 fortissimis

183 2219 214 2247 et
229 2225 348 2248 amaro
365 2216 488 2248 animo.
509 2234 546 2238 —
562 2215 704 2257 moveas]
724 2216 879 2256 «tangas,

183 2266 221 2297 ut
244 2267 404 2307 asportes
428 2275 471 2298 ex
500 2265 610 2298 lustro
633 2265 814 2298 leaenae.»
842 2283 878 2288 -

179 2315 321 2356 Pyrrhe]
351 2316 542 2347 Verissime
572 2316 687 2356 Unger
713 2316 753 2347 V.
779 2316 817 2347 R.
843 2323 878 2356 p.

182 2364 288 2395 XIII.:
328 2364 614 2405 «Bambergerus
645 2365 680 2396 in
707 2365 821 2397 Philol.
853 2365 878 2396 Ι.

181 2414 213 2444 2.
239 2422 274 2454 p.
307 2413 381 2446 324.
415 2414 719 2454 quemadmodum
748 2416 882 2447 Procu-

184 2461 291 2494 leium
323 2464 458 2496 Graeco
489 2463 663 2496 vocabulo
687 2462 879 2505 Telephum

184 2521 218 2553 p,
246 2512 341 2552 346„
368 2514 412 2545 ita
439 2514 476 2546 C.
503 2512 663 2554 Valgium
691 2514 813 2559 Rufum
835 2512 880 2545 ab

187 2562 327 2593 Horatio
344 2563 401 2595 hic
418 2563 589 2595 nominari
607 2563 796 2596 arbitratus
813 2564 880 2595 est.

185 2611 285 2648 Quod
332 2612 513 2645 confutare
551 2621 621 2645 non
663 2612 779 2645 habeo
818 2621 882 2645 ne-

184 2668 322 2692 ceSSQ.»

975 1217 1006 1250 3.
1042 1221 1118 1258 post
1149 1218 1285 1261 paullo]
1322 1219 1542 1261 Frequenter
1577 1221 1629 1253 sic

933 1268 1039 1300 etiam
1054 1267 1240 1309 Salustius,
1261 1269 1409 1310 Caesar,
1432 1269 1548 1303 Livius
1563 1278 1629 1312 pro

926 1318 1043 1358 paullo
1064 1321 1152 1358 post.
1180 1336 1216 1342 —-
1247 1318 1413 1361 inaudaoe]
1444 1314 1627 1362 ἄτολμος.

931 1368 1005 1400 Hoc
1020 1376 1115 1400 nunc
1131 1367 1277 1408 quidem
1296 1363 1401 1410 ἅπαξ
1422 1366 1630 1412 λεγόμενον

930 1426 1001 1449 uno
1033 1416 1144 1458 gradu
1172 1417 1278 1450 distat
1307 1426 1327 1450 a
1357 1418 1524 1459 «timido,
1561 1419 1631 1452 im—

930 1466 1032 1507 belli,
1058 1467 1229 1508 ignavo»,
1256 1475 1348 1508 quae
1371 1468 1545 1501 maiorem
1560 1469 1632 1502 uti-

931 1526 1001 1558 que
1025 1516 1160 1549 habent
1181 1517 1512 1559 reprehensionem.

974 1568 1005 1599 5.
1026 1576 1091 1607 per
1113 1566 1276 1599 obstantes
1293 1567 1450 1601 iuvenum
1463 1568 1628 1610 catervas]

930 1616 1100 1658 Singulari
1137 1616 1284 1650 artificio
1318 1618 1447 1650 retinet
1483 1617 1628 1651 leaenae

929 1667 1121 1708 imaginem
1144 1665 1343 1699 catulorum
1365 1668 1548 1709 raptorem
1573 1666 1630 1700 ul-

930 1717 1007 1749 tum
1045 1716 1160 1749 euntis
1198 1715 1374 1758 simulque
1407 1716 1546 1759 puellae
1581 1716 1627 1750 ob

930 1767 1111 1807 iniuriam,
1145 1775 1254 1807 quam
1276 1766 1310 1798 ei
1332 1766 1436 1800 infert
1457 1767 1627 1808 Pyrrhus,

930 1817 1027 1857 grate
1065 1815 1257 1848 iracundae
1295 1815 1468 1849 admiscet
1503 1816 1630 1858 imagi-

930 1875 1025 1898 nem.
1078 1866 1151 1898 Hae
1192 1869 1347 1898 catervae
1383 1867 1504 1899 autem
1547 1867 1630 1899 sunt

929 1915 1037 1947 veluti
1048 1916 1259 1948 venatorum
1271 1915 1447 1956 Pyrrhum
1459 1916 1630 1948 comitan-

930 1966 1035 2004 tium,
1060 1964 1097 1996 id
1120 1966 1189 2005 est,
1215 1965 1376 2006 priorum
1390 1965 1543 1997 Nearchi
1556 1974 1628 1998 una

930 2023 1013 2047 cum
1028 2014 1177 2055 Pyrrho⁷
1197 2014 1253 2046 cui
1268 2015 1388 2046 tamen
1404 2013 1461 2047 ille
1473 2015 1628 2048 maxime

929 2063 1082 2104 favehat,
1100 2064 1312 2104 amatorum,
1330 2064 1523 2105 antequam
1537 2073 1629 2106 puer

929 2113 1085 2146 fervidae
1100 2111 1240 2155 puellae
1256 2115 1416 2147 maturus
1432 2114 1503 2146 iam
1519 2114 1626 2154 esset;

930 2172 999 2196 non
1022 2172 1109 2196 vero
1134 2165 1265 2196 «ceteri
1286 2163 1425 2205 puellae
1448 2165 1627 2197 amatores

930 2213 1199 2253 dissuadentes,
1245 2223 1291 2247 ne
1335 2214 1475 2256 repetat
1514 2215 1628 2246 Near-

931 2264 1082 2304 chum»,
1115 2265 1155 2296 ut
1181 2264 1299 2297 visum
1322 2265 1376 2297 est
1399 2262 1624 2305 quibusdam.

975 2314 994 2346 6
1014 2331 1033 2336 -
1059 2313 1090 2346 8.
1131 2313 1308 2355 insiynem]
1331 2313 1465 2358 ¹«inter
1502 2321 1627 2346 omnes

931 2363 1084 2396 maxime
1109 2363 1376 2405 conspicuum.»
1416 2362 1456 2395 H.
1478 2361 1500 2394 l.
1519 2361 1628 2395 abso-

930 2412 1019 2453 lute,
1056 2413 1138 2454 quia
1172 2413 1418 2454 unusquisque
1441 2410 1628 2453 suppletu-

931 2472 992 2495 rus
1027 2464 1120 2494 erat:
1163 2461 1302 2495 «forma
1335 2462 1427 2494 inter
1459 2459 1627 2502 aequales

932 2521 1050 2545 suos.»
1079 2531 1114 2535 —
1141 2512 1276 2545 Grande
1302 2514 1468 2544 certamen
1488 2528 1507 2534 -
1521 2527 1540 2534 -
1555 2509 1626 2553 illa]

933 2563 1037 2594 «Tota
1062 2562 1150 2594 haec
1173 2561 1346 2594 sententia
1363 2560 1537 2603 appositio
1553 2560 1625 2599 est,

932 2620 1003 2644 non
1027 2611 1072 2643 ad
1100 2612 1301 2644 Nearchum
1327 2610 1473 2652 quidem
1496 2608 1624 2652 solum,

933 2661 997 2695 sed
1021 2661 1066 2694 ad
1089 2660 1309 2703 praecedens
1333 2660 1553 2694 enuntiatum
1576 2659 1628 2692 to-
