1722 2904
209 68 291 112 600

548 171 689 216 Findit
716 171 904 230 Aprilem
921 206 929 222 ‚

713 67 886 101 HonATn
909 66 1135 100 CARMINUM

434 281 531 323 Iure
562 278 780 323 sollemnis
810 276 912 321 mihi
943 276 1217 334 sanctiorque

433 362 576 405 Paene
611 359 737 403 natali
769 358 972 416 proprio,
1003 357 1123 416 quod
1153 371 1207 402 ex
1238 357 1321 402 hac

435 442 550 485 Luce
581 442 808 484 Maecenas
837 453 960 483 meus
993 438 1234 483 adfluentes

548 521 730 566 Ordinat
759 534 907 564 annos.

1604 522 1659 563 20

434 627 688 685 Telephum,
721 640 850 684 quem
882 633 927 670 tu
956 626 1090 684 petis,
1123 627 1350 684 occupavit

434 710 527 752 Non
557 715 656 752 tuae
687 708 815 751 sortis
846 708 1046 751 iuvenem
1076 707 1220 765 puella

435 790 566 833 Dives
597 796 639 832 et
667 788 829 832 lasciva
858 795 1062 847 tenetque
1092 796 1212 847 grata

559 870 780 928 Compede
809 870 1010 913 vinctum.

437 978 584 1019 Terret
615 975 838 1019 ambustus
867 974 1089 1019 Phaethon
1118 989 1271 1019 avaras

302 1122 353 1154 49.
380 1121 547 1163 affluentis
567 1120 633 1153 BT.

215 1247 306 1279 sisse
337 1244 529 1278 ferebatur.
571 1244 642 1277 Cfr.
673 1244 784 1276 Varro
812 1245 849 1276 L.
874 1245 912 1276 L.

214 1296 234 1327 6
247 1320 254 1334 ,
275 1295 329 1328 33.
356 1294 519 1328 ed.Miill.
534 1294 691 1327 Macrob.
707 1295 777 1327 Sat.
794 1294 807 1326 l
825 1319 832 1333 ,
848 1294 912 1326 42:

212 1345 308 1378 Hanc
340 1345 471 1378 Romuli
502 1345 603 1386 fuisse
625 1347 780 1376 asserunt
806 1344 917 1376 ratio-

212 1404 310 1435 nem,
345 1397 383 1426 ut
402 1394 552 1435 primum
575 1394 705 1434 quidem
727 1401 871 1425 mensem
893 1401 916 1424 a

207 1447 310 1485 patre
323 1453 383 1476 suo
393 1445 522 1483 Marte,
541 1444 720 1475 secundum
731 1442 773 1474 ab
788 1442 917 1474 Aeneae

211 1496 322 1526 matre
346 1493 468 1526 Venere
493 1493 610 1534 (quasi
633 1492 679 1524 ab
702 1488 830 1538 ἀφρῷ)
853 1501 917 1523 ηο-

214 1543 372 1575 minaret.
419 1542 532 1574 Varro
555 1541 577 1574 l.
608 1540 656 1573 l.:
695 1542 805 1583 maqis
833 1544 916 1581 puto

216 1593 363 1632 dictum,
412 1592 500 1632 quod
532 1600 593 1623 ver
625 1591 739 1623 omm’a
783 1591 914 1631 aperit,

214 1642 374 1681 Aprilem.
424 1642 593 1674 Ceterum
621 1641 665 1672 de
690 1639 820 1682 Apellis
842 1641 916 1672 Ve-

213 1700 299 1723 nere
334 1691 471 1722 marina
502 1699 536 1722 v.
562 1690 705 1731 elegans
739 1690 915 1723 Leonidae

213 1741 292 1773 Tar.
311 1741 426 1781 Epigr.
444 1740 549 1772 Anth.
568 1739 638 1772 Pal.
666 1741 706 1772 11.
724 1749 759 1781 p.
780 1740 855 1772 680.
875 1758 912 1763 —-

213 1789 336 1829 Findit]
364 1789 546 1827 ‹1dividit3›;
578 1791 616 1820 ut
639 1789 756 1830 ipsum
779 1798 814 1821 v.
840 1790 918 1821 Idus

215 1838 445 1871 deducebant
468 1838 512 1870 ab
530 1839 675 1879 antiquo
692 1839 805 1871 verbo
821 1840 919 1871 idua-

214 1897 270 1927 re,
296 1889 333 1920 id
358 1890 435 1928 est,
477 1889 633 1921 dividere.
660 1889 816 1922 Macrob.
843 1890 914 1920 Sat.

215 1939 228 1970 l
247 1963 254 1978 ,
283 1938 335 1970 45.

260 1988 300 2019 47
316 2005 335 2011 -
350 1988 404 2019 20.
441 1988 672 2028 sanctiorque]
707 1986 832 2019 Tibull.
872 1987 892 2020 4
907 2013 914 2027 ,

215 2038 253 2077 ὃ,
280 2038 293 2069 4
315 2047 322 2069 :
366 2038 430 2078 Qui
451 2038 532 2069 mihi
554 2041 609 2077 te,
646 2038 815 2077 Cerinthe,
851 2038 919 2069 dies

215 2087 325 2126 dedit,
362 2087 414 2118 hic
445 2087 528 2119 mihi
549 2090 684 2119 sanctus
704 2087 810 2127 Atque
831 2087 919 2118 inter

214 2136 313 2177 festos
327 2145 454 2176 semper
468 2137 636 2169 habendus
650 2137 723 2169 erit.
745 2155 782 2160 —
798 2136 915 2179 Paene]

216 2188 304 2219 «Pro
350 2186 552 2219 adulatione
586 2187 730 2219 vitanda
762 2188 915 2229 posuit.»

216 2237 341 2269 Aenon.
380 2237 461 2269 Sine
485 2245 592 2269 causa
609 2235 815 2269 scholastici
831 2246 919 2269 non-

217 2284 301 2316 nulli
334 2286 402 2318 hoc
436 2287 621 2327 tamquam
654 2285 766 2327 lyrico
796 2287 917 2327 generi

217 2335 335 2367 minus
359 2336 576 2367 conveniens
598 2335 856 2376 vituperarunt.
877 2354 914 2359 —-

218 2383 378 2425 ordinat]
416 2387 464 2417 «A
492 2385 608 2426 primo
639 2385 697 2417 die
722 2394 787 2417 suo
812 2385 917 2417 natali

218 2441 367 2465 exorsus
394 2434 582 2467 Maecenas
610 2443 722 2466 annos
754 2442 839 2467 suos
862 2435 919 2476 af-

217 2484 372 2523 fluentes,
413 2485 547 2517 sensim
579 2485 646 2517 sibi
680 2485 918 2518 succedentes

221 2533 256 2563 et
279 2541 432 2572 quorum
465 2542 616 2566 numero
646 2543 753 2575 quam
776 2534 918 2576 plurimi

221 2581 305 2621 opto
321 2582 510 2623 accedant,
536 2583 660 2616 ordine
677 2585 877 2616 numerat.»

264 2631 301 2663 2⁴
323 2648 341 2654 -
356 2631 410 2665 24.
439 2632 626 2674 Telephum]
662 2633 763 2666 Idem
787 2642 919 2666 nomen

963 1245 1126 1287 poeticae
1149 1252 1326 1286 personae
1350 1243 1414 1277 Od.
1438 1246 1477 1285 4,
1498 1245 1551 1278 ⁴3.
1577 1246 1614 1278 et
1628 1246 1661 1286 3,

966 1294 1038 1334 49.,
1074 1294 1171 1326 unde
1199 1302 1328 1335 magna
1358 1295 1395 1326 et
1422 1293 1553 1327 inutilis
1576 1304 1665 1328 con-

965 1345 1139 1377 troversia
1161 1344 1254 1377 inter
1282 1343 1518 1377 scholasticos
1542 1345 1664 1377 exorta

966 1395 1042 1433 est,
1079 1394 1200 1426 utrum
1226 1402 1320 1426 unus
1347 1393 1517 1435 idemque
1541 1394 1662 1435 fuerit,

965 1452 1009 1475 an
1033 1442 1105 1475 duo
1120 1468 1128 1482 ,
1159 1451 1205 1475 an
1228 1447 1302 1476 tres
1325 1443 1480 1482 diversi3
1517 1443 1664 1485 quidam

966 1501 1008 1525 eo
1033 1493 1141 1524 etiam
1163 1492 1333 1525 audaciae
1356 1501 1570 1535 progressus
1594 1494 1662 1534 est,

964 1543 1005 1573 ut
1019 1541 1214 1583 Telephum
1236 1550 1302 1583 pro
1324 1542 1406 1575 ficta
1429 1551 1584 1584 persona
1599 1542 1667 1575 ha-

965 1591 1080 1624 beret.
1121 1591 1290 1623 Ceterum
1312 1590 1558 1624 acerbioribus
1581 1600 1667 1625 sen-

965 1639 1118 1673 tentiolis
1148 1649 1307 1681 pungere
1330 1639 1527 1681 Phyllidem
1557 1650 1668 1674 cona-
1720 1669 1722 1683 ,

966 1692 1041 1730 tur,
1075 1698 1146 1731 quo
1176 1689 1321 1731 Telephi
1349 1690 1497 1723 tandem
1519 1689 1667 1724 oblitam
1720 1696 1722 1698 ’

966 1739 1012 1772 ad
1035 1748 1074 1772 se
1098 1739 1215 1772 solum
1238 1739 1432 1772 amandum
1454 1740 1609 1773 inducat.
1626 1759 1664 1765 —-
1718 1753 1722 1777 -:

1216 1790 1272 1821 «te
1314 1790 1550 1831 praeveniens
1598 1790 1667 1823 sibi

966 1838 1198 1871 conciliavit.»
1226 1856 1263 1862 —
1291 1839 1367 1871 Non
1389 1842 1467 1871 tuae
1488 1840 1588 1872 sortis
1608 1840 1666 1872 iu-
1718 1838 1722 1866 i

965 1889 1089 1928 venem]
1120 1887 1358 1920 «condicionis
1387 1886 1491 1930 longe
1514 1887 1668 1922 nobilio-
1717 1906 1722 1911 -

967 1938 1035 1977 ris,
1071 1946 1114 1969 ac
1143 1938 1178 1969 te
1203 1937 1392 1976 ditiorem;
1433 1939 1534 1970 cuius
1562 1939 1668 1979 igitur
1715 1955 1722 1976 ς

967 1996 1130 2019 amorem
1151 1986 1214 2018 tibi
1228 1986 1388 2028 polliceri
1403 1995 1586 2029 nunquam
1601 1987 1669 2020 de-
1718 2016 1722 2022 ,

966 2036 1115 2069 behas.»
1140 2036 1196 2068 Sic
1219 2036 1316 2068 enim
1339 2036 1462 2078 iungo,
1488 2045 1559 2069 non
1582 2045 1666 2070 cum
1717 2038 1722 2066 ἒ

966 1789 1158 1829 occupavit]

967 2085 1156 2118 Lambino:
1195 2095 1263 2117 mm
1294 2089 1373 2118 tuae
1404 2087 1503 2118 sortis
1526 2086 1666 2126 puella,
1715 2083 1722 2135 ζ

968 2136 1051 2168 «tibi
1073 2134 1176 2168 valde
1201 2134 1380 2168 dissimilis
1403 2134 1483 2168 loco
1498 2160 1506 2175 ,
1531 2144 1584 2176 re,
1609 2144 1670 2177 ge-
1718 2156 1722 2180 ,-

967 2194 1075 2225 nere,
1101 2185 1232 2227 quippe
1256 2185 1380 2217 dives.»

1010 2235 1156 2267 25-27.
1206 2234 1336 2276 Terret]
1387 2234 1528 2276 «Atque
1564 2210 1678 2276 copia*
1716 2249 1722 2276 3

967 2284 1069 2317 adest
1091 2282 1358 2325 exemplorum,
1399 2291 1492 2324 quae
1514 2284 1669 2324 graviter
1718 2279 1722 2301 ³·

967 2343 1032 2367 nos
1055 2334 1249 2373 moneant,
1283 2334 1324 2365 ut
1354 2341 1396 2365 ea
1419 2332 1667 2365 tantummodo
1720 2366 1722 2371 ,

967 2385 1159 2422 sectemur,
1177 2382 1308 2424 quibus
1323 2383 1418 2414 vires
1433 2382 1668 2423 fortunaeque
1719 2379 1722 2418 ἲ

967 2434 1109 2466 nostrae
1125 2441 1232 2474 pares
1251 2432 1337 2470 sint3
1361 2431 1470 2464 veluti
1486 2432 1666 2464 Phaethon
1716 2430 1722 2443 ¹

968 2484 1043 2525 ille,
1069 2483 1212 2525 (τυπεὶς
1228 2479 1325 2529 πρὸς
1340 2482 1480 2528 στέρνα
1494 2480 1666 2528 κεραυνῷ
1715 2478 1722 2514 ἶ

962 2530 1148 2576 ἹΙμιδαὴς
1177 2532 1336 2565 Φαέθων
1366 2531 1478 2574 Apoll.
1496 2531 1608 2565 Rhod.
1627 2531 1659 2572 4,

969 2582 1059 2623 597.)
1086 2584 1145 2624 qui
1169 2582 1339 2614 mnbustus
1361 2578 1545 2621 incendio,
1571 2580 1667 2622 quod
1720 2623 1722 2625 ι

969 2642 1035 2675 per
1057 2631 1194 2665 caelum
1220 2631 1399 2671 excitavit,
1430 2631 1466 2663 et
1488 2631 1579 2663 Iovis
1599 2629 1668 2663 ful-
