1722 2904
206 85 286 126 454

710 87 880 119 HORATll
906 87 1128 120 CARMINUM

431 190 497 233 Me
527 189 665 232 lentus
697 189 905 249 Glycerae
935 197 1067 233 torret
1097 204 1218 232 amor
1246 204 1381 234 meae.

207 347 308 385 mini,
341 355 557 387 quamquam
586 346 682 378 haud
706 356 785 378 raro
809 346 903 388 apud

207 397 398 438 scriptores
434 398 468 428 et
502 397 535 428 in
570 397 744 438 Inscriptt.
779 395 901 435 obvio,

207 445 306 478 multi
341 445 472 478 librarii
509 446 624 478 notius
656 447 763 478 etiam
793 446 906 478 Chloe's

207 505 336 528 nomen
353 495 621 528 substituerunt.
657 496 726 537 («In
751 496 905 528 nomini-

206 546 273 578 bus
297 546 333 578 id
356 547 508 578 maxime
533 545 659 578 lusisse
684 547 837 586 poetam,
867 547 906 577 ut

207 596 368 637 personis
395 595 497 637 ipsis,
533 595 770 636 temporibus,
796 594 905 627 rebus

208 652 316 686 quam
351 643 716 676 accommodatissima
765 645 903 682 essent,

209 704 251 726 ex
274 693 433 735 plurimis
458 693 628 735 exemplis
657 694 802 734 cogitur.
851 693 905 725 Sic

207 744 338 775 factum
363 744 431 782 est,
464 744 503 774 ut
527 744 758 784 apparantem
783 742 905 774 convi-

207 794 304 825 vium
330 793 564 825 Thaliarchum
580 792 730 834 (θαλίας
754 788 903 838 ἀρχόν),

207 851 332 875 senem
345 851 527 875 morosum
541 843 646 884 atque
662 843 906 884 importunum

207 892 334 931 Lycwm
364 890 463 933 (alter
491 892 663 933 Iseyrimm
677 891 714 933 l),
748 892 906 932 turpicu—

208 940 283 973 lum
294 941 531 973 feneratorem
539 941 692 981 Alphiwm
702 937 906 983 (ἀλφαίνω)

208 989 353 1028 fecerit;
379 991 444 1030 sic,
471 989 674 1031 loquaculas
690 992 729 1022 ut
744 991 906 1032 Lalayas,

953 347 1214 388 superstitiosas
1238 348 1276 379 ut
1297 348 1486 380 Leuconoas
1509 347 1649 390 (λευκαὶ

953 396 1106 441 φρένες,
1132 395 1274 429 stultitia
1289 397 1330 438 Ι),
1355 396 1489 438 puellas
1505 398 1650 431 vixdum

954 446 1028 477 viro
1052 446 1283 487 tempestivas
1318 446 1436 479 Ghloas
1469 447 1650 487 [feminam

954 494 1145 527 iuvenilem
1193 495 1345 536 Rhoden]
1398 497 1438 528 ut
1485 496 1649 529 dixerit.»

953 544 1094 585 NAucx.)
1129 562 1167 567 —
1203 544 1323 586 lentus]
1362 546 1439 578 Non
1472 547 1527 578 est
1561 547 1650 578 «iam

953 594 1109 635 frigidior
1143 593 1301 634 factus»,
1337 595 1376 626 ut
1407 593 1529 628 volunt
1561 604 1652 628 non-

954 643 1054 683 nulli,
1091 652 1174 676 nam
1197 652 1308 685 prope
1331 643 1519 677 ridiculum
1542 644 1648 677 foret:

956 692 1119 733 «frigidus
1142 693 1213 725 iam
1237 694 1272 725 et
1297 692 1529 734 languescens
1552 703 1652 727 amor

955 751 1012 774 me
1035 743 1185 783 torret,»
1218 741 1282 775 sed
1305 741 1468 784 «longus,
1494 744 1555 785 qui
1579 743 1654 776 len—

957 794 989 825 te
1017 793 1206 825 absumit.»
1231 791 1294 825 Od.
1324 794 1355 833 ⁴,
1383 793 1442 834 ⁴3,
1467 794 1505 827 8:
1545 795 1671 835 Quam'

954 843 1048 875 lentis
1064 843 1198 883 penitus
1217 851 1369 875 macerer
1394 842 1542 884 ignibus,
1574 843 1649 876 Tib.

957 895 992 932 l,
1019 892 1058 932 4,
1084 893 1142 925 8⁴:
1174 893 1246 925 Heu
1267 893 1330 926 heu
1353 902 1455 934 quwm
1476 893 1654 926 Marathus

955 944 1041 975 lento
1063 951 1115 974 me
1137 945 1267 983 torquet
1294 944 1445 982 morel,
1480 942 1542 975 ubi
1567 951 1653 985 pro-

956 992 1036 1033 pter
1059 992 1190 1024 Horatii
1221 991 1339 1025 locum
1363 993 1508 1026 minime
1531 991 1653 1033 legen-

209 1038 355 1072 tenellas
385 1041 423 1071 ut
450 1040 595 1079 Lydias,
635 1040 840 1082 insipientes
865 1049 907 1072 ac
958 1041 1043 1073 dum
1066 1044 1181 1073 torret.

690 1278 1176 1328 Excunsus

836 1381 886 1411 An
910 1388 943 1411 v.
971 1378 1023 1411 43.

304 1497 392 1530 Olim
409 1499 552 1530 secutus
569 1506 668 1530 eram
685 1498 959 1531 Scholiastarum
973 1498 1315 1540 interpretationem:
1337 1499 1490 1532 «Novem
1506 1499 1655 1540 cyathos

213 1553 279 1586 sibi
303 1554 418 1595 poscit
439 1555 545 1595 poeta
568 1551 840 1595 ἐνθουσιάζων.
888 1555 999 1595 Supra
1023 1563 1154 1586 novem
1170 1554 1290 1587 autem
1311 1554 1341 1586 si
1362 1552 1541 1588 addideris
1562 1555 1652 1595 tres,

213 1609 403 1641 duodecim
420 1609 533 1650 epotis
549 1608 669 1642 ebrius
686 1610 796 1643 factus
813 1609 913 1643 facile
929 1609 1066 1643 incides
1082 1610 1117 1642 in
1133 1610 1257 1650 rixas,·
1269 1619 1289 1642 a
1312 1609 1441 1652 quibus
1462 1609 1657 1644 abhorrent

211 1666 366 1705 Gratiae,
384 1665 420 1697 id
437 1666 507 1704 est,
526 1674 618 1706 quae
635 1666 730 1698 rixae
747 1667 829 1699 sunt
845 1666 1043 1699 contrariae
1059 1674 1166 1698 verae
1187 1664 1374 1699 laetitiae.»
1413 1667 1655 1708 Exposueram

213 1722 333 1762 igitur,
359 1722 399 1753 ut
420 1721 635 1762 arbitrabar,
669 1723 829 1764 apposite
854 1722 900 1754 ad
922 1722 1038 1764 ipsam
1064 1731 1120 1754 vv.
1139 1720 1427 1755 collocationem:
1464 1725 1530 1755 tres
1551 1731 1656 1763 supra

210 1786 346 1817 novem,
372 1786 442 1810 non
466 1779 505 1809 ut
527 1778 763 1810 recentiores:
790 1787 896 1819 supra
920 1781 997 1810 tres.
1044 1777 1242 1810 Duodecim
1265 1779 1386 1811 autem
1402 1778 1521 1819 cyathi
1536 1779 1655 1811 sexta-

211 1834 302 1866 rium
337 1832 526 1875 complent.
574 1835 625 1866 Ita
657 1835 873 1875 Augustum,
910 1834 1036 1874 quoties
1067 1834 1252 1875 largissime
1284 1842 1318 1866 se
1349 1834 1526 1874 invitaret,
1540 1862 1548 1866 .
1564 1842 1657 1867 sonos

210 1892 376 1922 seoetantes
410 1889 624 1931 (sextarium)
666 1899 733 1922 non
767 1890 940 1922 eaecessisse
972 1890 1095 1922 auctor
1129 1890 1184 1923 est
1222 1890 1408 1922 Suetonius
1442 1890 1560 1922 Octav.
1598 1890 1652 1922 77.

211 1947 333 1987 Neque
367 1955 454 1978 vero
489 1946 558 1978 hoc
593 1946 698 1986 dicit,
739 1947 844 1988 epoto
875 1954 895 1977 a
918 1944 1062 1987 singulis
1087 1945 1239 1978 sextario
1263 1954 1408 1987 semper
1429 1945 1523 1978 rixas
1546 1945 1652 1985 oriri,

212 2002 277 2034 sed
299 2002 497 2044 periculum
521 2010 622 2042 esse,
658 2011 702 2034 ne
727 2002 894 2034 oriantur.
944 2001 1009 2040 Qui
1031 2001 1307 2042 interpretantur
1329 2009 1434 2041 supra
1461 2003 1550 2041 tres,
1585 2009 1656 2033 non

213 2058 336 2090 vident
357 2068 484 2100 parum
508 2058 744 2098 concinnam,
780 2058 890 2090 immo
913 2056 1099 2090 ridiculam
1123 2064 1202 2089 esse
1226 2055 1459 2089 sententiam:
1501 2057 1656 2090 «Novem

214 2123 279 2155 ego
302 2114 426 2147 bibam
450 2115 620 2156 cyathos,
647 2114 713 2147 etsi
735 2113 848 2156 probe
873 2113 946 2146 scio
971 2112 1106 2145 Gratias
1129 2113 1222 2154 ipsas
1248 2111 1388 2154 (quibus
1411 2112 1490 2154 quis
1512 2111 1657 2144 tandem

213 2172 323 2212 magis
347 2171 597 2212 obtemperare
622 2170 731 2202 debet
753 2178 861 2211 quam
883 2170 988 2211 poeta
999 2168 1026 2209 <Ι)
1050 2169 1172 2200 vetare
1188 2193 1196 2208 ,
1222 2177 1267 2200 ne
1291 2168 1484 2200 ternarium
1507 2167 1657 2208 cyatho-

212 2236 292 2259 rum
316 2236 506 2259 numerum
529 2226 765 2265 excedamus;
802 2224 908 2258 nihilo
932 2225 1048 2258 secius
1072 2233 1155 2265 ego,
1192 2224 1299 2256 etiam
1329 2224 1485 2256 rixarum
1507 2223 1654 2256 minime
1715 2227 1722 2232 ·

213 2284 395 2323 metuens,
431 2282 561 2324 largius
583 2291 642 2315 me
666 2281 844 2322 invitabo,
875 2280 1047 2322 quidquid
1070 2279 1152 2312 inde
1186 2278 1268 2312 mali
1303 2279 1469 2312 orietur.»
1522 2279 1656 2318 Quam—

213 2348 320 2379 quam
355 2338 612 2371 recentioribus
653 2339 689 2371 in
723 2339 796 2370 tam
830 2337 918 2369 mira
959 2337 1178 2378 expositione
1219 2336 1377 2378 praeisse
1412 2335 1552 2367 videtur
1584 2335 1655 2367 iam

214 2395 387 2428 Ausonius
422 2395 457 2427 in
481 2395 624 2436 Grypho
660 2394 803 2427 ternarii
837 2393 977 2425 numeri
1000 2391 1099 2433 Idyll.
1128 2393 1200 2432 Μ.,
1242 2399 1350 2433 quem
1378 2391 1445 2423 hac
1476 2390 1598 2432 ecloga
1620 2390 1656 2422 in

213 2450 360 2483 Praesat.
387 2451 519 2483 diserte
543 2452 740 2483 memorata
764 2450 815 2483 sic
849 2449 991 2490 incipit:
1034 2449 1094 2481 Ter
1124 2448 1194 2480 bibe
1222 2447 1274 2480 vel
1299 2447 1416 2479 totiens
1445 2450 1575 2479 ternos:
1601 2445 1658 2478 ‘sic

212 2507 355 2545 mystica
369 2507 424 2539 lex
438 2510 494 2539 est.
522 2507 623 2545 Quod
639 2508 760 2539 autem
776 2507 991 2538 Graecorum
1006 2506 1192 2546 poetarum
1207 2503 1302 2536 locos
1319 2501 1508 2546 appellant,
1529 2501 1659 2543 quibus

214 2562 302 2594 intra
326 2563 467 2594 tertium
484 2562 650 2604 poculum
667 2562 861 2595 subsistere
878 2560 1059 2598 iubemur,
1087 2559 1168 2592 nihil
1191 2560 1329 2599 attinet,
1355 2567 1439 2592 cum
1461 2557 1540 2591 talia
1558 2556 1658 2600 (ratio

215 2619 303 2650 meri
328 2627 410 2650 cum
434 2627 524 2660 aqua
549 2615 722 2651 miscendi
746 2617 927 2660 multiplex
950 2617 1044 2658 apud
1067 2617 1193 2648 Athen.
1221 2616 1273 2648 ⁴0.
1302 2624 1336 2657 p.
1361 2614 1435 2647 426.
1454 2622 1554 2655 seqq.
1572 2610 1659 2645 ἴσον

214 2673 301 2717 ἴσῳ,
338 2675 446 2707 πέντε
477 2675 540 2707 καὶ
569 2672 638 2707 δύο
652 2699 660 2715 ‚
686 2675 845 2720 τέτταρα
866 2673 932 2706 καὶ
954 2671 1040 2715 δύο,
1065 2669 1162 2704 κατὰ
1186 2668 1255 2705 δύο
1278 2670 1343 2704 καὶ
1365 2672 1464 2716 τρεῖς
1487 2665 1656 2715 ἀκράτου
