1722 2904
145 83 226 125 524
658 86 831 119 110RAT11
857 86 1083 120 CARMINUM

258 191 324 233 Me
357 203 436 232 nec
467 189 622 233 femina
652 204 734 234 nec
763 204 873 248 puer

312 272 398 313 Iam
429 285 510 314 nec
539 285 639 328 spes
672 270 799 314 animi
829 271 1005 315 credula
1041 273 1199 323 mutui,
1543 273 1598 315 30

254 352 343 394 Nec
372 358 538 395 certare
568 352 684 395 iuvat
712 346 852 402 mero,

310 434 397 476 Nec
425 433 586 476 vincire
617 433 739 476 novis
768 440 963 490 tempora
998 433 1187 478 floribus.

254 538 341 581 Sed
371 552 448 582 cur
477 537 582 588 heu,
615 538 834 595 Ligurine,
867 551 944 581 cur

310 620 449 662 Manat
477 633 573 661 rara
603 632 722 662 meas
750 617 927 661 lacrima
955 632 1035 675 per
1068 619 1232 676 genas?

260 701 345 743 Cur
374 699 557 743 facunda
586 713 739 756 parum
771 698 932 743 decoro
1542 702 1596 745 35

313 782 427 823 Inter
454 780 588 823 verba
618 780 732 823 cadit
760 779 904 837 lingua
933 779 1129 824 silentio?

256 887 481 930 Nocturnis
513 900 594 943 ego
625 886 803 929 somniis

310 970 399 1010 Iam
428 974 599 1024 captum
629 974 775 1018 teneo,
809 967 891 1010 iam
923 966 1144 1012 volucrem
1173 982 1335 1027 sequor

255 1052 313 1093 Te
343 1064 423 1107 per
452 1049 645 1107 gramina
674 1048 810 1091 Martii

313 1131 483 1187 Campi,
516 1137 558 1173 te
587 1144 667 1187 per
697 1143 853 1187 aquaS‚
886 1129 1019 1181 dure,
1051 1130 1276 1175 volubiles.
1539 1133 1594 1177 40

230 1227 282 1258 30.
309 1226 415 1258 animi
437 1225 557 1257 nuntia
586 1225 694 1257 mutui
725 1224 812 1257 Cod.
844 1224 938 1266 Lips.
968 1226 1126 1266 quartus.
1159 1242 1194 1248 —
1236 1226 1290 1259 37.
1318 1227 1500 1260 Nocturnis
1520 1231 1552 1261 te

185 1287 244 1319 090
268 1285 294 1308 s.
320 1277 371 1308 Lt.
404 1275 525 1317 (ulllud
548 1278 577 1307 te
600 1283 671 1307 non
694 1276 880 1316 comparet
913 1275 947 1307 in
981 1275 1163 1308 vetustis.»
1199 1276 1322 1309 erri..
1362 1286 1482 1320 neque
1515 1278 1552 1311 in

186 1326 327 1359 nostris.
353 1344 388 1348 —
416 1325 598 1357 Nocturnis
620 1333 679 1366 090
702 1327 733 1356 te
753 1333 779 1356 s.
809 1323 877 1365 β,χ
901 1323 1009 1364 alter,
1046 1326 1133 1358 Pott.
1160 1326 1335 1368 quinque,
1371 1327 1553 1361 Nocturnis

185 1380 215 1409 te
239 1385 264 1408 s.
293 1374 345 1417 κ.)
371 1393 407 1398 -
440 1375 493 1408 40.
521 1374 673 1407 volubilis
696 1375 734 1406 B.

128 1483 131 1485 Α
185 1458 226 1490 30
243 1475 262 1480 -
278 1457 331 1489 32.
357 1466 416 1489 uec
438 1457 528 1496 spes]
559 1457 652 1488 «Nec
675 1464 759 1498 spes
782 1465 841 1488 me

142 1508 239 1539 iuvat
273 1515 355 1539 cum
386 1507 617 1548 persuasione
653 1507 840 1539 coniuncta

111 1572 113 1575 >
143 1557 238 1597 fore,
264 1557 304 1588 ut
326 1558 449 1588 mutuo
473 1565 573 1588 amer
590 1556 635 1588 ab
653 1565 714 1595 ea,
738 1556 842 1588 cuius

142 1615 264 1638 amore
282 1607 405 1647 captus
423 1614 537 1638 sum.»
558 1624 594 1629 —-
616 1606 721 1638 animi
737 1623 756 1629 -
769 1615 843 1637 mu-

140 1657 200 1696 lui]
221 1656 283 1688 Od.
298 1657 330 1695 ¹2,
348 1656 400 1695 42,
416 1656 473 1688 45;
500 1655 577 1688 bene
588 1656 712 1688 mutuis
722 1656 842 1687 Fidum

138 1709 252 1746 pectus
274 1705 453 1737 amoribus.
482 1723 517 1728 —-
558 1709 688 1737 certare
703 1724 722 1729 -
736 1706 838 1745 mero]

141 1756 228 1796 Epp.
260 1756 295 1793 4,
326 1755 385 1794 49,
416 1755 473 1787 44;
510 1756 682 1787 Nocturno
712 1758 842 1787 certare

140 1814 242 1837 mero.
265 1823 301 1827 —
318 1804 461 1846 vincire]
488 1805 542 1836 «in
559 1805 727 1837 conviviis
744 1804 841 1837 redi-

142 1856 229 1887 mire
255 1856 360 1895 caput
384 1853 523 1887 corollis
547 1854 789 1887 recentibus.»

185 1904 238 1936 33.
265 1904 319 1936 34.
346 1904 410 1935 Sed
432 1913 494 1935 cur
516 1903 593 1945 heu]
628 1904 669 1936 Vi
694 1904 839 1936 tandem

141 1954 273 1986 amoris
307 1954 422 1986 victus
458 1953 586 1986 fatetur
616 1962 654 1986 se
687 1954 839 1995 Ligurini

141 2012 262 2035 amore
285 2004 472 2036 incensum
497 2012 589 2036 esse.
627 2004 697 2036 Csr.
723 2003 786 2035 Od.
805 2003 838 2043 4,

142 2054 194 2085 40.
217 2072 251 2076 -
273 2054 440 2095 Imperite
464 2063 579 2096 nuper
603 2054 748 2095 quidam
771 2054 840 2086 hoc

142 2112 272 2135 nomen
297 2103 394 2135 duxit
417 2113 438 2135 a
461 2113 494 2136 v.
521 2104 683 2146 ligurire,
709 2104 744 2136 in
768 2112 839 2144 quo

140 2151 218 2193 syll.
236 2162 283 2194 qu
304 2153 523 2195 producit-ur.
554 2172 590 2177 -—
614 2153 712 2195 rara]
739 2154 840 2194 «gut-

141 2204 240 2234 tatim
264 2212 305 2234 ac
328 2203 448 2235 furtim
474 2203 644 2243 decidit»,
683 2204 721 2235 ut
743 2203 782 2234 fit
804 2203 840 2234 in

141 2252 299 2284 molliore
316 2253 424 2285 animi
437 2253 578 2286 affectu.
605 2253 668 2286 Od.
685 2253 716 2292 4,
732 2252 784 2291 43,
800 2252 836 2284 6:

140 2303 258 2333 humor
281 2306 310 2334 cl
332 2303 368 2334 in
388 2312 491 2343 ‚qenas
517 2304 647 2335 Furtim
669 2302 804 2335 labitur.

185 2351 237 2383 35.
257 2352 310 2383 36.
337 2353 468 2393 decoro]
499 2354 632 2385 Versus
649 2353 841 2395 hyperme-

143 2402 196 2432 ter
212 2402 277 2433 est.
311 2401 409 2434 Conf.
430 2402 475 2434 ad
492 2402 554 2434 Od.
575 2403 611 2442 3,
631 2402 690 2442 29,
716 2402 770 2434 35.
799 2419 835 2425 -

140 2451 228 2482 Inter
241 2451 344 2482 verba
356 2452 437 2494 cel]
455 2452 511 2484 Sic
528 2452 617 2484 Dido
634 2451 729 2494 apud
742 2453 836 2493 Virg.

142 2504 225 2531 Aen.
251 2500 270 2532 4
283 2527 290 2540 ,
317 2501 358 2532 76
376 2511 382 2532 :
407 2502 526 2542 Incipit
547 2502 647 2542 effari
666 2503 841 2542 mediaque

141 2550 174 2581 in
189 2560 266 2582 voce
281 2551 412 2583 resistit.
440 2552 549 2593 Epod.
570 2553 605 2584 44
623 2577 629 2591 ,
649 2552 691 2583 9:
717 2561 839 2584 aman-

142 2603 205 2630 tem
248 2601 391 2641 languor
434 2604 464 2633 et
501 2602 666 2634 silentium
705 2601 836 2644 Arquil.

893 1456 1033 1498 Sappho
1055 1456 1170 1498 Bergk
1191 1465 1227 1498 p.
1260 1457 1346 1490 600:
1376 1452 1447 1500 Ὧς
1462 1468 1508 1492 σε
1521 1455 1595 1506 γὰρ

891 1503 987 1538 Flam
1001 1531 1008 1543 ,
1043 1504 1218 1552 βροχέως
1244 1516 1295 1549 με
1316 1504 1450 1550 φώνας
1473 1504 1593 1542 Οὐδὲν

893 1550 943 1588 ἴτ’
966 1553 1049 1588 ἵκει.
1092 1551 1201 1588 Ἀλλὰ
1227 1567 1308 1599 καμ
1330 1556 1404 1600 μὲν
1435 1556 1594 1602 γλῶσσα

892 1605 1008 1649 Ρέαγε
1029 1604 1109 1637 κτλ.

935 1656 989 1688 37.
1015 1655 1160 1697 somniis]
1184 1654 1361 1697 Meleager
1385 1657 1490 1690 Anth.
1518 1657 1590 1691 Pal.

891 1706 932 1736 11.
951 1714 986 1746 p.
1006 1705 1089 1738 488:
1122 1701 1211 1738 Ἡδύ
1227 1705 1264 1738 τί
1277 1715 1348 1748 μοι
1367 1703 1432 1738 διὰ
1452 1705 1592 1748 νυκτὸς

891 1752 1069 1787 ἐνύπνιον
1100 1750 1206 1801 ἁβρὰ
1242 1753 1430 1798 γελῶντος
1454 1751 1593 1789 Ὀκτω-

891 1803 1137 1845 καιδεκέτους
1168 1801 1304 1846 παιδὸς
1337 1801 1388 1838 ἔτ’
1421 1805 1463 1839 ἐν
1497 1805 1592 1846 χλα-

890 1851 982 1897 μύδι
1003 1850 1134 1897 ’'Hyay'
1150 1849 1276 1901 ὧνΕρως
1306 1850 1383 1888 ὑπὸ
1414 1854 1588 1895 χλαῖναν.

935 1904 988 1936 39.
1007 1903 1061 1936 40.
1081 1913 1143 1944 per
1152 1904 1324 1948 gramina]
1350 1913 1437 1947 «per
1451 1907 1592 1948 caespi—

891 1955 998 1986 tem.»
1026 1954 1134 1994 (Ovid.
1154 1954 1255 1987 Trist.
1273 1955 1312 1994 5,
1327 1954 1342 1986 4
1357 1979 1365 1994 ,
1383 1954 1448 1988 32:
1472 1955 1593 1989 Mollia

891 2006 969 2043 quot
989 2004 1111 2036 Martis
1124 2004 1286 2045 gramina
1307 2013 1447 2045 campus
1466 2004 1591 2048 habet.)

890 2054 965 2085 Iam
1000 2052 1120 2086 solitas
1154 2052 1436 2087 adolescentium
1458 2055 1593 2088 exerci-

890 2103 1040 2136 tationes
1067 2102 1243 2144 ludosque
1265 2105 1488 2146 campestres
1511 2113 1591 2138 me-

890 2153 1027 2192 morat,
1054 2161 1201 2185 cursum
1216 2155 1288 2196 pei·
1306 2153 1482 2196 Campum
1495 2148 1591 2188 Mar-

890 2203 978 2235 tium
1002 2203 1038 2234 et
1064 2203 1279 2235 natationem
1301 2203 1338 2236 in
1354 2203 1482 2237 Tiberi.
1516 2204 1587 2249 Cfr.

890 2252 952 2285 Od.
972 2253 1012 2292 3,
1032 2254 1091 2292 42,
1111 2254 1130 2285 7
1147 2261 1226 2294 sqq.
1247 2272 1284 2276 —
1309 2253 1403 2296 dure]
1427 2253 1588 2299 Eundem

889 2303 1054 2335 crudelem
1084 2303 1191 2335 vocat
1219 2302 1283 2335 Od.
1316 2302 1355 2343 4,
1388 2303 1447 2343 40,
1481 2303 1512 2336 4.
1549 2321 1586 2327 -

888 2351 1056 2394 volubiles]
1083 2361 1124 2384 «a
1147 2353 1289 2384 natante
1305 2352 1376 2384 huc
1390 2351 1471 2385 illuc
1487 2351 1587 2386 facile

890 2401 1043 2443 pulsas.»
1071 2402 1126 2434 Sic
1150 2401 1296 2443 quidem
1319 2400 1495 2447 explicant
1516 2400 1590 2444 ple-

891 2452 1015 2493 rique;
1051 2451 1132 2484 vide
1168 2453 1287 2484 tamen
1321 2460 1366 2484 ne
1397 2451 1442 2484 sit
1469 2452 1588 2493 potius

890 2509 1064 2542 aquarum
1074 2500 1239 2542 generale
1249 2499 1437 2540 ἐπίθετον,
1451 2502 1491 2534 ut
1497 2501 1585 2543 Epp.

892 2551 928 2591 4,
955 2551 993 2590 2,
1019 2550 1080 2584 42:
1118 2551 1228 2583 amnis
1252 2568 1305 2575 --
1329 2550 1492 2583 volubilis.
1533 2549 1584 2583 Cf.

890 2602 982 2643 virg.
1002 2603 1087 2634 Aen.
1107 2601 1145 2642 4,
1163 2601 1244 2634 357:
1271 2601 1450 2635 celeres„
1465 2609 1586 2634 aurae.
