<?xml version="1.0" encoding="UTF-8"?>
<!DOCTYPE html PUBLIC "-//W3C//DTD XHTML 1.0 Transitional//EN"
    "http://www.w3.org/TR/xhtml1/DTD/xhtml1-transitional.dtd">
<html xmlns="http://www.w3.org/1999/xhtml" xml:lang="en" lang="en">
 <head>
  <title>
</title>
<meta http-equiv="Content-Type" content="text/html;charset=utf-8" />
  <meta name='ocr-system' content='tesseract 3.04.00' />
  <meta name='ocr-capabilities' content='ocr_page ocr_carea ocr_par ocr_line ocrx_word'/>
</head>
<body>
  <div class='ocr_page' id='page_1' title='image "./qhoratiusflaccus12horauoft_0829.png"; bbox 0 0 1722 2904; ppageno 0'>
   <div class='ocr_carea' id='block_1_1' title="bbox 647 35 1091 71">
    <p class='ocr_par' dir='ltr' id='par_1_1' title="bbox 647 35 1091 71">
     <span class='ocr_line' id='line_1_1' title="bbox 647 35 1091 71; baseline -0.005 0"><span class='ocrx_word' id='word_1_1' title='bbox 647 35 783 71; x_wconf 75' lang='lat' dir='ltr'>LIBER.</span> <span class='ocrx_word' id='word_1_2' title='bbox 830 36 960 70; x_wconf 75' lang='lat' dir='ltr'>CARu.</span> <span class='ocrx_word' id='word_1_3' title='bbox 989 35 1091 69; x_wconf 82' lang='lat' dir='ltr'>xvn.</span> 
     </span>
    </p>
   </div>
   <div class='ocr_carea' id='block_1_2' title="bbox 1503 34 1585 76">
    <p class='ocr_par' dir='ltr' id='par_1_2' title="bbox 1503 34 1585 76">
     <span class='ocr_line' id='line_1_2' title="bbox 1503 34 1585 76; baseline 0 0"><span class='ocrx_word' id='word_1_4' title='bbox 1503 34 1585 76; x_wconf 77' lang='lat'>743</span> 
     </span>
    </p>
   </div>
   <div class='ocr_carea' id='block_1_3' title="bbox 303 139 1326 428">
    <p class='ocr_par' dir='ltr' id='par_1_3' title="bbox 303 139 1242 281">
     <span class='ocr_line' id='line_1_3' title="bbox 307 139 1242 198; baseline -0.006 -10"><span class='ocrx_word' id='word_1_5' title='bbox 307 144 471 188; x_wconf 87' lang='lat' dir='ltr'>Cruore</span> <span class='ocrx_word' id='word_1_6' title='bbox 500 141 655 186; x_wconf 89' lang='lat' dir='ltr'>rubros</span> <span class='ocrx_word' id='word_1_7' title='bbox 688 140 896 185; x_wconf 78' lang='lat' dir='ltr'><strong>obstetrix</strong></span> <span class='ocrx_word' id='word_1_8' title='bbox 926 153 1093 198; x_wconf 92' lang='lat' dir='ltr'>pannos</span> <span class='ocrx_word' id='word_1_9' title='bbox 1122 139 1242 189; x_wconf 89' lang='lat' dir='ltr'>lavit,</span> 
     </span>
     <span class='ocr_line' id='line_1_4' title="bbox 303 220 1111 281; baseline -0.006 -13"><span class='ocrx_word' id='word_1_10' title='bbox 303 224 529 281; x_wconf 82' lang='lat' dir='ltr'>Utcunque</span> <span class='ocrx_word' id='word_1_11' title='bbox 559 221 677 266; x_wconf 76' lang='lat' dir='ltr'>sortis</span> <span class='ocrx_word' id='word_1_12' title='bbox 707 220 853 266; x_wconf 79' lang='lat' dir='ltr'>exsilis</span> <span class='ocrx_word' id='word_1_13' title='bbox 881 234 1111 278; x_wconf 82' lang='lat' dir='ltr'>puerpera.</span> 
     </span>
    </p>

    <p class='ocr_par' dir='ltr' id='par_1_4' title="bbox 305 300 1326 428">
     <span class='ocr_line' id='line_1_5' title="bbox 361 300 1326 358; baseline -0.005 -11"><span class='ocrx_word' id='word_1_14' title='bbox 361 303 475 357; x_wconf 89' lang='lat' dir='ltr'>Quid</span> <span class='ocrx_word' id='word_1_15' title='bbox 505 302 716 347; x_wconf 85' lang='lat' dir='ltr'>obseratis</span> <span class='ocrx_word' id='word_1_16' title='bbox 747 301 925 345; x_wconf 88' lang='lat' dir='ltr'>auribus</span> <span class='ocrx_word' id='word_1_17' title='bbox 955 300 1097 344; x_wconf 76' lang='lat' dir='ltr'>fundis</span> <span class='ocrx_word' id='word_1_18' title='bbox 1132 313 1287 358; x_wconf 82' lang='lat' dir='ltr'>preces</span> <span class='ocrx_word' id='word_1_19' title='bbox 1305 300 1326 341; x_wconf 65' lang='grc' dir='ltr'>ἱ)</span> 
     </span>
     <span class='ocr_line' id='line_1_6' title="bbox 305 381 1102 428; baseline -0.004 -1"><span class='ocrx_word' id='word_1_20' title='bbox 305 385 398 428; x_wconf 83' lang='grc' dir='ltr'>Νοιι</span> <span class='ocrx_word' id='word_1_21' title='bbox 429 397 533 427; x_wconf 90' lang='lat' dir='ltr'>saxa</span> <span class='ocrx_word' id='word_1_22' title='bbox 560 383 688 427; x_wconf 90' lang='lat' dir='ltr'>nudis</span> <span class='ocrx_word' id='word_1_23' title='bbox 721 381 921 426; x_wconf 82' lang='lat' dir='ltr'>surdiora</span> <span class='ocrx_word' id='word_1_24' title='bbox 948 381 1102 425; x_wconf 88' lang='lat' dir='ltr'>navitis</span> 
     </span>
    </p>
   </div>
   <div class='ocr_carea' id='block_1_4' title="bbox 308 461 1192 533">
    <p class='ocr_par' dir='ltr' id='par_1_5' title="bbox 308 461 1192 533">
     <span class='ocr_line' id='line_1_7' title="bbox 308 461 1192 533; baseline -0.005 -25"><span class='ocrx_word' id='word_1_25' title='bbox 308 465 531 533; x_wconf 79' lang='lat' dir='ltr'>Neptunus</span> <span class='ocrx_word' id='word_1_26' title='bbox 560 463 645 507; x_wconf 89' lang='lat' dir='ltr'>alto</span> <span class='ocrx_word' id='word_1_27' title='bbox 677 461 816 506; x_wconf 89' lang='lat' dir='ltr'>tundit</span> <span class='ocrx_word' id='word_1_28' title='bbox 844 461 1051 506; x_wconf 83' lang='lat' dir='ltr'>bibemus</span> <span class='ocrx_word' id='word_1_29' title='bbox 1087 461 1192 505; x_wconf 89' lang='lat' dir='ltr'>salo.</span> 
     </span>
    </p>
   </div>
   <div class='ocr_carea' id='block_1_5' title="bbox 307 542 1127 683">
    <p class='ocr_par' dir='ltr' id='par_1_6' title="bbox 307 542 1127 683">
     <span class='ocr_line' id='line_1_8' title="bbox 310 542 1023 600; baseline -0.006 -12"><span class='ocrx_word' id='word_1_30' title='bbox 310 544 472 588; x_wconf 81' lang='lat' dir='ltr'>[nultus</span> <span class='ocrx_word' id='word_1_31' title='bbox 501 551 548 587; x_wconf 87' lang='lat' dir='ltr'>ut</span> <span class='ocrx_word' id='word_1_32' title='bbox 580 550 626 587; x_wconf 91' lang='lat' dir='ltr'>tu</span> <span class='ocrx_word' id='word_1_33' title='bbox 656 543 806 586; x_wconf 90' lang='lat' dir='ltr'>riseris</span> <span class='ocrx_word' id='word_1_34' title='bbox 839 542 1023 600; x_wconf 78' lang='lat' dir='ltr'>Cotyttia</span> 
     </span>
     <span class='ocr_line' id='line_1_9' title="bbox 307 621 1127 683; baseline -0.006 -14"><span class='ocrx_word' id='word_1_35' title='bbox 307 626 503 683; x_wconf 82' lang='lat' dir='ltr'>volgata,</span> <span class='ocrx_word' id='word_1_36' title='bbox 534 637 705 668; x_wconf 86' lang='lat' dir='ltr'>sacrum</span> <span class='ocrx_word' id='word_1_37' title='bbox 731 622 854 667; x_wconf 87' lang='lat' dir='ltr'>liberi</span> <span class='ocrx_word' id='word_1_38' title='bbox 884 621 1127 680; x_wconf 86' lang='lat' dir='ltr'>Cupidinis,</span> 
     </span>
    </p>
   </div>
   <div class='ocr_carea' id='block_1_6' title="bbox 183 777 1544 878">
    <p class='ocr_par' dir='ltr' id='par_1_7' title="bbox 183 777 1544 878">
     <span class='ocr_line' id='line_1_10' title="bbox 226 777 1544 821; baseline -0.004 -5"><span class='ocrx_word' id='word_1_39' title='bbox 226 783 281 816; x_wconf 83' lang='lat'>56.</span> <span class='ocrx_word' id='word_1_40' title='bbox 315 782 440 814; x_wconf 75' lang='lat' dir='ltr'>inultus</span> <span class='ocrx_word' id='word_1_41' title='bbox 462 784 492 814; x_wconf 79' lang='lat' dir='ltr'>et</span> <span class='ocrx_word' id='word_1_42' title='bbox 513 784 550 813; x_wconf 80' lang='lat' dir='ltr'>tu</span> <span class='ocrx_word' id='word_1_43' title='bbox 564 780 590 812; x_wconf 88' lang='grc' dir='ltr'>Τ</span> <span class='ocrx_word' id='word_1_44' title='bbox 614 780 696 821; x_wconf 90' lang='lat' dir='ltr'>(non</span> <span class='ocrx_word' id='word_1_45' title='bbox 711 777 809 820; x_wconf 81' lang='lat' dir='ltr'>nbc).</span> <span class='ocrx_word' id='word_1_46' title='bbox 831 797 866 802; x_wconf 90' lang='lat'>—</span> <span class='ocrx_word' id='word_1_47' title='bbox 891 779 1020 818; x_wconf 79' lang='lat' dir='ltr'>cocytia</span> <span class='ocrx_word' id='word_1_48' title='bbox 1033 777 1115 811; x_wconf 72' lang='grc' dir='ltr'>ΒΜ·</span> <span class='ocrx_word' id='word_1_49' title='bbox 1138 778 1220 819; x_wconf 91' lang='lat' dir='ltr'>(non</span> <span class='ocrx_word' id='word_1_50' title='bbox 1236 779 1281 820; x_wconf 89' lang='lat' dir='ltr'>c).</span> <span class='ocrx_word' id='word_1_51' title='bbox 1302 797 1339 802; x_wconf 97' lang='lat'><strong>—</strong></span> <span class='ocrx_word' id='word_1_52' title='bbox 1363 779 1416 812; x_wconf 83' lang='lat'>57.</span> <span class='ocrx_word' id='word_1_53' title='bbox 1443 787 1544 811; x_wconf 82' lang='lat' dir='ltr'>sacra</span> 
     </span>
     <span class='ocr_line' id='line_1_11' title="bbox 183 827 1385 878; baseline -0.006 -11"><span class='ocrx_word' id='word_1_54' title='bbox 183 833 339 867; x_wconf 86' lang='lat' dir='ltr'>Pottierii</span> <span class='ocrx_word' id='word_1_55' title='bbox 361 831 458 878; x_wconf 86' lang='lat' dir='ltr'>libri,</span> <span class='ocrx_word' id='word_1_56' title='bbox 484 832 651 872; x_wconf 85' lang='lat' dir='ltr'>quattuor</span> <span class='ocrx_word' id='word_1_57' title='bbox 674 829 724 870; x_wconf 86' lang='lat'>(3,</span> <span class='ocrx_word' id='word_1_58' title='bbox 748 829 787 869; x_wconf 84' lang='lat'>7,</span> <span class='ocrx_word' id='word_1_59' title='bbox 813 829 850 869; x_wconf 86' lang='lat'>9,</span> <span class='ocrx_word' id='word_1_60' title='bbox 878 828 944 869; x_wconf 86' lang='grc'><strong>45.)</strong></span> <span class='ocrx_word' id='word_1_61' title='bbox 970 829 1140 870; x_wconf 77' lang='lat' dir='ltr'>exceptis.</span> <span class='ocrx_word' id='word_1_62' title='bbox 1166 827 1313 869; x_wconf 74' lang='lat' dir='ltr'>(socr-mn</span> <span class='ocrx_word' id='word_1_63' title='bbox 1334 829 1385 869; x_wconf 88' lang='lat' dir='ltr'>T.)</span> 
     </span>
    </p>
   </div>
   <div class='ocr_carea' id='block_1_7' title="bbox 103 972 845 2639">
    <p class='ocr_par' dir='ltr' id='par_1_8' title="bbox 140 972 837 1016">
     <span class='ocr_line' id='line_1_12' title="bbox 140 972 837 1016; baseline -0.007 -6"><span class='ocrx_word' id='word_1_64' title='bbox 140 976 277 1010; x_wconf 84' lang='lat' dir='ltr'>Becker</span> <span class='ocrx_word' id='word_1_65' title='bbox 311 974 428 1008; x_wconf 81' lang='lat' dir='ltr'>Gallus</span> <span class='ocrx_word' id='word_1_66' title='bbox 461 973 529 1016; x_wconf 91' lang='lat' dir='ltr'>(ed.</span> <span class='ocrx_word' id='word_1_67' title='bbox 566 972 638 1015; x_wconf 88' lang='lat' dir='ltr'>alt.)</span> <span class='ocrx_word' id='word_1_68' title='bbox 676 973 733 1006; x_wconf 91' lang='lat'>111.</span> <span class='ocrx_word' id='word_1_69' title='bbox 758 982 837 1016; x_wconf 89' lang='lat' dir='ltr'>pag.</span> 
     </span>
    </p>

    <p class='ocr_par' dir='ltr' id='par_1_9' title="bbox 103 1071 845 2639">
     <span class='ocr_line' id='line_1_13' title="bbox 185 1071 841 1114; baseline -0.006 -6"><span class='ocrx_word' id='word_1_70' title='bbox 185 1074 331 1108; x_wconf 74' lang='lat'>49-52.</span> <span class='ocrx_word' id='word_1_71' title='bbox 372 1072 548 1114; x_wconf 54' lang='lat' dir='ltr'>hospitale]</span> <span class='ocrx_word' id='word_1_72' title='bbox 583 1071 762 1106; x_wconf 78' lang='lat' dir='ltr'>«clemens</span> <span class='ocrx_word' id='word_1_73' title='bbox 798 1081 841 1104; x_wconf 91' lang='lat' dir='ltr'>ac</span> 
     </span>
     <span class='ocr_line' id='line_1_14' title="bbox 143 1122 837 1164; baseline -0.004 -7"><span class='ocrx_word' id='word_1_74' title='bbox 143 1125 266 1158; x_wconf 79' lang='lat' dir='ltr'>mite.-</span> <span class='ocrx_word' id='word_1_75' title='bbox 285 1141 322 1146; x_wconf 97' lang='lat'><strong>—</strong></span> <span class='ocrx_word' id='word_1_76' title='bbox 333 1132 447 1163; x_wconf 77' lang='lat' dir='ltr'>purae</span> <span class='ocrx_word' id='word_1_77' title='bbox 457 1122 589 1164; x_wconf 77' lang='lat' dir='ltr'>manus]</span> <span class='ocrx_word' id='word_1_78' title='bbox 616 1131 638 1155; x_wconf 88' lang='lat' dir='ltr'>a</span> <span class='ocrx_word' id='word_1_79' title='bbox 654 1122 837 1163; x_wconf 87' lang='lat' dir='ltr'>sanguine.</span> 
     </span>
     <span class='ocr_line' id='line_1_15' title="bbox 146 1171 842 1214; baseline -0.001 -9"><span class='ocrx_word' id='word_1_80' title='bbox 146 1191 184 1197; x_wconf 94' lang='lat'>—-</span> <span class='ocrx_word' id='word_1_81' title='bbox 210 1173 360 1213; x_wconf 66' lang='lat' dir='ltr'>measque</span> <span class='ocrx_word' id='word_1_82' title='bbox 378 1171 513 1214; x_wconf 75' lang='lat' dir='ltr'>venter]</span> <span class='ocrx_word' id='word_1_83' title='bbox 538 1173 639 1204; x_wconf 78' lang='lat' dir='ltr'>«tuus</span> <span class='ocrx_word' id='word_1_84' title='bbox 660 1173 783 1214; x_wconf 86' lang='lat' dir='ltr'>partus</span> <span class='ocrx_word' id='word_1_85' title='bbox 806 1173 842 1204; x_wconf 90' lang='lat' dir='ltr'>et</span> 
     </span>
     <span class='ocr_line' id='line_1_16' title="bbox 142 1220 842 1254; baseline -0.001 0"><span class='ocrx_word' id='word_1_86' title='bbox 142 1220 270 1254; x_wconf 74' lang='lat' dir='ltr'>mins.-</span> <span class='ocrx_word' id='word_1_87' title='bbox 309 1221 418 1254; x_wconf 64' lang='lat' dir='ltr'>uuam</span> <span class='ocrx_word' id='word_1_88' title='bbox 449 1221 518 1253; x_wconf 89' lang='lat' dir='ltr'>hoc</span> <span class='ocrx_word' id='word_1_89' title='bbox 548 1229 679 1253; x_wconf 90' lang='lat' dir='ltr'>nomen</span> <span class='ocrx_word' id='word_1_90' title='bbox 714 1222 842 1253; x_wconf 89' lang='lat' dir='ltr'>Pactu-</span> 
     </span>
     <span class='ocr_line' id='line_1_17' title="bbox 142 1271 840 1312; baseline -0.001 -9"><span class='ocrx_word' id='word_1_91' title='bbox 142 1271 259 1303; x_wconf 86' lang='lat' dir='ltr'>meius</span> <span class='ocrx_word' id='word_1_92' title='bbox 270 1271 326 1303; x_wconf 76' lang='lat' dir='ltr'>est</span> <span class='ocrx_word' id='word_1_93' title='bbox 339 1278 471 1302; x_wconf 89' lang='lat' dir='ltr'>nomen</span> <span class='ocrx_word' id='word_1_94' title='bbox 483 1271 713 1312; x_wconf 85' lang='lat' dir='ltr'>suppositicii,</span> <span class='ocrx_word' id='word_1_95' title='bbox 731 1279 840 1312; x_wconf 89' lang='lat' dir='ltr'>quem</span> 
     </span>
     <span class='ocr_line' id='line_1_18' title="bbox 143 1318 840 1362; baseline -0.001 -9"><span class='ocrx_word' id='word_1_96' title='bbox 143 1319 214 1353; x_wconf 87' lang='lat' dir='ltr'>sibi</span> <span class='ocrx_word' id='word_1_97' title='bbox 251 1318 363 1352; x_wconf 76' lang='lat' dir='ltr'>tilium</span> <span class='ocrx_word' id='word_1_98' title='bbox 401 1328 483 1352; x_wconf 89' lang='lat' dir='ltr'>esse</span> <span class='ocrx_word' id='word_1_99' title='bbox 520 1319 685 1358; x_wconf 84' lang='lat' dir='ltr'>dicebat;</span> <span class='ocrx_word' id='word_1_100' title='bbox 733 1329 840 1362; x_wconf 90' lang='lat' dir='ltr'>supra</span> 
     </span>
     <span class='ocr_line' id='line_1_19' title="bbox 143 1369 843 1411; baseline -0.003 -9"><span class='ocrx_word' id='word_1_101' title='bbox 143 1370 239 1402; x_wconf 86' lang='lat' dir='ltr'>enim</span> <span class='ocrx_word' id='word_1_102' title='bbox 255 1369 379 1411; x_wconf 86' lang='lat' dir='ltr'>(Epod.</span> <span class='ocrx_word' id='word_1_103' title='bbox 396 1370 434 1408; x_wconf 89' lang='lat'>5,</span> <span class='ocrx_word' id='word_1_104' title='bbox 452 1370 498 1409; x_wconf 92' lang='lat'>5.)</span> <span class='ocrx_word' id='word_1_105' title='bbox 523 1370 739 1411; x_wconf 83' lang='lat' dir='ltr'>suppositicii</span> <span class='ocrx_word' id='word_1_106' title='bbox 761 1378 843 1410; x_wconf 88' lang='lat' dir='ltr'>par-</span> 
     </span>
     <span class='ocr_line' id='line_1_20' title="bbox 144 1418 841 1461; baseline -0.001 -9"><span class='ocrx_word' id='word_1_107' title='bbox 144 1420 202 1452; x_wconf 81' lang='lat' dir='ltr'>tus</span> <span class='ocrx_word' id='word_1_108' title='bbox 216 1419 332 1461; x_wconf 85' lang='lat' dir='ltr'>ipsam</span> <span class='ocrx_word' id='word_1_109' title='bbox 346 1426 447 1450; x_wconf 90' lang='lat' dir='ltr'>ream</span> <span class='ocrx_word' id='word_1_110' title='bbox 463 1418 555 1450; x_wconf 81' lang='lat' dir='ltr'>fecit.</span> <span class='ocrx_word' id='word_1_111' title='bbox 590 1419 706 1451; x_wconf 75' lang='lat' dir='ltr'>Venter</span> <span class='ocrx_word' id='word_1_112' title='bbox 720 1420 841 1451; x_wconf 84' lang='lat' dir='ltr'>autem</span> 
     </span>
     <span class='ocr_line' id='line_1_21' title="bbox 103 1467 837 1509; baseline -0.001 -9"><span class='ocrx_word' id='word_1_113' title='bbox 103 1487 106 1489; x_wconf 23' lang='grc' dir='ltr'><strong>Δ</strong></span> <span class='ocrx_word' id='word_1_114' title='bbox 143 1467 203 1500; x_wconf 88' lang='lat' dir='ltr'>hic</span> <span class='ocrx_word' id='word_1_115' title='bbox 248 1476 315 1509; x_wconf 91' lang='lat' dir='ltr'>pro</span> <span class='ocrx_word' id='word_1_116' title='bbox 358 1468 463 1508; x_wconf 83' lang='lat' dir='ltr'>partu</span> <span class='ocrx_word' id='word_1_117' title='bbox 499 1467 676 1509; x_wconf 80' lang='lat' dir='ltr'>ponitur.»</span> <span class='ocrx_word' id='word_1_118' title='bbox 725 1467 837 1500; x_wconf 68' lang='lat' dir='ltr'>Conui.</span> 
     </span>
     <span class='ocr_line' id='line_1_22' title="bbox 143 1516 841 1557; baseline 0 -8"><span class='ocrx_word' id='word_1_119' title='bbox 143 1517 249 1554; x_wconf 69' lang='lat' dir='ltr'>Cano.</span> <span class='ocrx_word' id='word_1_120' title='bbox 266 1517 490 1557; x_wconf 82' lang='lat' dir='ltr'>Quamquam</span> <span class='ocrx_word' id='word_1_121' title='bbox 502 1516 773 1549; x_wconf 88' lang='lat' dir='ltr'>concedendum</span> <span class='ocrx_word' id='word_1_122' title='bbox 786 1519 841 1550; x_wconf 90' lang='lat' dir='ltr'>est</span> 
     </span>
     <span class='ocr_line' id='line_1_23' title="bbox 141 1564 841 1607; baseline 0.001 -10"><span class='ocrx_word' id='word_1_123' title='bbox 141 1564 320 1605; x_wconf 84' lang='lat' dir='ltr'>Bentleio,</span> <span class='ocrx_word' id='word_1_124' title='bbox 357 1573 392 1597; x_wconf 83' lang='lat' dir='ltr'>v.</span> <span class='ocrx_word' id='word_1_125' title='bbox 422 1568 538 1597; x_wconf 78' lang='lat' dir='ltr'>uterus</span> <span class='ocrx_word' id='word_1_126' title='bbox 566 1566 635 1598; x_wconf 88' lang='lat' dir='ltr'>hac</span> <span class='ocrx_word' id='word_1_127' title='bbox 663 1566 841 1607; x_wconf 84' lang='lat' dir='ltr'>significa-</span> 
     </span>
     <span class='ocr_line' id='line_1_24' title="bbox 143 1613 839 1656; baseline 0.004 -10"><span class='ocrx_word' id='word_1_128' title='bbox 143 1615 238 1647; x_wconf 79' lang='lat' dir='ltr'>tione</span> <span class='ocrx_word' id='word_1_129' title='bbox 262 1614 421 1647; x_wconf 77' lang='lat' dir='ltr'>usitatius</span> <span class='ocrx_word' id='word_1_130' title='bbox 444 1623 535 1647; x_wconf 89' lang='lat' dir='ltr'>esse.</span> <span class='ocrx_word' id='word_1_131' title='bbox 572 1613 670 1648; x_wconf 76' lang='lat' dir='ltr'>ovid.</span> <span class='ocrx_word' id='word_1_132' title='bbox 698 1617 779 1649; x_wconf 79' lang='lat' dir='ltr'>Met.</span> <span class='ocrx_word' id='word_1_133' title='bbox 806 1617 839 1656; x_wconf 86' lang='lat'>6,</span> 
     </span>
     <span class='ocr_line' id='line_1_25' title="bbox 146 1664 842 1705; baseline 0 -8"><span class='ocrx_word' id='word_1_134' title='bbox 146 1664 237 1697; x_wconf 70' lang='lat'>⁴92:</span> <span class='ocrx_word' id='word_1_135' title='bbox 283 1664 371 1696; x_wconf 66' lang='lat' dir='ltr'>uem</span> <span class='ocrx_word' id='word_1_136' title='bbox 395 1673 483 1704; x_wconf 77' lang='lat' dir='ltr'>pars</span> <span class='ocrx_word' id='word_1_137' title='bbox 514 1668 560 1696; x_wconf 72' lang='lat' dir='ltr'>esc</span> <span class='ocrx_word' id='word_1_138' title='bbox 592 1665 673 1697; x_wconf 84' lang='lat' dir='ltr'>haec</span> <span class='ocrx_word' id='word_1_139' title='bbox 701 1666 842 1705; x_wconf 81' lang='lat' dir='ltr'>septima</span> 
     </span>
     <span class='ocr_line' id='line_1_26' title="bbox 143 1713 840 1753; baseline 0.001 -8"><span class='ocrx_word' id='word_1_140' title='bbox 143 1713 261 1745; x_wconf 71' lang='lat' dir='ltr'>nostr-i.</span> <span class='ocrx_word' id='word_1_141' title='bbox 306 1714 422 1753; x_wconf 77' lang='lat' dir='ltr'>Atque</span> <span class='ocrx_word' id='word_1_142' title='bbox 449 1714 659 1746; x_wconf 75' lang='lat' dir='ltr'>Pactumeius</span> <span class='ocrx_word' id='word_1_143' title='bbox 687 1723 727 1746; x_wconf 88' lang='lat' dir='ltr'>re</span> <span class='ocrx_word' id='word_1_144' title='bbox 754 1723 840 1746; x_wconf 84' lang='lat' dir='ltr'>vera</span> 
     </span>
     <span class='ocr_line' id='line_1_27' title="bbox 144 1763 844 1796; baseline 0.001 -2"><span class='ocrx_word' id='word_1_145' title='bbox 144 1770 276 1794; x_wconf 89' lang='lat' dir='ltr'>nomen</span> <span class='ocrx_word' id='word_1_146' title='bbox 299 1763 354 1794; x_wconf 89' lang='lat' dir='ltr'>est</span> <span class='ocrx_word' id='word_1_147' title='bbox 368 1763 577 1795; x_wconf 82' lang='lat' dir='ltr'>Romanum.</span> <span class='ocrx_word' id='word_1_148' title='bbox 603 1764 659 1796; x_wconf 90' lang='lat' dir='ltr'>Sic</span> <span class='ocrx_word' id='word_1_149' title='bbox 672 1764 708 1796; x_wconf 91' lang='lat' dir='ltr'>P.</span> <span class='ocrx_word' id='word_1_150' title='bbox 725 1764 844 1795; x_wconf 80' lang='lat' dir='ltr'>Pactu-</span> 
     </span>
     <span class='ocr_line' id='line_1_28' title="bbox 136 1811 843 1854; baseline 0.001 -11"><span class='ocrx_word' id='word_1_151' title='bbox 136 1811 249 1843; x_wconf 59' lang='lat' dir='ltr'>&#39;uicinas</span> <span class='ocrx_word' id='word_1_152' title='bbox 269 1812 327 1843; x_wconf 88' lang='lat' dir='ltr'>est</span> <span class='ocrx_word' id='word_1_153' title='bbox 347 1811 384 1842; x_wconf 90' lang='lat' dir='ltr'>in</span> <span class='ocrx_word' id='word_1_154' title='bbox 398 1811 629 1853; x_wconf 72' lang='lat' dir='ltr'>{ascriptione</span> <span class='ocrx_word' id='word_1_155' title='bbox 644 1812 740 1854; x_wconf 91' lang='lat' dir='ltr'>apud</span> <span class='ocrx_word' id='word_1_156' title='bbox 755 1813 843 1844; x_wconf 82' lang='lat' dir='ltr'>Fur-</span> 
     </span>
     <span class='ocr_line' id='line_1_29' title="bbox 145 1859 844 1903; baseline 0.003 -11"><span class='ocrx_word' id='word_1_157' title='bbox 145 1859 317 1892; x_wconf 86' lang='lat' dir='ltr'>lanettum</span> <span class='ocrx_word' id='word_1_158' title='bbox 346 1860 460 1892; x_wconf 62' lang='lat' dir='ltr'>[sorix.</span> <span class='ocrx_word' id='word_1_159' title='bbox 485 1861 518 1892; x_wconf 79' lang='grc' dir='ltr'>α’</span> <span class='ocrx_word' id='word_1_160' title='bbox 544 1861 622 1893; x_wconf 83' lang='lat' dir='ltr'>Este</span> <span class='ocrx_word' id='word_1_161' title='bbox 643 1870 679 1903; x_wconf 90' lang='lat' dir='ltr'>p.</span> <span class='ocrx_word' id='word_1_162' title='bbox 706 1862 759 1894; x_wconf 86' lang='grc'>46.</span> <span class='ocrx_word' id='word_1_163' title='bbox 801 1863 844 1894; x_wconf 86' lang='lat' dir='ltr'>Et</span> 
     </span>
     <span class='ocr_line' id='line_1_30' title="bbox 144 1909 843 1951; baseline 0.001 -9"><span class='ocrx_word' id='word_1_164' title='bbox 144 1918 232 1950; x_wconf 87' lang='lat' dir='ltr'>gens</span> <span class='ocrx_word' id='word_1_165' title='bbox 254 1910 455 1942; x_wconf 83' lang='lat' dir='ltr'>Pactumeia</span> <span class='ocrx_word' id='word_1_166' title='bbox 479 1909 546 1943; x_wconf 92' lang='lat' dir='ltr'>sub</span> <span class='ocrx_word' id='word_1_167' title='bbox 570 1911 843 1951; x_wconf 84' lang='lat' dir='ltr'>imperatoribus</span> 
     </span>
     <span class='ocr_line' id='line_1_31' title="bbox 146 1958 841 1992; baseline 0.001 -1"><span class='ocrx_word' id='word_1_168' title='bbox 146 1958 298 1991; x_wconf 81' lang='lat' dir='ltr'>fecunda</span> <span class='ocrx_word' id='word_1_169' title='bbox 313 1958 377 1991; x_wconf 82' lang='lat' dir='ltr'>ruit</span> <span class='ocrx_word' id='word_1_170' title='bbox 391 1958 579 1992; x_wconf 89' lang='lat' dir='ltr'>consulum</span> <span class='ocrx_word' id='word_1_171' title='bbox 594 1959 841 1992; x_wconf 83' lang='lat' dir='ltr'>suffectorum:</span> 
     </span>
     <span class='ocr_line' id='line_1_32' title="bbox 146 2008 842 2050; baseline 0.001 -10"><span class='ocrx_word' id='word_1_172' title='bbox 146 2009 186 2048; x_wconf 82' lang='lat' dir='ltr'>Q.</span> <span class='ocrx_word' id='word_1_173' title='bbox 204 2008 412 2041; x_wconf 76' lang='lat' dir='ltr'>Pactumeius</span> <span class='ocrx_word' id='word_1_174' title='bbox 439 2009 563 2040; x_wconf 78' lang='lat' dir='ltr'>Fronto</span> <span class='ocrx_word' id='word_1_175' title='bbox 594 2017 625 2041; x_wconf 90' lang='lat' dir='ltr'>a.</span> <span class='ocrx_word' id='word_1_176' title='bbox 650 2010 732 2050; x_wconf 86' lang='lat' dir='ltr'>post</span> <span class='ocrx_word' id='word_1_177' title='bbox 758 2010 842 2042; x_wconf 87' lang='lat' dir='ltr'>Chr.</span> 
     </span>
     <span class='ocr_line' id='line_1_33' title="bbox 144 2057 842 2091; baseline 0.001 -2"><span class='ocrx_word' id='word_1_178' title='bbox 144 2057 200 2089; x_wconf 90' lang='grc'>80.</span> <span class='ocrx_word' id='word_1_179' title='bbox 250 2058 456 2089; x_wconf 69' lang='lat' dir='ltr'>Pactumeius</span> <span class='ocrx_word' id='word_1_180' title='bbox 498 2058 643 2090; x_wconf 78' lang='lat' dir='ltr'>Clemens</span> <span class='ocrx_word' id='word_1_181' title='bbox 686 2067 718 2090; x_wconf 91' lang='lat' dir='ltr'>a.</span> <span class='ocrx_word' id='word_1_182' title='bbox 766 2058 842 2091; x_wconf 90' lang='grc'><strong>438.</strong></span> 
     </span>
     <span class='ocr_line' id='line_1_34' title="bbox 147 2106 843 2149; baseline 0.001 -11"><span class='ocrx_word' id='word_1_183' title='bbox 147 2106 182 2138; x_wconf 83' lang='lat'>1&#39;.</span> <span class='ocrx_word' id='word_1_184' title='bbox 205 2107 413 2138; x_wconf 76' lang='lat' dir='ltr'>Pactumeius</span> <span class='ocrx_word' id='word_1_185' title='bbox 434 2107 580 2148; x_wconf 61' lang='lat' dir='ltr'>Magnus</span> <span class='ocrx_word' id='word_1_186' title='bbox 600 2115 632 2139; x_wconf 90' lang='lat' dir='ltr'>a.</span> <span class='ocrx_word' id='word_1_187' title='bbox 663 2107 741 2149; x_wconf 50' lang='grc' dir='ltr'>483.ν</span> <span class='ocrx_word' id='word_1_188' title='bbox 772 2107 843 2139; x_wconf 72' lang='lat' dir='ltr'>Cir.</span> 
     </span>
     <span class='ocr_line' id='line_1_35' title="bbox 147 2155 842 2189; baseline 0.001 -2"><span class='ocrx_word' id='word_1_189' title='bbox 147 2155 237 2188; x_wconf 83' lang='lat' dir='ltr'>Fasti</span> <span class='ocrx_word' id='word_1_190' title='bbox 270 2155 451 2188; x_wconf 87' lang='lat' dir='ltr'>Consular.</span> <span class='ocrx_word' id='word_1_191' title='bbox 480 2157 569 2189; x_wconf 84' lang='lat' dir='ltr'>Bait.</span> <span class='ocrx_word' id='word_1_192' title='bbox 595 2165 628 2188; x_wconf 90' lang='lat' dir='ltr'>a.</span> <span class='ocrx_word' id='word_1_193' title='bbox 657 2156 734 2189; x_wconf 80' lang='lat'>832.</span> <span class='ocrx_word' id='word_1_194' title='bbox 766 2156 842 2188; x_wconf 86' lang='lat'>935.</span> 
     </span>
     <span class='ocr_line' id='line_1_36' title="bbox 148 2204 842 2247; baseline 0.003 -11"><span class='ocrx_word' id='word_1_195' title='bbox 148 2205 245 2236; x_wconf 89' lang='lat' dir='ltr'>Grut.</span> <span class='ocrx_word' id='word_1_196' title='bbox 259 2204 296 2237; x_wconf 91' lang='grc'>84</span> <span class='ocrx_word' id='word_1_197' title='bbox 304 2205 336 2243; x_wconf 85' lang='grc'>6,</span> <span class='ocrx_word' id='word_1_198' title='bbox 353 2205 386 2237; x_wconf 93' lang='grc'>8.</span> <span class='ocrx_word' id='word_1_199' title='bbox 410 2205 585 2238; x_wconf 85' lang='lat' dir='ltr'>cardinali</span> <span class='ocrx_word' id='word_1_200' title='bbox 599 2206 748 2247; x_wconf 81' lang='lat' dir='ltr'>Diplomi</span> <span class='ocrx_word' id='word_1_201' title='bbox 762 2215 842 2247; x_wconf 92' lang='lat' dir='ltr'>pag.</span> 
     </span>
     <span class='ocr_line' id='line_1_37' title="bbox 149 2253 842 2295; baseline 0.004 -10"><span class='ocrx_word' id='word_1_202' title='bbox 149 2253 224 2286; x_wconf 86' lang='grc'><strong>490.</strong></span> <span class='ocrx_word' id='word_1_203' title='bbox 262 2271 299 2276; x_wconf 92' lang='grc'>-</span> <span class='ocrx_word' id='word_1_204' title='bbox 336 2254 569 2295; x_wconf 88' lang='lat' dir='ltr'>Cogitandum</span> <span class='ocrx_word' id='word_1_205' title='bbox 602 2257 723 2288; x_wconf 92' lang='lat' dir='ltr'>autem</span> <span class='ocrx_word' id='word_1_206' title='bbox 751 2255 786 2288; x_wconf 90' lang='lat' dir='ltr'>h.</span> <span class='ocrx_word' id='word_1_207' title='bbox 820 2255 842 2288; x_wconf 93' lang='lat' dir='ltr'>l.</span> 
     </span>
     <span class='ocr_line' id='line_1_38' title="bbox 149 2301 842 2337; baseline 0.004 -3"><span class='ocrx_word' id='word_1_208' title='bbox 149 2301 195 2334; x_wconf 89' lang='lat' dir='ltr'>de</span> <span class='ocrx_word' id='word_1_209' title='bbox 217 2303 360 2335; x_wconf 89' lang='lat' dir='ltr'>homine</span> <span class='ocrx_word' id='word_1_210' title='bbox 383 2303 530 2336; x_wconf 87' lang='lat' dir='ltr'>ridiculo</span> <span class='ocrx_word' id='word_1_211' title='bbox 552 2303 610 2337; x_wconf 91' lang='lat' dir='ltr'>vel</span> <span class='ocrx_word' id='word_1_212' title='bbox 632 2304 787 2337; x_wconf 89' lang='lat' dir='ltr'>sordido.</span> <span class='ocrx_word' id='word_1_213' title='bbox 804 2323 842 2328; x_wconf 93' lang='lat'>—</span> 
     </span>
     <span class='ocr_line' id='line_1_39' title="bbox 148 2351 844 2395; baseline 0.003 -12"><span class='ocrx_word' id='word_1_214' title='bbox 148 2351 258 2384; x_wconf 87' lang='lat' dir='ltr'>Nimis</span> <span class='ocrx_word' id='word_1_215' title='bbox 287 2354 410 2384; x_wconf 85' lang='lat' dir='ltr'>contra</span> <span class='ocrx_word' id='word_1_216' title='bbox 439 2352 589 2392; x_wconf 85' lang='lat' dir='ltr'>insulsa,</span> <span class='ocrx_word' id='word_1_217' title='bbox 630 2355 727 2385; x_wconf 87' lang='lat' dir='ltr'>certe</span> <span class='ocrx_word' id='word_1_218' title='bbox 751 2353 844 2395; x_wconf 91' lang='lat' dir='ltr'>apud</span> 
     </span>
     <span class='ocr_line' id='line_1_40' title="bbox 148 2400 845 2442; baseline 0.006 -12"><span class='ocrx_word' id='word_1_219' title='bbox 148 2400 348 2439; x_wconf 84' lang='lat' dir='ltr'>Horatium,</span> <span class='ocrx_word' id='word_1_220' title='bbox 382 2400 491 2434; x_wconf 87' lang='lat' dir='ltr'>altera</span> <span class='ocrx_word' id='word_1_221' title='bbox 518 2404 573 2434; x_wconf 89' lang='lat' dir='ltr'>est</span> <span class='ocrx_word' id='word_1_222' title='bbox 598 2401 702 2434; x_wconf 89' lang='lat' dir='ltr'>lectio</span> <span class='ocrx_word' id='word_1_223' title='bbox 721 2405 845 2442; x_wconf 78' lang='lat' dir='ltr'>parcu-</span> 
     </span>
     <span class='ocr_line' id='line_1_41' title="bbox 147 2449 845 2492; baseline 0.003 -12"><span class='ocrx_word' id='word_1_224' title='bbox 147 2449 267 2489; x_wconf 80' lang='lat' dir='ltr'>meius,</span> <span class='ocrx_word' id='word_1_225' title='bbox 299 2451 463 2490; x_wconf 77' lang='lat' dir='ltr'>«uterus,</span> <span class='ocrx_word' id='word_1_226' title='bbox 495 2451 555 2491; x_wconf 87' lang='lat' dir='ltr'>qui</span> <span class='ocrx_word' id='word_1_227' title='bbox 578 2453 719 2492; x_wconf 88' lang='lat' dir='ltr'>partum</span> <span class='ocrx_word' id='word_1_228' title='bbox 744 2451 845 2491; x_wconf 86' lang='lat' dir='ltr'>quasi</span> 
     </span>
     <span class='ocr_line' id='line_1_42' title="bbox 149 2498 843 2542; baseline -0.001 -12"><span class='ocrx_word' id='word_1_229' title='bbox 149 2498 267 2537; x_wconf 88' lang='lat' dir='ltr'>meiit,</span> <span class='ocrx_word' id='word_1_230' title='bbox 292 2499 328 2530; x_wconf 89' lang='lat' dir='ltr'>id</span> <span class='ocrx_word' id='word_1_231' title='bbox 344 2501 416 2538; x_wconf 89' lang='lat' dir='ltr'>est,</span> <span class='ocrx_word' id='word_1_232' title='bbox 449 2500 510 2540; x_wconf 89' lang='lat' dir='ltr'>qui</span> <span class='ocrx_word' id='word_1_233' title='bbox 533 2499 695 2532; x_wconf 83' lang='lat' dir='ltr'>facillime</span> <span class='ocrx_word' id='word_1_234' title='bbox 718 2501 843 2542; x_wconf 78' lang='lat' dir='ltr'>parit.»</span> 
     </span>
     <span class='ocr_line' id='line_1_43' title="bbox 153 2548 844 2591; baseline 0.003 -12"><span class='ocrx_word' id='word_1_235' title='bbox 153 2566 189 2572; x_wconf 84' lang='lat'>—</span> <span class='ocrx_word' id='word_1_236' title='bbox 210 2548 378 2588; x_wconf 76' lang='lat' dir='ltr'>Utcunque</span> <span class='ocrx_word' id='word_1_237' title='bbox 392 2549 474 2590; x_wconf 83' lang='lat' dir='ltr'>cet.]</span> <span class='ocrx_word' id='word_1_238' title='bbox 499 2550 807 2591; x_wconf 76' lang='lat' dir='ltr'>«Quotiescunque</span> <span class='ocrx_word' id='word_1_239' title='bbox 823 2558 844 2581; x_wconf 84' lang='lat' dir='ltr'>e</span> 
     </span>
     <span class='ocr_line' id='line_1_44' title="bbox 150 2596 845 2639; baseline 0.001 -10"><span class='ocrx_word' id='word_1_240' title='bbox 150 2596 242 2629; x_wconf 83' lang='lat' dir='ltr'>lecto</span> <span class='ocrx_word' id='word_1_241' title='bbox 270 2598 384 2639; x_wconf 85' lang='lat' dir='ltr'>surgis</span> <span class='ocrx_word' id='word_1_242' title='bbox 412 2597 559 2630; x_wconf 89' lang='lat' dir='ltr'>robusta</span> <span class='ocrx_word' id='word_1_243' title='bbox 582 2597 715 2630; x_wconf 89' lang='lat' dir='ltr'>scilicet</span> <span class='ocrx_word' id='word_1_244' title='bbox 735 2606 845 2639; x_wconf 89' lang='lat' dir='ltr'>puer-</span> 
     </span>
    </p>
   </div>
   <div class='ocr_carea' id='block_1_8' title="bbox 888 971 1591 2635">
    <p class='ocr_par' dir='ltr' id='par_1_10' title="bbox 888 971 1589 1399">
     <span class='ocr_line' id='line_1_45' title="bbox 889 971 1587 1013; baseline 0.003 -10"><span class='ocrx_word' id='word_1_245' title='bbox 889 979 996 1013; x_wconf 79' lang='lat' dir='ltr'>pera,</span> <span class='ocrx_word' id='word_1_246' title='bbox 1030 979 1158 1012; x_wconf 84' lang='lat' dir='ltr'>reapse</span> <span class='ocrx_word' id='word_1_247' title='bbox 1181 971 1349 1013; x_wconf 87' lang='lat' dir='ltr'>peperisti</span> <span class='ocrx_word' id='word_1_248' title='bbox 1373 980 1441 1004; x_wconf 89' lang='lat' dir='ltr'>nec</span> <span class='ocrx_word' id='word_1_249' title='bbox 1463 971 1587 1005; x_wconf 88' lang='lat' dir='ltr'>obste-</span> 
     </span>
     <span class='ocr_line' id='line_1_46' title="bbox 888 1020 1588 1062; baseline 0.003 -10"><span class='ocrx_word' id='word_1_250' title='bbox 888 1021 955 1052; x_wconf 87' lang='lat' dir='ltr'>trix</span> <span class='ocrx_word' id='word_1_251' title='bbox 968 1020 1063 1058; x_wconf 77' lang='lat' dir='ltr'>juvit</span> <span class='ocrx_word' id='word_1_252' title='bbox 1084 1022 1120 1053; x_wconf 89' lang='lat' dir='ltr'>te</span> <span class='ocrx_word' id='word_1_253' title='bbox 1143 1020 1189 1052; x_wconf 91' lang='lat' dir='ltr'>ad</span> <span class='ocrx_word' id='word_1_254' title='bbox 1211 1020 1442 1062; x_wconf 87' lang='lat' dir='ltr'>decipiendos</span> <span class='ocrx_word' id='word_1_255' title='bbox 1470 1021 1588 1054; x_wconf 91' lang='lat' dir='ltr'>homi-</span> 
     </span>
     <span class='ocr_line' id='line_1_47' title="bbox 889 1069 1587 1112; baseline 0 -8"><span class='ocrx_word' id='word_1_256' title='bbox 889 1079 954 1105; x_wconf 88' lang='lat' dir='ltr'>nes</span> <span class='ocrx_word' id='word_1_257' title='bbox 982 1069 1105 1102; x_wconf 85' lang='lat' dir='ltr'>lavans</span> <span class='ocrx_word' id='word_1_258' title='bbox 1134 1079 1271 1112; x_wconf 85' lang='lat' dir='ltr'>pannos</span> <span class='ocrx_word' id='word_1_259' title='bbox 1303 1069 1371 1103; x_wconf 89' lang='lat' dir='ltr'>alio</span> <span class='ocrx_word' id='word_1_260' title='bbox 1394 1079 1503 1112; x_wconf 84' lang='lat' dir='ltr'>quam</span> <span class='ocrx_word' id='word_1_261' title='bbox 1526 1073 1587 1104; x_wconf 89' lang='lat' dir='ltr'>tuo</span> 
     </span>
     <span class='ocr_line' id='line_1_48' title="bbox 889 1119 1589 1162; baseline 0.003 -10"><span class='ocrx_word' id='word_1_262' title='bbox 889 1128 1016 1152; x_wconf 91' lang='lat' dir='ltr'>cruore</span> <span class='ocrx_word' id='word_1_263' title='bbox 1038 1119 1222 1152; x_wconf 72' lang='lat' dir='ltr'>infectos.»</span> <span class='ocrx_word' id='word_1_264' title='bbox 1246 1120 1321 1152; x_wconf 88' lang='lat' dir='ltr'>Hoc</span> <span class='ocrx_word' id='word_1_265' title='bbox 1343 1128 1468 1153; x_wconf 88' lang='lat' dir='ltr'>rursus</span> <span class='ocrx_word' id='word_1_266' title='bbox 1483 1121 1589 1162; x_wconf 90' lang='lat' dir='ltr'>signi-</span> 
     </span>
     <span class='ocr_line' id='line_1_49' title="bbox 888 1167 1588 1211; baseline 0.001 -10"><span class='ocrx_word' id='word_1_267' title='bbox 888 1168 978 1209; x_wconf 62' lang='lat' dir='ltr'>ficat,</span> <span class='ocrx_word' id='word_1_268' title='bbox 993 1167 1176 1201; x_wconf 86' lang='lat' dir='ltr'>simulatos</span> <span class='ocrx_word' id='word_1_269' title='bbox 1200 1168 1277 1201; x_wconf 89' lang='lat' dir='ltr'>eius</span> <span class='ocrx_word' id='word_1_270' title='bbox 1300 1177 1380 1202; x_wconf 93' lang='lat' dir='ltr'>esse</span> <span class='ocrx_word' id='word_1_271' title='bbox 1402 1171 1527 1211; x_wconf 89' lang='lat' dir='ltr'>partus</span> <span class='ocrx_word' id='word_1_272' title='bbox 1541 1169 1588 1202; x_wconf 86' lang='lat' dir='ltr'>ad</span> 
     </span>
     <span class='ocr_line' id='line_1_50' title="bbox 889 1217 1588 1259; baseline 0.001 -9"><span class='ocrx_word' id='word_1_273' title='bbox 889 1218 983 1250; x_wconf 87' lang='lat' dir='ltr'>dona</span> <span class='ocrx_word' id='word_1_274' title='bbox 1012 1220 1119 1259; x_wconf 85' lang='lat' dir='ltr'>atque</span> <span class='ocrx_word' id='word_1_275' title='bbox 1148 1217 1350 1251; x_wconf 87' lang='lat' dir='ltr'>herediates</span> <span class='ocrx_word' id='word_1_276' title='bbox 1378 1227 1398 1250; x_wconf 88' lang='lat' dir='ltr'>a</span> <span class='ocrx_word' id='word_1_277' title='bbox 1426 1219 1588 1252; x_wconf 88' lang='lat' dir='ltr'>moechis</span> 
     </span>
     <span class='ocr_line' id='line_1_51' title="bbox 889 1267 1589 1309; baseline 0.003 -10"><span class='ocrx_word' id='word_1_278' title='bbox 889 1267 1094 1309; x_wconf 83' lang='lat' dir='ltr'>captandas,</span> <span class='ocrx_word' id='word_1_279' title='bbox 1112 1267 1242 1308; x_wconf 88' lang='lat' dir='ltr'>quibus</span> <span class='ocrx_word' id='word_1_280' title='bbox 1253 1267 1492 1308; x_wconf 86' lang='lat' dir='ltr'>persuasisset</span> <span class='ocrx_word' id='word_1_281' title='bbox 1503 1268 1589 1301; x_wconf 89' lang='lat' dir='ltr'>sub-</span> 
     </span>
     <span class='ocr_line' id='line_1_52' title="bbox 888 1315 1587 1358; baseline 0.003 -10"><span class='ocrx_word' id='word_1_282' title='bbox 888 1316 1015 1349; x_wconf 85' lang='lat' dir='ltr'>ditivos</span> <span class='ocrx_word' id='word_1_283' title='bbox 1045 1316 1111 1349; x_wconf 84' lang='lat' dir='ltr'>hos</span> <span class='ocrx_word' id='word_1_284' title='bbox 1141 1315 1273 1348; x_wconf 86' lang='lat' dir='ltr'>liberos</span> <span class='ocrx_word' id='word_1_285' title='bbox 1303 1315 1350 1348; x_wconf 90' lang='lat' dir='ltr'>ab</span> <span class='ocrx_word' id='word_1_286' title='bbox 1373 1316 1460 1358; x_wconf 88' lang='lat' dir='ltr'>ipsis</span> <span class='ocrx_word' id='word_1_287' title='bbox 1486 1318 1587 1358; x_wconf 85' lang='lat' dir='ltr'>geni-</span> 
     </span>
     <span class='ocr_line' id='line_1_53' title="bbox 888 1368 1060 1399; baseline -0.012 0"><span class='ocrx_word' id='word_1_288' title='bbox 888 1368 943 1399; x_wconf 86' lang='lat' dir='ltr'>tos</span> <span class='ocrx_word' id='word_1_289' title='bbox 967 1374 1060 1398; x_wconf 87' lang='lat' dir='ltr'>esse.</span> 
     </span>
    </p>

    <p class='ocr_par' dir='ltr' id='par_1_11' title="bbox 888 1414 1591 2635">
     <span class='ocr_line' id='line_1_54' title="bbox 931 1414 1587 1456; baseline 0.002 -8"><span class='ocrx_word' id='word_1_290' title='bbox 931 1415 1070 1448; x_wconf 71' lang='lat'>54-57.</span> <span class='ocrx_word' id='word_1_291' title='bbox 1094 1415 1171 1447; x_wconf 81' lang='lat' dir='ltr'>Non</span> <span class='ocrx_word' id='word_1_292' title='bbox 1184 1414 1287 1456; x_wconf 65' lang='lat' dir='ltr'>saxa]</span> <span class='ocrx_word' id='word_1_293' title='bbox 1311 1414 1587 1456; x_wconf 79' lang='lat' dir='ltr'>«Naufragorum</span> 
     </span>
     <span class='ocr_line' id='line_1_55' title="bbox 889 1463 1588 1506; baseline 0.001 -9"><span class='ocrx_word' id='word_1_294' title='bbox 889 1467 925 1498; x_wconf 88' lang='lat' dir='ltr'>et</span> <span class='ocrx_word' id='word_1_295' title='bbox 938 1464 1067 1506; x_wconf 85' lang='lat' dir='ltr'>opibus</span> <span class='ocrx_word' id='word_1_296' title='bbox 1089 1463 1321 1505; x_wconf 81' lang='lat' dir='ltr'>spoliatorum</span> <span class='ocrx_word' id='word_1_297' title='bbox 1341 1463 1495 1496; x_wconf 87' lang='lat' dir='ltr'>lamenta</span> <span class='ocrx_word' id='word_1_298' title='bbox 1516 1474 1588 1498; x_wconf 90' lang='lat' dir='ltr'>non</span> 
     </span>
     <span class='ocr_line' id='line_1_56' title="bbox 889 1513 1588 1556; baseline 0.001 -10"><span class='ocrx_word' id='word_1_299' title='bbox 889 1516 1015 1547; x_wconf 88' lang='lat' dir='ltr'>curant</span> <span class='ocrx_word' id='word_1_300' title='bbox 1048 1513 1156 1547; x_wconf 90' lang='lat' dir='ltr'>surda</span> <span class='ocrx_word' id='word_1_301' title='bbox 1179 1522 1299 1546; x_wconf 72' lang='lat' dir='ltr'>saxa.-</span> <span class='ocrx_word' id='word_1_302' title='bbox 1332 1531 1369 1537; x_wconf 93' lang='lat'>—-</span> <span class='ocrx_word' id='word_1_303' title='bbox 1404 1515 1588 1556; x_wconf 79' lang='lat' dir='ltr'>Neptunus]</span> 
     </span>
     <span class='ocr_line' id='line_1_57' title="bbox 892 1562 1591 1605; baseline 0.006 -12"><span class='ocrx_word' id='word_1_304' title='bbox 892 1565 1007 1597; x_wconf 73' lang='lat' dir='ltr'>«Mare</span> <span class='ocrx_word' id='word_1_305' title='bbox 1028 1562 1267 1605; x_wconf 86' lang='lat' dir='ltr'>procellosum</span> <span class='ocrx_word' id='word_1_306' title='bbox 1287 1562 1456 1595; x_wconf 86' lang='lat' dir='ltr'>verberat</span> <span class='ocrx_word' id='word_1_307' title='bbox 1476 1564 1591 1597; x_wconf 88' lang='lat' dir='ltr'>flucti-</span> 
     </span>
     <span class='ocr_line' id='line_1_58' title="bbox 889 1611 1587 1652; baseline 0 -6"><span class='ocrx_word' id='word_1_308' title='bbox 889 1614 958 1646; x_wconf 92' lang='lat' dir='ltr'>bus</span> <span class='ocrx_word' id='word_1_309' title='bbox 989 1615 1146 1645; x_wconf 79' lang='lat' dir='ltr'>cautes.»</span> <span class='ocrx_word' id='word_1_310' title='bbox 1184 1611 1307 1644; x_wconf 87' lang='lat' dir='ltr'>Tibull.</span> <span class='ocrx_word' id='word_1_311' title='bbox 1340 1613 1381 1652; x_wconf 78' lang='lat'>2,</span> <span class='ocrx_word' id='word_1_312' title='bbox 1406 1612 1446 1652; x_wconf 73' lang='grc'>4»,</span> <span class='ocrx_word' id='word_1_313' title='bbox 1477 1613 1511 1646; x_wconf 87' lang='grc'>9.</span> <span class='ocrx_word' id='word_1_314' title='bbox 1549 1632 1587 1637; x_wconf 97' lang='grc'>-</span> 
     </span>
     <span class='ocr_line' id='line_1_59' title="bbox 888 1661 1591 1704; baseline 0.001 -10"><span class='ocrx_word' id='word_1_315' title='bbox 888 1662 1017 1694; x_wconf 77' lang='lat' dir='ltr'>[nultus</span> <span class='ocrx_word' id='word_1_316' title='bbox 1042 1666 1080 1694; x_wconf 76' lang='lat' dir='ltr'>ue</span> <span class='ocrx_word' id='word_1_317' title='bbox 1109 1662 1165 1704; x_wconf 78' lang='lat' dir='ltr'>tu]</span> <span class='ocrx_word' id='word_1_318' title='bbox 1195 1661 1369 1703; x_wconf 88' lang='lat' dir='ltr'>Supplicis</span> <span class='ocrx_word' id='word_1_319' title='bbox 1392 1671 1502 1703; x_wconf 88' lang='lat' dir='ltr'>prece</span> <span class='ocrx_word' id='word_1_320' title='bbox 1525 1671 1591 1695; x_wconf 91' lang='lat' dir='ltr'>su—</span> 
     </span>
     <span class='ocr_line' id='line_1_60' title="bbox 890 1710 1590 1753; baseline 0 -10"><span class='ocrx_word' id='word_1_321' title='bbox 890 1710 1001 1753; x_wconf 89' lang='lat' dir='ltr'>perbe</span> <span class='ocrx_word' id='word_1_322' title='bbox 1025 1712 1174 1750; x_wconf 88' lang='lat' dir='ltr'>reiecta,</span> <span class='ocrx_word' id='word_1_323' title='bbox 1207 1719 1290 1751; x_wconf 87' lang='lat' dir='ltr'>saga</span> <span class='ocrx_word' id='word_1_324' title='bbox 1313 1710 1404 1743; x_wconf 89' lang='lat' dir='ltr'>illico</span> <span class='ocrx_word' id='word_1_325' title='bbox 1426 1712 1463 1743; x_wconf 91' lang='lat' dir='ltr'>in</span> <span class='ocrx_word' id='word_1_326' title='bbox 1485 1720 1590 1744; x_wconf 89' lang='lat' dir='ltr'>acer-</span> 
     </span>
     <span class='ocr_line' id='line_1_61' title="bbox 889 1759 1587 1802; baseline 0 -10"><span class='ocrx_word' id='word_1_327' title='bbox 889 1760 1075 1793; x_wconf 88' lang='lat' dir='ltr'>bissimam</span> <span class='ocrx_word' id='word_1_328' title='bbox 1105 1759 1382 1800; x_wconf 87' lang='lat' dir='ltr'>indignationem</span> <span class='ocrx_word' id='word_1_329' title='bbox 1416 1761 1587 1802; x_wconf 86' lang='lat' dir='ltr'>erumpit,</span> 
     </span>
     <span class='ocr_line' id='line_1_62' title="bbox 891 1808 1591 1842; baseline 0 0"><span class='ocrx_word' id='word_1_330' title='bbox 891 1810 993 1842; x_wconf 91' lang='lat' dir='ltr'>cuius</span> <span class='ocrx_word' id='word_1_331' title='bbox 1021 1808 1170 1842; x_wconf 80' lang='lat' dir='ltr'>formula</span> <span class='ocrx_word' id='word_1_332' title='bbox 1200 1809 1310 1840; x_wconf 89' lang='lat' dir='ltr'>utitur</span> <span class='ocrx_word' id='word_1_333' title='bbox 1330 1808 1427 1841; x_wconf 90' lang='lat' dir='ltr'>haud</span> <span class='ocrx_word' id='word_1_334' title='bbox 1449 1817 1531 1841; x_wconf 89' lang='lat' dir='ltr'>rara</span> <span class='ocrx_word' id='word_1_335' title='bbox 1551 1812 1591 1842; x_wconf 78' lang='lat' dir='ltr'>ut</span> 
     </span>
     <span class='ocr_line' id='line_1_63' title="bbox 892 1859 1586 1899; baseline 0 -9"><span class='ocrx_word' id='word_1_336' title='bbox 892 1867 975 1891; x_wconf 89' lang='lat' dir='ltr'>cum</span> <span class='ocrx_word' id='word_1_337' title='bbox 1006 1859 1192 1899; x_wconf 66' lang='lat' dir='ltr'>interrog,</span> <span class='ocrx_word' id='word_1_338' title='bbox 1228 1859 1267 1890; x_wconf 91' lang='lat' dir='ltr'>ut</span> <span class='ocrx_word' id='word_1_339' title='bbox 1290 1859 1360 1890; x_wconf 87' lang='lat' dir='ltr'>Sat.</span> <span class='ocrx_word' id='word_1_340' title='bbox 1384 1859 1425 1898; x_wconf 75' lang='lat'>2,</span> <span class='ocrx_word' id='word_1_341' title='bbox 1452 1859 1473 1890; x_wconf 88' lang='lat'>5</span> <span class='ocrx_word' id='word_1_342' title='bbox 1488 1883 1496 1897; x_wconf 87' lang='lat'>,</span> <span class='ocrx_word' id='word_1_343' title='bbox 1521 1859 1586 1891; x_wconf 76' lang='lat'>⁴8:</span> 
     </span>
     <span class='ocr_line' id='line_1_64' title="bbox 894 1907 1590 1949; baseline 0.001 -10"><span class='ocrx_word' id='word_1_344' title='bbox 894 1909 974 1940; x_wconf 80' lang='lat' dir='ltr'>Utne</span> <span class='ocrx_word' id='word_1_345' title='bbox 1006 1911 1117 1949; x_wconf 71' lang='lat' dir='ltr'>teyam</span> <span class='ocrx_word' id='word_1_346' title='bbox 1148 1917 1269 1947; x_wconf 81' lang='lat' dir='ltr'>spurco</span> <span class='ocrx_word' id='word_1_347' title='bbox 1301 1908 1435 1940; x_wconf 87' lang='lat' dir='ltr'>Damae</span> <span class='ocrx_word' id='word_1_348' title='bbox 1470 1907 1590 1940; x_wconf 82' lang='lat' dir='ltr'>latus?</span> 
     </span>
     <span class='ocr_line' id='line_1_65' title="bbox 893 1956 1590 1998; baseline 0 -9"><span class='ocrx_word' id='word_1_349' title='bbox 893 1958 965 1989; x_wconf 91' lang='lat' dir='ltr'>Liv.</span> <span class='ocrx_word' id='word_1_350' title='bbox 991 1956 1029 1995; x_wconf 76' lang='lat'>4,</span> <span class='ocrx_word' id='word_1_351' title='bbox 1053 1958 1093 1996; x_wconf 79' lang='lat'>2,</span> <span class='ocrx_word' id='word_1_352' title='bbox 1117 1958 1175 1989; x_wconf 74' lang='lat'>⁴2:</span> <span class='ocrx_word' id='word_1_353' title='bbox 1214 1958 1308 1989; x_wconf 77' lang='lat' dir='ltr'>Illinc</span> <span class='ocrx_word' id='word_1_354' title='bbox 1328 1961 1367 1989; x_wconf 78' lang='lat' dir='ltr'>ut</span> <span class='ocrx_word' id='word_1_355' title='bbox 1387 1958 1590 1998; x_wconf 74' lang='lat' dir='ltr'>impune——</span> 
     </span>
     <span class='ocr_line' id='line_1_66' title="bbox 892 2006 1586 2048; baseline 0.001 -10"><span class='ocrx_word' id='word_1_356' title='bbox 892 2007 1053 2038; x_wconf 77' lang='lat' dir='ltr'>concitent</span> <span class='ocrx_word' id='word_1_357' title='bbox 1060 2008 1107 2048; x_wconf 80' lang='lat' dir='ltr'>fin</span> <span class='ocrx_word' id='word_1_358' title='bbox 1112 2007 1206 2039; x_wconf 81' lang='lat' dir='ltr'>itima</span> <span class='ocrx_word' id='word_1_359' title='bbox 1218 2006 1302 2039; x_wconf 80' lang='lat' dir='ltr'>bella</span> <span class='ocrx_word' id='word_1_360' title='bbox 1312 2006 1343 2046; x_wconf 86' lang='lat'>?‚</span> <span class='ocrx_word' id='word_1_361' title='bbox 1360 2006 1422 2039; x_wconf 89' lang='lat' dir='ltr'>ubi</span> <span class='ocrx_word' id='word_1_362' title='bbox 1434 2008 1586 2039; x_wconf 91' lang='lat' dir='ltr'>Gronov.</span> 
     </span>
     <span class='ocr_line' id='line_1_67' title="bbox 894 2055 1586 2097; baseline 0 -9"><span class='ocrx_word' id='word_1_363' title='bbox 894 2058 930 2088; x_wconf 92' lang='lat' dir='ltr'>et</span> <span class='ocrx_word' id='word_1_364' title='bbox 951 2056 1057 2088; x_wconf 83' lang='lat' dir='ltr'>Drak.</span> <span class='ocrx_word' id='word_1_365' title='bbox 1083 2055 1147 2087; x_wconf 86' lang='lat' dir='ltr'>alia</span> <span class='ocrx_word' id='word_1_366' title='bbox 1173 2055 1336 2097; x_wconf 75' lang='lat' dir='ltr'>exempla</span> <span class='ocrx_word' id='word_1_367' title='bbox 1358 2055 1586 2097; x_wconf 84' lang='lat' dir='ltr'>collegerunt.</span> 
     </span>
     <span class='ocr_line' id='line_1_68' title="bbox 892 2105 1590 2147; baseline 0 -9"><span class='ocrx_word' id='word_1_368' title='bbox 892 2105 1054 2138; x_wconf 79' lang='lat' dir='ltr'>Refertur</span> <span class='ocrx_word' id='word_1_369' title='bbox 1076 2107 1196 2137; x_wconf 89' lang='lat' dir='ltr'>autem</span> <span class='ocrx_word' id='word_1_370' title='bbox 1218 2105 1264 2137; x_wconf 89' lang='lat' dir='ltr'>ad</span> <span class='ocrx_word' id='word_1_371' title='bbox 1285 2114 1364 2137; x_wconf 87' lang='lat' dir='ltr'>rem</span> <span class='ocrx_word' id='word_1_372' title='bbox 1385 2114 1493 2146; x_wconf 90' lang='lat' dir='ltr'>quam</span> <span class='ocrx_word' id='word_1_373' title='bbox 1508 2114 1590 2147; x_wconf 89' lang='lat' dir='ltr'>pro-</span> 
     </span>
     <span class='ocr_line' id='line_1_69' title="bbox 893 2154 1589 2196; baseline 0.001 -10"><span class='ocrx_word' id='word_1_374' title='bbox 893 2156 973 2196; x_wconf 90' lang='lat' dir='ltr'>pter</span> <span class='ocrx_word' id='word_1_375' title='bbox 999 2154 1243 2195; x_wconf 86' lang='lat' dir='ltr'>indignitatem</span> <span class='ocrx_word' id='word_1_376' title='bbox 1276 2154 1354 2186; x_wconf 86' lang='lat' dir='ltr'>fieri</span> <span class='ocrx_word' id='word_1_377' title='bbox 1383 2163 1454 2186; x_wconf 92' lang='lat' dir='ltr'>non</span> <span class='ocrx_word' id='word_1_378' title='bbox 1482 2163 1589 2196; x_wconf 89' lang='lat' dir='ltr'>posse</span> 
     </span>
     <span class='ocr_line' id='line_1_70' title="bbox 892 2202 1589 2245; baseline 0 -10"><span class='ocrx_word' id='word_1_379' title='bbox 892 2203 950 2236; x_wconf 85' lang='lat' dir='ltr'>vel</span> <span class='ocrx_word' id='word_1_380' title='bbox 971 2204 1147 2245; x_wconf 89' lang='lat' dir='ltr'>potuisse,</span> <span class='ocrx_word' id='word_1_381' title='bbox 1180 2203 1259 2235; x_wconf 88' lang='lat' dir='ltr'>fieri</span> <span class='ocrx_word' id='word_1_382' title='bbox 1280 2212 1352 2235; x_wconf 88' lang='lat' dir='ltr'>non</span> <span class='ocrx_word' id='word_1_383' title='bbox 1374 2202 1510 2235; x_wconf 87' lang='lat' dir='ltr'>debere</span> <span class='ocrx_word' id='word_1_384' title='bbox 1533 2203 1589 2236; x_wconf 91' lang='lat' dir='ltr'>vel</span> 
     </span>
     <span class='ocr_line' id='line_1_71' title="bbox 894 2251 1590 2292; baseline 0 -8"><span class='ocrx_word' id='word_1_385' title='bbox 894 2252 1080 2291; x_wconf 88' lang='lat' dir='ltr'>debuisse,</span> <span class='ocrx_word' id='word_1_386' title='bbox 1106 2254 1145 2284; x_wconf 89' lang='lat' dir='ltr'>ut</span> <span class='ocrx_word' id='word_1_387' title='bbox 1166 2252 1203 2285; x_wconf 90' lang='lat' dir='ltr'>h.</span> <span class='ocrx_word' id='word_1_388' title='bbox 1220 2251 1243 2285; x_wconf 92' lang='lat' dir='ltr'>l.</span> <span class='ocrx_word' id='word_1_389' title='bbox 1261 2278 1269 2292; x_wconf 89' lang='lat'><em>,</em></span> <span class='ocrx_word' id='word_1_390' title='bbox 1295 2252 1590 2285; x_wconf 85' lang='lat' dir='ltr'>stomachabundi</span> 
     </span>
     <span class='ocr_line' id='line_1_72' title="bbox 893 2301 1587 2344; baseline -0.001 -10"><span class='ocrx_word' id='word_1_391' title='bbox 893 2302 1174 2344; x_wconf 82' lang='lat' dir='ltr'>pronuntiamus.</span> <span class='ocrx_word' id='word_1_392' title='bbox 1214 2320 1251 2325; x_wconf 83' lang='grc'>-</span> <span class='ocrx_word' id='word_1_393' title='bbox 1291 2301 1453 2343; x_wconf 63' lang='lat' dir='ltr'>Comitia]</span> <span class='ocrx_word' id='word_1_394' title='bbox 1491 2302 1587 2342; x_wconf 88' lang='lat' dir='ltr'>Virg.</span> 
     </span>
     <span class='ocr_line' id='line_1_73' title="bbox 894 2350 1591 2391; baseline -0.001 -8"><span class='ocrx_word' id='word_1_395' title='bbox 894 2350 1004 2384; x_wconf 90' lang='lat' dir='ltr'>Catal.</span> <span class='ocrx_word' id='word_1_396' title='bbox 1029 2352 1070 2390; x_wconf 88' lang='lat'>5,</span> <span class='ocrx_word' id='word_1_397' title='bbox 1097 2351 1154 2383; x_wconf 73' lang='lat'>⁴9:</span> <span class='ocrx_word' id='word_1_398' title='bbox 1187 2351 1264 2383; x_wconf 77' lang='lat' dir='ltr'>Non</span> <span class='ocrx_word' id='word_1_399' title='bbox 1284 2360 1338 2383; x_wconf 86' lang='lat' dir='ltr'>me</span> <span class='ocrx_word' id='word_1_400' title='bbox 1357 2350 1492 2383; x_wconf 82' lang='lat' dir='ltr'>vocabis</span> <span class='ocrx_word' id='word_1_401' title='bbox 1507 2351 1591 2391; x_wconf 79' lang='lat' dir='ltr'>pul-</span> 
     </span>
     <span class='ocr_line' id='line_1_74' title="bbox 893 2400 1590 2441; baseline -0.001 -9"><span class='ocrx_word' id='word_1_402' title='bbox 893 2401 976 2432; x_wconf 83' lang='lat' dir='ltr'>chra</span> <span class='ocrx_word' id='word_1_403' title='bbox 998 2409 1063 2440; x_wconf 82' lang='lat' dir='ltr'>per</span> <span class='ocrx_word' id='word_1_404' title='bbox 1084 2400 1230 2440; x_wconf 65' lang='lat' dir='ltr'>Comma</span> <span class='ocrx_word' id='word_1_405' title='bbox 1250 2400 1301 2432; x_wconf 74' lang='lat' dir='ltr'>Aa</span> <span class='ocrx_word' id='word_1_406' title='bbox 1321 2401 1459 2441; x_wconf 74' lang='lat' dir='ltr'>feriatos</span> <span class='ocrx_word' id='word_1_407' title='bbox 1483 2400 1590 2440; x_wconf 77' lang='lat' dir='ltr'>fasci-</span> 
     </span>
     <span class='ocr_line' id='line_1_75' title="bbox 894 2448 1585 2491; baseline 0 -10"><span class='ocrx_word' id='word_1_408' title='bbox 894 2458 962 2482; x_wconf 84' lang='lat' dir='ltr'>nos.</span> <span class='ocrx_word' id='word_1_409' title='bbox 1010 2448 1135 2481; x_wconf 86' lang='lat' dir='ltr'>Strabo</span> <span class='ocrx_word' id='word_1_410' title='bbox 1159 2449 1212 2482; x_wconf 83' lang='grc'>40.</span> <span class='ocrx_word' id='word_1_411' title='bbox 1237 2458 1274 2491; x_wconf 92' lang='lat' dir='ltr'>p.</span> <span class='ocrx_word' id='word_1_412' title='bbox 1299 2450 1375 2481; x_wconf 66' lang='lat'>72⁴.</span> <span class='ocrx_word' id='word_1_413' title='bbox 1400 2450 1439 2481; x_wconf 91' lang='lat' dir='ltr'>B.</span> <span class='ocrx_word' id='word_1_414' title='bbox 1465 2450 1585 2481; x_wconf 89' lang='lat' dir='ltr'>luven.</span> 
     </span>
     <span class='ocr_line' id='line_1_76' title="bbox 892 2497 1590 2539; baseline -0.003 -8"><span class='ocrx_word' id='word_1_415' title='bbox 892 2499 931 2538; x_wconf 78' lang='lat'>2,</span> <span class='ocrx_word' id='word_1_416' title='bbox 950 2498 987 2530; x_wconf 86' lang='grc'>94</span> <span class='ocrx_word' id='word_1_417' title='bbox 1007 2507 1062 2539; x_wconf 86' lang='lat' dir='ltr'>sq.</span> <span class='ocrx_word' id='word_1_418' title='bbox 1099 2499 1266 2539; x_wconf 82' lang='lat' dir='ltr'>«Impune</span> <span class='ocrx_word' id='word_1_419' title='bbox 1291 2500 1328 2529; x_wconf 87' lang='lat' dir='ltr'>tu</span> <span class='ocrx_word' id='word_1_420' title='bbox 1352 2499 1392 2530; x_wconf 83' lang='lat' dir='ltr'>ut</span> <span class='ocrx_word' id='word_1_421' title='bbox 1416 2497 1590 2539; x_wconf 83' lang='lat' dir='ltr'>evolgaris</span> 
     </span>
     <span class='ocr_line' id='line_1_77' title="bbox 892 2545 1591 2589; baseline -0.001 -9"><span class='ocrx_word' id='word_1_422' title='bbox 892 2550 998 2589; x_wconf 87' lang='lat' dir='ltr'>atque</span> <span class='ocrx_word' id='word_1_423' title='bbox 1022 2547 1173 2580; x_wconf 87' lang='lat' dir='ltr'>irriseris</span> <span class='ocrx_word' id='word_1_424' title='bbox 1195 2547 1291 2587; x_wconf 88' lang='lat' dir='ltr'>orgia</span> <span class='ocrx_word' id='word_1_425' title='bbox 1313 2545 1391 2586; x_wconf 87' lang='lat' dir='ltr'>illa,</span> <span class='ocrx_word' id='word_1_426' title='bbox 1417 2555 1509 2588; x_wconf 88' lang='lat' dir='ltr'>quae</span> <span class='ocrx_word' id='word_1_427' title='bbox 1532 2555 1591 2579; x_wconf 87' lang='lat' dir='ltr'>ce-</span> 
     </span>
     <span class='ocr_line' id='line_1_78' title="bbox 892 2595 1591 2635; baseline 0 -6"><span class='ocrx_word' id='word_1_428' title='bbox 892 2596 1074 2630; x_wconf 86' lang='lat' dir='ltr'>lebrantur</span> <span class='ocrx_word' id='word_1_429' title='bbox 1096 2606 1115 2629; x_wconf 88' lang='lat' dir='ltr'>a</span> <span class='ocrx_word' id='word_1_430' title='bbox 1140 2596 1278 2629; x_wconf 78' lang='lat' dir='ltr'>feminis</span> <span class='ocrx_word' id='word_1_431' title='bbox 1301 2595 1402 2635; x_wconf 85' lang='lat' dir='ltr'>solis,</span> <span class='ocrx_word' id='word_1_432' title='bbox 1430 2604 1500 2628; x_wconf 92' lang='lat' dir='ltr'>uno</span> <span class='ocrx_word' id='word_1_433' title='bbox 1515 2597 1591 2629; x_wconf 87' lang='lat' dir='ltr'>tan-</span> 
     </span>
    </p>
   </div>
  </div>
 </body>
</html>
