1722 2904
598 59 677 93 ua.
701 59 758 92 m.
805 59 843 92 c.
868 59 955 92 xix.
1462 58 1544 102 455

107 165 175 198 cet.
189 190 198 204 ,
222 172 392 198 numerus
413 165 498 197 item
521 163 758 206 cyathorum.)
782 173 848 206 pro
871 164 1026 206 cuiusvis
1049 166 1152 205 gustu
1176 166 1212 196 et
1234 166 1339 207 captu
1363 165 1544 199 diversum

106 221 142 254 in
165 219 314 253 modum
333 219 491 262 praecipi
511 218 657 253 soleant.
705 220 793 252 Sunt
823 220 944 252 autem
967 219 1004 251 hi
1027 220 1222 261 praecipue.
1241 220 1337 262 apud
1359 221 1484 254 Athen.
1509 221 1542 254 2.

106 284 142 318 p.
165 275 220 308 36.
244 274 423 308 Eubulus:
459 275 566 322 Τρεῖς
596 271 671 321 γὰρ
702 272 850 317 μόνους
882 271 1077 322 κρατῆρας
1110 274 1347 322 ἐγκεραννύω
1383 277 1472 318 Τοῖς
1501 270 1544 310 εὖ

105 327 316 376 φρονοῦσι·
346 327 416 363 τὸν
436 329 509 374 μὲν
530 327 674 375 ὑγιείας
698 324 783 371 ἕνα,
800 324 865 363 Ὃν
888 327 1041 377 πρῶτον
1063 329 1280 365 ἐκπίνουσι·
1304 329 1372 364 τὸν
1394 330 1435 365 δὲ
1458 330 1545 366 δεύ-

104 395 215 433 τερον
235 381 404 432 Ἔρωτος
435 381 577 429 ἡδονῆς
609 395 670 419 τε·
711 383 780 418 τὸν
811 387 940 433 τρίτον
972 385 1003 419 δ·
1024 380 1146 420 ὕπνου
1160 411 1170 427 ,
1199 383 1266 419 Ὃν
1288 385 1483 430 ἐκπιόντες
1506 389 1546 421 οἱ

105 441 227 483 σοφοὶ
238 440 466 485 κεκλημένοι
485 439 621 474 Οἴκαδε
642 440 850 484 βαδίζουσ’·
876 438 899 474 ὁ
920 440 962 475 δὲ
984 443 1162 489 τέταρτος
1191 438 1263 476 οὐκ
1278 439 1545 491 ἔτι“Πμέτερός

107 497 254 539 (Bacchi)
288 496 364 530 ἐστ’
378 524 386 538 ,
421 493 502 530 ἀλλ’
530 492 687 544 ὕβρεος·
729 493 753 530 ὁ
785 495 827 531 δὲ
861 499 1032 541 πέμπτος
1064 497 1185 542 βοῆς·
1225 500 1348 541 sicque
1380 501 1544 542 procedit

104 561 218 594 usque
241 552 288 585 ad
309 561 498 586 numerum
521 553 706 586 denarium
719 579 728 594 ‚
768 553 855 596 quid
883 555 1036 596 quisque
1067 553 1151 587 mali
1179 554 1303 588 afferat
1324 563 1541 590 memorans.

103 609 273 649 Panyasis
294 610 413 641 autem
435 610 505 642 iam
538 610 680 643 tertiam
713 609 894 652 potionem
916 609 1155 642 interdixerat.
1209 609 1318 643 lhid.:
1342 609 1543 654 Πανύασις

104 680 125 686 -
137 681 158 687 -
170 660 241 706 τὴν
260 662 333 706 μὲν
355 662 507 711 πρώτην
529 663 644 698 πόσιν
665 661 849 708 ἀπονέμει
869 663 1056 713 Χάρισιν,
1096 661 1233 712 Ὥραις
1252 667 1319 700 καὶ
1340 666 1513 712 Διονύσῳ
1526 693 1535 707 ,

102 716 174 762 τὴν
205 718 247 752 δὲ
278 718 456 767 δευτέραν
485 716 684 768 Ἀφροδίτῃ
718 721 782 754 καὶ
820 720 934 755 πάλιν
956 720 1148 766 Διονύσῳ,
1165 717 1288 769 Ὕβρει
1310 721 1352 756 δὲ
1374 725 1440 757 καὶ
1452 719 1542 771 ’Ἄτῃ

103 771 175 817 τὴν
194 776 336 821 τρίτην.
364 794 399 798 -
434 776 535 808 Adde
558 778 747 818 imaginem
770 777 1027 819 Pythagoream
1050 777 1145 820 apud
1167 779 1294 811 Anton.
1319 778 1447 813 Meliss.
1474 779 1539 813 48:

102 828 275 878 Βότρυας
294 834 395 878 τρεῖς
417 827 637 875 ἦ·ἅμπελος
659 831 750 872 φύει
765 858 773 873 ,
807 829 875 865 τὸν
896 832 969 876 μὲν
991 831 1143 880 πρῶτον
1166 829 1310 878 ἡδονῆς
1324 859 1333 875 ,
1367 831 1436 868 τὸν
1458 833 1544 868 δεύ-

102 895 212 933 τερον
231 886 377 930 μέθης,
401 884 470 919 τὸν
491 886 532 920 δὲ
555 889 682 934 τρίτον
706 883 863 935 ὕβρεως.
884 907 920 913 -
945 890 1070 931 Neque
1092 898 1179 922 vero
1202 890 1237 922 in
1260 890 1380 924 verbis
1403 891 1536 924 Horatii

102 942 213 983 inest,
248 943 344 984 quod
375 942 449 975 volt
481 943 681 976 Bentleius:
724 953 821 977 «uno
854 946 978 987 spiritu
1013 945 1251 978 exhaurienda
1282 945 1416 980 ruisse»
1452 947 1542 981 haec

99 996 227 1040 pocula
250 999 310 1030 aut
331 999 404 1031 tres
426 1000 487 1031 aut
507 1007 638 1031 novem
665 1000 812 1040 cyathos
828 1001 1001 1043 capientia
1024 1000 1075 1042 (ut
1093 999 1151 1034 me
1174 1009 1318 1043 quoque
1340 1001 1540 1045 intellexit),

102 1054 139 1085 et
152 1052 216 1086 Od.
234 1052 274 1093 3,
298 1053 336 1092 8,
355 1053 407 1086 ⁴3.
432 1054 543 1094 cyatho·
564 1058 713 1095 centum,
738 1056 823 1088 item
846 1065 939 1098 quae
963 1055 1126 1098 leguntur
1147 1057 1244 1099 apud
1266 1057 1365 1090 ovid,
1390 1058 1481 1092 Fast.
1506 1059 1539 1099 3,

101 1108 176 1140 533.
201 1107 362 1150 (Invenies
381 1109 466 1150 illic,
490 1110 548 1150 quc·
569 1111 717 1143 Nestoris
737 1111 843 1143 ebibat
865 1121 987 1151 annos,·
1012 1121 1098 1153 quae
1111 1113 1153 1144 sit
1169 1121 1234 1153 per
1248 1113 1366 1146 calices
1377 1114 1471 1155 facta
1485 1115 1542 1148 Si-

100 1164 190 1204 bylla
210 1163 325 1206 suom),
350 1164 486 1198 facetae
509 1166 592 1198 sunt
612 1165 843 1208 hyperbolae.
