1722 2904
243 126 325 168 448

660 432 670 487 ι
723 425 764 464 c

721 509 747 535 ι
860 514 890 532 ι
920 508 1001 522 -u‘
1056 503 1086 524 *-
1255 516 1288 524 ·--

749 128 920 160 HORATH
945 128 1169 162 CARMINUM

1072 424 1206 464 xn-
1326 442 1333 490 Ι

1588 499 1616 506 ι...

1370 504 1402 527 ’ψ’
1430 509 1451 524 υ
1525 506 1551 514 “

298 506 551 581 Miserarum
582 526 649 581 est
677 551 820 596 neque
850 538 986 581 amori
1017 537 1122 580 dare
1148 537 1299 581 ludum
1328 552 1470 597 neque
1501 539 1615 584 dulci
1646 547 1653 596 g

296 619 404 663 Mala
431 619 530 662 vino
561 618 726 675 lavere,
759 626 832 662 aut
861 618 1096 662 exanimari
1126 624 1366 663 metuentes

328 728 400 760 XII.
425 728 535 760 Inscr.
561 725 650 768 volg.
686 726 737 759 Ad
765 726 952 766 Neobulen,

989 727 1025 758 et
1047 726 1099 758 sic
1127 725 1192 758 Bb.
1220 743 1257 749 —
1281 726 1427 760 Simem
1451 728 1558 761 vitum
1578 738 1646 762 non

284 786 351 809 esse
372 778 444 813 sine,
463 777 664 808 iocunditate
686 780 717 809 et
738 785 853 808 amore
873 777 944 808 STc
977 775 1117 817 (quibus
1141 785 1161 809 c
1183 777 1371 819 praeponit
1384 777 1435 810 Aa
1451 778 1643 821 Neobulen).

287 844 323 850 -
348 827 420 867 Ego
444 827 715 868 inscripseram:
754 825 898 858 Neobute
920 834 1030 858 secum
1051 826 1208 867 loquitur.
1237 844 1274 850 -
1299 827 1331 859 4.
1355 836 1416 859 nec
1438 828 1548 861 mnori
1572 837 1630 870 pr.

282 875 324 915 b,
351 876 394 915 C,
420 874 532 908 Bentl.
561 893 598 898 —
623 876 655 907 2.
680 876 854 908 metuentis
876 876 937 908 ST.

282 969 353 1001 XII.
400 968 552 1000 Imitatio
597 967 738 1000 videtur
775 969 941 1002 carminis

240 1017 375 1057 Alcaei,
413 1018 513 1050 cuius
542 1018 698 1059 primum
720 1026 754 1049 v.
787 1018 942 1050 servavit

239 1068 454 1109 Hephaestio
477 1075 557 1108 pag.
583 1067 636 1099 67.
664 1067 768 1100 Gaisf.
794 1066 877 1109 (Alc.
903 1076 939 1109 p.

238 1118 313 1150 585.
332 1117 455 1158 Bergk)
474 1127 480 1148 :
496 1112 593 1158 ''Epts
608 1115 736 1149 δείλαν
749 1141 758 1157 ,
775 1112 845 1159 ἶς’με
860 1127 943 1149 παι-

239 1164 313 1199 σᾶν
328 1164 553 1198 κακοτάτων
570 1164 810 1205 πεδέχοισαν.
835 1167 942 1200 Multa

239 1218 342 1250 huius
378 1219 485 1250 metri
519 1219 677 1251 carmina
707 1217 763 1250 ille
793 1227 942 1260 compo-

240 1269 382 1307 suerat;
416 1269 452 1300 in
480 1276 551 1300 uno
575 1269 722 1310 propter
753 1267 941 1300 difficulta-

240 1320 314 1350 tem
337 1316 418 1349 talia
441 1316 559 1358 lingua
581 1318 703 1349 Latina
726 1318 791 1350 rite
824 1316 942 1350 elabo-

240 1367 343 1400 randi
368 1368 530 1399 Horatius
555 1367 721 1400 substilit.
768 1368 818 1399 Ex
834 1376 941 1400 versu

239 1417 297 1450 illo
310 1413 407 1458 3Ἰ’,’,ιι«ς
429 1415 507 1448 κτλ.
534 1416 729 1458 colligimus
747 1416 838 1449 hanc
855 1425 942 1458 quo-

242 1475 311 1508 que
354 1475 434 1499 esse
468 1465 648 1499 Neobules
680 1465 938 1510 μονολογίαν,

240 1525 312 1549 non
345 1517 517 1548 ironicam
551 1517 683 1549 Horatii
713 1517 758 1549 ad
785 1516 941 1558 puellam

240 1566 508 1606 allocutionem,
534 1568 574 1598 ut
587 1565 748 1608 plerique
764 1567 942 1608 interpre-

241 1618 295 1649 tes
310 1615 443 1648 volunt.
484 1617 607 1657 Neque
622 1625 708 1649 vero
724 1616 867 1649 obstant
881 1625 938 1648 vv.

244 1666 312 1698 Tibi
335 1666 474 1706 qualwm
497 1668 589 1706 cet,
616 1675 700 1698 nam
723 1668 758 1699 in
774 1664 942 1708 μονολο-

239 1716 341 1759 γίαις
375 1716 483 1748 etiam
518 1716 628 1748 Latini
662 1717 809 1748 utuntur
845 1715 942 1748 haud

242 1774 323 1798 raro
355 1774 510 1807 persona
545 1766 721 1806 secunda,
761 1775 870 1808 quam
903 1766 943 1797 ut

242 1815 324 1847 huic
348 1816 496 1847 carmini
519 1816 694 1857 aptiorem
708 1814 874 1858 praetulit
888 1815 943 1848 sui

243 1864 454 1906 exemplaris
478 1866 627 1907 primae.
667 1864 778 1898 Plaut.
805 1864 940 1907 Epidio.

245 1915 282 1953 4,
301 1915 320 1946 2
337 1940 344 1954 ‚
363 1915 438 1954 58.‚
464 1914 525 1959 ubi
549 1915 595 1947 ad
619 1923 657 1947 se
681 1915 799 1956 ipsum
822 1914 943 1956 Epidi-

245 1972 331 1996 cus:
366 1964 521 2004 Epidice,
545 1965 636 2004 vide,
663 1964 742 2005 quid
764 1965 871 2006 aya-s!
894 1964 945 1995 ila

243 2022 298 2045 res
320 2013 427 2045 subito
442 2014 523 2046 haee
538 2014 692 2046 obiectast
707 2013 775 2046 tibi.
801 2014 940 2046 Terent.

244 2063 386 2095 Phorm.
412 2063 451 2103 3,
479 2064 517 2103 4,
545 2064 558 2095 4
580 2072 587 2095 :
625 2063 823 2103 Enimvero,
847 2063 945 2095 Anti-

243 2113 324 2153 pho,
356 2113 558 2145 multimodis
574 2122 652 2145 cumi
674 2113 755 2145 istoc
778 2113 890 2145 animo
912 2121 946 2145 es

245 2163 496 2203 vituperandus.
544 2162 670 2196 Catull.
700 2163 738 2202 8,
769 2163 808 2194 4;
843 2163 946 2195 Miser

247 2213 390 2252 Catulle,
427 2213 559 2245 desinas
586 2213 737 2253 ineptire.
785 2213 846 2252 54,
880 2213 944 2244 47;

249 2263 376 2301 Otium,
415 2262 559 2303 Catulle,
596 2263 655 2295 tibi
682 2262 855 2295 molestum
886 2265 942 2294 est.

248 2313 322 2343 Ser.
349 2311 520 2353 Sulpicius
549 2312 644 2354 apud
676 2313 747 2345 Cic.
779 2312 825 2344 ad
849 2313 943 2344 Fam.

250 2360 290 2399 4,
317 2361 355 2400 5,
380 2361 418 2393 4:
459 2362 554 2394 Visne
576 2365 612 2393 tu
634 2365 682 2402 te,
707 2362 823 2401 Servi,
853 2361 947 2393 cohi-

250 2409 334 2442 bere.
383 2410 481 2443 ovid.
507 2412 588 2444 Met.
614 2412 652 2451 7,
683 2412 746 2443 44;
787 2412 945 2450 Frustra,

249 2460 383 2499 Medea,
400 2469 578 2501 repugnas.
606 2462 734 2493 Lucan.
752 2461 785 2501 2,
804 2461 887 2493 522:
906 2460 949 2491 Ει

250 2517 359 2541 secwm
387 2509 599 2551 (Domitius):
628 2511 808 2542 Romamne
829 2509 949 2551 petes?

252 2562 318 2590 cet.
368 2560 501 2591 Graeca
524 2558 686 2601 exempla
714 2559 806 2592 adde
836 2560 946 2591 haec:

252 2608 368 2649 Eurip.
394 2607 443 2640 El.
465 2609 538 2640 ΜΞ.
576 2608 713 2641 Electra
736 2610 852 2642 semet
873 2609 949 2651 ipsa

252 2655 450 2698 alloquens:
488 2655 671 2697 Σύντειιϊ,
702 2654 806 2705 ὥρα,
831 2655 950 2699 ποδὸς

254 2702 390 2750 ορμάν
416 2703 466 2739 ’Ὠ
489 2703 592 2750 ἔμβα
619 2704 722 2750 ἐμβα
744 2707 950 2741 κατακλαί-

992 979 1104 1002 ουσα.
1151 968 1380 1011 Asclepiades
1411 970 1515 1003 Anth.
1545 970 1616 1004 Pal.
1646 972 1688 1004 11.

990 1028 1071 1061 pag.
1097 1018 1183 1052 463:
1213 1018 1328 1060 ’Πϊν’,
1349 1014 1630 1063 Ἀσκληπιάδη·
1653 1021 1691 1054 τι

990 1066 1039 1101 τὰ
1060 1066 1208 1115 δάκρυα
1230 1066 1376 1107 ταῦτα,·
1399 1069 1464 1103 Od.
1482 1069 1522 1110 3,
1546 1070 1588 1102 27
1603 1096 1611 1111 ,
1634 1071 1689 1103 57.

993 1119 1157 1161 (Tempus
1186 1119 1324 1152 definiri
1358 1119 1492 1161 nequit.
1529 1119 1693 1153 Nonnulli

973 1202 976 1208 ,
991 1168 1150 1201 referunt
1161 1169 1206 1201 ad
1223 1177 1256 1201 a.
1275 1177 1310 1202 u.
1329 1178 1361 1202 c.
1372 1170 1447 1202 725.
1476 1170 1528 1202 De
1543 1170 1692 1202 metrica

990 1217 1094 1251 huius
1121 1218 1211 1250 odae
1239 1219 1374 1251 ratione
1398 1218 1469 1251 vid.
1495 1219 1616 1252 Herm.
1638 1218 1690 1252 El.

990 1267 1109 1299 Doctr.
1133 1269 1237 1300 metr.
1262 1277 1298 1310 p.
1316 1267 1391 1301 472.
1415 1269 1451 1301 et
1467 1268 1692 1310 Excursum.)

1034 1317 1064 1349 4.
1095 1317 1300 1350 Miserarum
1311 1318 1368 1360 est]
1394 1318 1613 1351 «Miserrima
1638 1319 1694 1351 est

990 1366 1150 1399 condicio
1183 1365 1398 1408 puellarum,
1438 1367 1568 1410 quihus
1602 1376 1692 1400 con·-

991 1425 1134 1449 cessum
1152 1425 1235 1450 .non
1258 1418 1314 1449 est
1335 1417 1448 1449 amori
1470 1416 1688 1459 indulgere.»

993 1484 1030 1489 —
1066 1466 1177 1498 amori
1206 1466 1288 1498 dare
1317 1465 1451 1508 ludum]
1487 1466 1690 1500 «amoribus

990 1516 1063 1549 suis
1085 1515 1238 1548 liberum
1260 1514 1405 1547 ludendi
1425 1516 1582 1558 spatium
1603 1524 1693 1549 con-

991 1566 1141 1605 cedere,
1177 1565 1290 1598 libere
1313 1565 1355 1598 iis
1378 1564 1456 1598 frui.
1462 1577 1479 1595 »ι
1522 1564 1690 1607 Aeschyl.

990 1617 1088 1648 Pers.
1113 1591 1195 1648 84⁴:
1245 1611 1384 1657 ψυχὴν
1405 1612 1573 1656 διδόντες
1595 1610 1689 1658 ἦδο-

990 1663 1050 1711 νῇ.
1097 1663 1207 1697 Plaut.
1232 1664 1361 1696 Bacch.
1387 1664 1428 1705 4,
1455 1665 1515 1705 40,
1540 1665 1583 1697 7:
1618 1665 1692 1707 Eae

991 1716 1073 1747 dare
1101 1723 1154 1747 me
1184 1715 1300 1747 ludum
1323 1723 1396 1747 meo
1416 1717 1520 1756 gnato
1541 1715 1688 1755 institui,

990 1769 1028 1798 ut
1058 1765 1170 1797 animo
1200 1764 1390 1805 obsequium
1411 1765 1549 1797 Sumere
1565 1764 1690 1806 possit:

991 1824 1136 1856 aequum
1169 1823 1236 1847 esse
1259 1818 1363 1855 puto:
1395 1815 1452 1847 sed
1483 1815 1583 1847 nimis
1613 1813 1692 1846 nolo

992 1865 1137 1897 desidiae
1168 1864 1212 1895 Ei
1241 1865 1324 1896 dare
1350 1864 1476 1896 ludum.
1515 1864 1628 1896 Varro
1656 1863 1693 1896 in

993 1915 1124 1947 Saturis
1151 1922 1187 1955 p.
1219 1913 1294 1946 409.
1325 1912 1473 1946 oehler:
1511 1914 1694 1954 Properate

990 1965 1116 2004 vivere,
1143 1971 1291 2003 puerae,
1331 1971 1415 2003 quas
1435 1963 1514 1995 sinit
1542 1962 1696 1995 aetam

992 2014 1120 2053 ludere,
1145 2022 1227 2053 esse,
1253 2022 1371 2045 muare
1392 2015 1424 2045 et
1439 2013 1570 2045 veneris
1582 2016 1695 2045 unere

993 2061 1107 2105 leqes?
1141 2063 1213 2095 Cic.
1243 2071 1308 2105 pro
1340 2061 1459 2095 Caelio
1490 2062 1553 2095 42:
1590 2063 1694 2094 datur

993 2122 1146 2146 concessu
1173 2113 1321 2144 omnium
1347 2112 1423 2144 huic
1452 2112 1576 2153 aliqiais
1596 2111 1696 2144 ludus

994 2163 1108 2195 aetati.

1038 2214 1070 2245 2.
1106 2212 1138 2244 3.
1177 2212 1255 2244 vino
1277 2210 1404 2253 lavere]
1443 2218 1581 2253 «neque
1611 2210 1722 2243 vino-⁴

995 2263 1171 2295 tristitiam
1195 2260 1336 2301 eluere,
1366 2259 1546 2302 abigere.»
1593 2258 1696 2299 Quod

996 2312 1042 2344 ad
1064 2312 1186 2344 vinum
1209 2311 1352 2350 attinet,
1377 2309 1499 2342 dicunt
1523 2307 1694 2349 nonnulli,

996 2360 1180 2395 Neobulen
1203 2360 1284 2392 ideo
1300 2359 1423 2401 queri,
1449 2358 1546 2400 quod
1565 2357 1634 2391 sibi
1656 2359 1697 2390 ut

997 2410 1135 2453 puellae
1169 2411 1348 2442 Romanae
1379 2412 1452 2441 non
1478 2406 1584 2440 liceat
1614 2407 1696 2440 vino

998 2469 1101 2494 curas
1114 2459 1253 2493 sedare.
1279 2458 1349 2491 Sed
1364 2457 1462 2490 obliti
1477 2458 1578 2490 erant
1591 2455 1698 2490 liber-

999 2511 1108 2543 tinam
1131 2510 1189 2542 hie
1214 2508 1328 2551 loqui,
1354 2508 1411 2541 cui
1436 2507 1506 2540 dici
1531 2507 1693 2549 poterat:

997 2561 1127 2601 sapias,
1157 2560 1238 2592 vina
1260 2559 1379 2598 liques,
1415 2556 1577 2590 eiusdem
1606 2563 1695 2589 sane

1000 2610 1140 2665 generis
1171 2610 1277 2650 atque
1312 2606 1369 2640 illa
1407 2606 1504 2639 multi
1542 2605 1697 2638 Damalis

999 2659 1093 2691 meri.
1116 2676 1152 2681 —
1171 2661 1231 2690 aut
1244 2655 1447 2697 evanimari]
1473 2655 1565 2695 «aut,
1582 2654 1612 2688 si
1627 2653 1696 2686 hoc

1000 2707 1056 2740 vel
1090 2707 1173 2740 illud
1205 2708 1400 2746 tentemus,
1446 2704 1565 2738 statim
1597 2704 1696 2737 metu
