1722 2904
278 127 286 147 ,
523 101 602 134 ιω.
633 102 688 134 iv.
736 101 774 133 c.
799 100 886 133 xm.

269 207 448 265 sputum
477 205 692 250 sollicitas.
749 204 824 248 Ille
852 203 1029 248 virentis
1058 212 1101 247 et

326 289 488 331 Doctae
517 286 704 345 psallere
736 285 867 330 Chiae

388 367 583 412 Pulchris
613 366 798 411 excubat
826 366 869 408 in
898 366 1035 424 genis.

271 476 542 532 Importunas
571 473 686 516 enim
714 471 947 515 transvolat
975 471 1118 515 aridas

272 557 470 608 Quercus
498 560 541 597 et
570 553 723 611 refugit
750 560 813 604 te,
846 553 947 610 quia
975 551 1103 595 luridi

1436 551 1486 594 >io

328 637 510 687 Dentes,
541 643 583 679 te
612 635 714 693 quia
743 648 877 692 rugae

386 718 574 774 Turpant
602 723 646 759 et
673 715 824 773 capitis
852 715 986 758 nives.

270 823 359 866 Nec
388 822 503 866 Coae
532 821 722 865 referunt
751 821 836 864 iam
866 820 940 863 tibi
972 834 1191 878 purpurae

273 904 362 947 Nec
390 902 493 946 clari
522 901 689 959 lapides
718 908 932 959 tempora,
965 915 1078 958 quae
1108 900 1243 944 semel

136 1021 362 1062 tofa-omes
382 1012 474 1061 unius
495 1028 667 1060 roncum
690 1036 733 1060 ex
757 1028 875 1060 carm.
902 1028 1025 1067 ⁴,25‚
1044 1027 1097 1059 49.
1125 1046 1161 1051 -
1187 1026 1241 1061 ⁴4.
1265 1026 1445 1066 mbsr,

91 1077 250 1112 Blandin.
285 1079 468 1120 antiquiss.
485 1103 493 1118 ,
527 1076 622 1117 βκ,(3.
640 1079 683 1113 et
711 1076 889 1109 Bentleius
919 1076 1105 1118 (probante
1136 1075 1304 1108 Paldamo
1330 1076 1444 1108 Rhein.

14 1173 22 1177 ³
93 1129 182 1162 Htw.
205 1129 249 1160 N.
272 1128 312 1160 F.
335 1128 392 1160 vl.
415 1136 452 1169 p.
477 1127 566 1169 633.)
583 1153 591 1166 ,
614 1127 693 1159 rari
714 1135 894 1168 superscr.
919 1127 955 1158 in
978 1126 1014 1158 b.
1041 1127 1093 1167 (Ut
1115 1135 1199 1165 nos,
1224 1125 1302 1166 Bd.)

49 1241 223 1273 saevus»,
257 1233 299 1266 ut
329 1240 437 1274 saepe
468 1232 564 1274 apud
591 1233 664 1265 Cic.
698 1232 744 1264 de

49 1282 207 1325 tyranms
234 1283 341 1324 atque
371 1282 574 1315 hominibus
603 1284 746 1314 iracun-

49 1331 106 1364 dis
119 1332 156 1364 et
170 1330 387 1365 crudelibus.
407 1333 475 1364 Pro
488 1331 576 1364 Rab.
593 1332 695 1374 perd.
714 1341 743 1364 r.

50 1381 96 1413 5:
118 1390 165 1414 σω
183 1381 246 1413 illa
265 1381 414 1421 crudeli,
443 1381 656 1422 uapor-tuna,
679 1391 746 1414 non

49 1430 232 1463 tribunicia
273 1431 422 1470 adsone,
467 1432 524 1463 sod
558 1432 665 1472 reyia.
706 1448 743 1454 -

49 1480 168 1512 aridas
189 1480 351 1535 Quen-us]
385 1480 443 1512 Sic
474 1481 598 1512 Graeci
628 1481 748 1513 homi-

51 1537 117 1561 nes
132 1529 234 1561 senio
253 1529 434 1562 confectos
448 1527 659 1576 γεράνδρυα
679 1539 747 1562 vo-

51 1578 144 1610 cant.
189 1579 280 1610 Item
294 1578 359 1610 Od.
377 1579 392 1610 t
409 1603 417 1618 ,
433 1579 494 1619 25,
512 1579 565 1611 ⁴9.
598 1579 747 1619 Lydiam

53 1635 139 1660 cum
156 1627 265 1660 avidis
280 1628 453 1669 frondibus
475 1629 671 1670 comparat.
706 1629 749 1661 Et

51 1678 152 1709 Pem.
168 1677 211 1716 5,
226 1676 291 1709 59:
312 1677 691 1719 veterisramalz'afayi.
708 1696 744 1700 —-

50 1725 116 1758 Alii
137 1726 256 1758 minus
277 1728 359 1768 apte
382 1727 620 1768 distinguunt:
654 1727 748 1768 resu—

0 1776 175 1817 19itto,
212 1776 560 1816 quiahddiDentes
585 1780 632 1817 te,
668 1777 749 1818 quia

53 1833 165 1866 mque
177 1826 268 1865 eet„
292 1824 362 1865 alii,
378 1827 419 1858 ut
431 1827 518 1869 Ialin
532 1827 700 1868 {refu-qil,
718 1830 749 1858 te

51 1873 135 1913 quia
157 1873 419 1914 acidino-stes,
444 1876 660 1915 tequiacet.
707 1876 747 1907 ln

51 1924 172 1959 nostra
194 1918 435 1962 distincflonffi
459 1933 569 1965 quam
583 1923 749 1966 praetulit

51 1970 296 2013 Dillenburger
315 1981 395 2014 pag.
413 1973 468 2005 99.
480 1999 489 2013 ,
513 1973 684 2015 particula
704 1977 747 2013 et,

51 2023 93 2054 ut
120 2021 178 2055 ille
205 2024 320 2063 notat,
361 2025 435 2056 vim
469 2025 649 2066 quandam
682 2025 749 2056 ha-

51 2071 116 2104 bet
146 2074 431 2106 consecutivam:
471 2075 529 2106 -et
559 2076 749 2115 propterea

50 2120 179 2163 ningit
192 2123 264 2154 te.»
282 2140 322 2146 —
345 2123 459 2164 luridi]
484 2122 621 2155 «illuvie
644 2131 751 2163 squa-

53 2169 116 2202 lidi
149 2172 186 2203 et
212 2173 331 2204 crocei
364 2172 528 2205 coloris.»
559 2189 597 2196 —-
630 2173 751 2211 capitis

50 2219 157 2262 mes]
187 2221 370 2262 Antipater
395 2222 518 2254 Thess.
543 2222 646 2253 Anth.
674 2221 745 2254 Pal.

52 2269 80 2300 1.
103 2277 186 2310 pag.
219 2270 297 2302 248.
333 2278 459 2302 senem
490 2272 595 2302 vocat
627 2264 747 2313 ’τολιῷ

51 2314 173 2363 γήραΐ
198 2317 423 2361 νιφόμενον.
476 2318 616 2358 Quintil.
642 2320 682 2359 8,
708 2320 746 2359 6,

19 2366 114 2398 ’Πε
148 2370 226 2399 aunt
253 2369 429 2408 cedmae,
462 2369 591 2408 idest,
630 2369 750 2400 alon-

51 2424 181 2456 quaqua
211 2417 424 2450 meudina
451 2418 570 2450 ductae
598 2417 750 2450 transla-

31 2495 33 2497 ,
53 2465 175 2505 tiones,
198 2468 237 2497 ut
258 2467 382 2507 capitis
403 2467 515 2499 nives.

24 2525 34 2546 ἐ
97 2514 242 2547 43-46.
289 2516 612 2558 Coae-purpurae]
657 2516 749 2548 seri-

35 2598 37 2603 ,
55 2570 119 2595 cae
143 2572 188 2595 ex
210 2563 327 2597 subtili
343 2564 561 2606 bombycino
576 2565 636 2598 filo
662 2574 750 2597 con-

52 2612 172 2645 textae
186 2613 222 2645 in
238 2614 312 2646 Coo
327 2613 439 2647 insula
449 2639 457 2654 ,
475 2615 509 2647 in
525 2623 634 2656 quam
650 2614 751 2646 bom-

38 2659 168 2715 ¹hyces
198 2671 242 2694 ex
275 2663 415 2696 Oriente
448 2664 746 2706 apportabantur,

169 2722 290 2753 fleur.
312 2731 385 2753 vor..
410 2724 431 2753 1.
473 2733 524 2754 an.
546 2731 648 2754 nitori
669 2724 715 2752 111.

795 1241 838 1264 ac
859 1241 975 1274 paene
1003 1231 1220 1274 pellucidae,
1256 1231 1387 1273 quibus
1408 1232 1493 1263 tunc

794 1283 900 1314 huius
914 1283 1056 1323 generis
1078 1280 1263 1313 libertinae
1288 1280 1492 1313 utebantur.

795 1333 865 1364 Sat.
885 1333 898 1363 ⁴
914 1357 921 1371 ‚
939 1330 960 1363 Ξ
972 1332 1057 1371 ,ἸΟ4
1075 1341 1082 1362 ;
1107 1331 1182 1363 Cois
1194 1331 1253 1362 tibi
1262 1339 1370 1371 paene
1384 1331 1497 1362 videre

794 1384 843 1412 est
858 1381 898 1412 Ut
911 1381 1049 1412 nudam.
1075 1379 1198 1412 Tibull.
1216 1381 1254 1419 Ξ,
1274 1380 1294 1412 3
1307 1406 1315 1419 ,
1332 1380 1392 1412 56·.
1433 1380 1495 1411 [aa

797 1429 980 1471 (Nemesis)
1004 1433 1102 1471 gerat
1121 1433 1224 1461 restes
1242 1433 1371 1469 tenues,
1407 1437 1494 1468 quas

794 1480 920 1521 femina
942 1480 1011 1512 Coa
1035 1480 1174 1519 Tenuit,
1210 1482 1353 1510 auratas
1380 1479 1493 1518 dispo-

796 1530 926 1569 suitque
946 1530 1030 1561 vias.
1055 1528 1152 1569 2,4‚
1170 1529 1232 1560 29:
1258 1532 1288 1560 et
1310 1529 1378 1561 Coa
1397 1528 1494 1568 puel-

797 1580 838 1611 lis
860 1579 961 1611 Vestis
984 1582 1015 1611 et
1041 1588 1059 1611 e
1080 1579 1185 1610 rubro
1220 1579 1333 1610 lucida
1368 1578 1494 1610 concha

795 1630 897 1660 mari.
924 1629 1038 1669 (Hom.
1064 1629 1194 1669 Hymn.
1223 1628 1259 1659 in
1279 1626 1391 1669 Apoll.
1416 1626 1493 1660 Del.

797 1678 859 1711 42:
913 1674 1024 1717 Κόως
1056 1686 1114 1715 τε,
1165 1674 1278 1717 πόλις
1304 1674 1495 1722 Μερόπων

797 1722 1023 1772 ἀνθρώπων.
1047 1725 1225 1767 Meleager
1245 1727 1280 1758 in
1296 1727 1400 1758 Anth.
1418 1725 1491 1758 Pal.

797 1778 839 1809 11.
863 1776 951 1809 466:
988 1772 1164 1818 Ὀλβίοτη
1187 1775 1374 1821 Μερόπων
1413 1772 1496 1821 ἱερὰ

799 1823 934 1866 πόλις.)
961 1844 999 1848 -
1030 1825 1118 1857 clari
1139 1825 1282 1866 lapides]
1319 1825 1497 1857 «uniones

797 1874 962 1917 pellucidi
1003 1882 1047 1906 ac
1079 1873 1392 1915 resplendentes.»
1439 1874 1496 1906 Sic

796 1934 918 1957 raram
941 1927 1062 1956 vestem
1087 1925 1123 1955 et
1140 1923 1334 1963 pelluciduli
1362 1923 1499 1954 delicias

797 1974 919 2015 lapidis
939 1973 1050 2014 iungit
1073 1971 1199 2004 Catuli.
1224 1972 1286 2011 69,
1311 1972 1344 2004 3.
1368 1971 1494 2004 Tibull.

799 2024 837 2062 4,
869 2023 910 2062 8,
942 2022 1007 2054 39;
1052 2022 1129 2053 Non
1157 2022 1245 2061 lapis
1274 2021 1379 2062 (unio)
1410 2022 1498 2053 hanc

797 2079 1010 2112 gemmaeque
1022 2071 1135 2102 iuvent
1148 2072 1218 2103 cet.
1241 2071 1361 2102 Lectio
1376 2071 1497 2102 autem

797 2121 883 2152 clari
905 2119 962 2152 vel
985 2121 1132 2161 propter
1153 2118 1352 2165 ἐνάργειαν
1374 2118 1496 2152 oculos

798 2171 1003 2202 moventem
1036 2169 1270 2210 praeferenda
1302 2168 1378 2202 aliis
1407 2169 1494 2209 cari,

796 2220 884 2252 rari.
918 2219 990 2251 Cic.
1015 2220 1099 2251 Ace.
1125 2219 1215 2251 inV.
1233 2218 1271 2259 4,
1289 2220 1350 2251 27:
1370 2219 1498 2259 poeula

796 2269 934 2311 gemmis
955 2269 1110 2300 distincta
1135 2268 1339 2300 clarissimis.
1379 2270 1495 2310 Atque

798 2318 987 2350 recordare
1002 2343 1010 2358 ,
1036 2327 1106 2359 qua
1130 2317 1320 2359 cupiditate
1344 2318 1496 2351 Corinna

798 2368 966 2400 meretrix
997 2367 1091 2409 apud
1122 2368 1265 2399 Luciau.
1290 2367 1378 2400 Dial.
1402 2376 1493 2400 mer.

798 2417 835 2455 6,
854 2417 887 2448 4.
912 2415 979 2448 sibi
995 2418 1094 2457 optet
1110 2414 1277 2459 ψήφους
1300 2411 1408 2457 τινάς
1422 2426 1496 2449 πυ-

798 2467 963 2511 ραυγεῖς.
1002 2464 1093 2498 Alibi
1115 2466 1236 2507 utique
1259 2466 1333 2497 can·
1355 2466 1497 2507 aptissi-

798 2523 897 2547 mum
919 2516 1038 2556 potest
1067 2523 1148 2547 esse
1182 2515 1333 2555 lapidum
1365 2514 1496 2547 ἐπίθε-

796 2572 864 2595 τον
877 2587 887 2603 ,
910 2565 951 2595 ut
972 2572 1056 2596 cum
1071 2564 1215 2596 ovidius
1236 2565 1276 2596 A.
1293 2565 1334 2596 A.
1352 2563 1393 2603 3,
1411 2564 1487 2596 ⁴29.

799 2613 904 2646 dicit:
949 2614 1010 2646 Vos
1034 2623 1163 2655 quoque
1187 2623 1256 2646 non
1280 2614 1371 2646 caris
1396 2622 1497 2646 aures

798 2666 935 2696 onerate
955 2663 1087 2704 lapillis.
1121 2681 1156 2687 —-
1184 2663 1349 2696 «Frustra
1377 2664 1492 2703 iam»,

1235 2724 1271 2753 39
