1722 2904
150 49 231 91 740

684 48 854 82 HORATll
879 48 1050 82 EPODON

318 154 538 198 Iniuriosis
567 154 715 197 aridus
746 154 883 197 ventiS
914 152 1049 202 ferar,

320 235 444 280 Cales
480 235 659 279 venenis
689 234 858 280 officina
890 233 1112 278 Colchicis.

320 318 441 369 Quae
472 315 569 360 finis
598 323 671 359 aut
701 315 820 374 quod
849 329 919 358 me
951 321 1095 358 manet
1126 315 1419 373 stipendium?

319 396 484 449 Effare3
517 397 658 440 iussas
688 410 786 440 cum
819 395 905 439 fide
931 409 1095 453 poenas
1127 395 1263 445 luam,

320 480 499 522 Paratus
531 478 727 535 expiare,
761 491 839 521 seu
870 477 1125 534 poposceris

238 643 290 676 38.
316 644 480 682 Paratus,
517 641 657 682 expiare
690 642 718 674 si
744 642 935 682 poposceris
957 641 1095 674 Centum
1117 642 1281 682 iuvencis,
1319 642 1386 675 sive
1410 643 1564 675 menddci

194 693 271 733 lyra
309 692 399 724 Voles
431 700 569 732 sonare,
608 691 655 723 Tu
682 691 828 732 pudica,
865 694 901 724 tu
929 692 991 732 pia
1024 691 1181 724 malebat
1201 691 1380 726 Bentleius
1411 693 1446 726 in
1469 692 1559 726 Add.

195 742 328 783 (sonare
351 741 484 774 scilicet
507 752 549 780 κ,
575 750 599 780 χ
624 740 715 781 duo,
740 750 795 783 pr.
820 740 864 781 β,
891 743 926 774 et
949 740 1082 783 aliquot
1103 741 1286 783 Pottierii.)

151 892 311 934 pretatur
336 891 585 931 «perpetuam,
611 899 750 930 acrem,
783 899 852 923 non
904 891 996 924 haec
1019 898 1161 923 summa
1182 890 1307 923 iniuria
1331 892 1368 924 et
1390 891 1605 925 contumelia

152 941 479 982 languescentem.»
505 940 636 972 Contra
651 939 735 973 dicit
750 940 856 972 Bent-

152 990 262 1030 leius,
286 990 402 1031 furens
423 988 651 1031 praeferens:
679 991 775 1022 «Non
790 998 856 1021 au-

152 1042 244 1079 tem,
270 1039 300 1072 si
316 1040 430 1079 aetas,
456 1038 682 1071 translatione
699 1048 720 1071 a
734 1039 855 1071 vernis

153 1088 302 1122 floribus
326 1089 486 1131 sumpta,
518 1089 628 1121 virere
649 1088 743 1121 belle
767 1088 856 1121 dici-

154 1141 227 1177 tur,
263 1138 536 1177 idcirco,etiam
569 1140 726 1181 flamma,
763 1147 855 1180 quae

154 1190 229 1221 toto
260 1197 392 1229 genere
425 1188 547 1230 dispar
577 1190 666 1221 est.»
706 1188 857 1221 Horman

154 1237 365 1279 Peerlkamp
381 1238 507 1278 virens,
535 1238 632 1279 quod
647 1247 774 1271 verum
794 1246 858 1280 pu-

156 1289 222 1327 tat,
252 1286 403 1329 explicat
427 1286 619 1329 «fulgens»,
646 1295 858 1329 comparans

156 1336 267 1370 Plaut.
286 1337 507 1371 Menaechm.
531 1338 569 1378 5,
595 1339 633 1378 2,
659 1338 718 1370 76:
759 1338 859 1370 Viden

156 1390 193 1419 tu
215 1387 264 1419 illi
288 1387 399 1419 oculos
418 1386 554 1420 virere?
580 1388 620 1419 Ut
639 1387 758 1419 viridis
775 1396 860 1419 exo-

155 1437 246 1469 ritur
289 1437 377 1469 colos
419 1437 496 1477 Ex,
517 1437 719 1478 temporibus
759 1440 860 1476 atque

155 1486 282 1528 fronte!
310 1487 445 1519 Verum
465 1487 598 1519 rectior
617 1487 859 1529 interpretatio

157 1537 213 1569 est
235 1536 279 1569 de
303 1536 471 1569 flammae
495 1536 691 1577 sulfureae,
717 1535 861 1578 qualem

158 1585 299 1619 exhalat
319 1587 449 1626 Aetna,
476 1585 594 1619 colore
618 1587 710 1619 inter
729 1586 861 1628 gilvum

157 1635 309 1669 viridem
327 1638 363 1669 et
386 1635 592 1669 caeruleum
619 1637 750 1670 medio.
797 1637 863 1669 Re-

157 1685 274 1728 liquae
300 1685 391 1718 duae
415 1684 586 1719 lectiones
608 1687 738 1728 partim
760 1695 861 1719 mero

159 1735 273 1769 errori
296 1735 474 1768 debentur
497 1735 637 1778 (urens),
661 1736 791 1778 partim
806 1736 863 1768 in-

158 1784 382 1827 terpolationi
406 1785 564 1828 (furens);
590 1795 656 1828 pro
679 1795 750 1827 qua
774 1786 863 1818 affe-

160 1836 244 1867 runt
266 1836 405 1867 Lucret.
431 1836 471 1875 2,
498 1834 581 1868 594:
617 1836 762 1868 Eximiis
783 1844 862 1868 vero

159 1885 245 1926 furit
266 1885 397 1926 iynibus
419 1885 561 1925 impetus
582 1885 706 1918 Aetnae
729 1887 765 1918 et
782 1886 863 1919 Vir-

161 1934 217 1977 gil.
242 1936 329 1968 Aen.
357 1935 396 1976 4,
433 1935 515 1968 670:
553 1937 776 1978 flammaeque
806 1936 864 1977 fu-

159 1988 279 2019 rentes.
309 1985 360 2017 Ac
383 1994 491 2018 nemo
514 1986 620 2027 negat
642 1994 708 2027 per
730 1994 770 2018 se
794 1986 864 2018 hoc

163 2036 260 2067 recte
285 2034 373 2073 dici;
407 2043 535 2067 verum
563 2034 681 2067 obstat
710 2035 866 2068 auctori-

161 2086 215 2117 tas
229 2084 341 2117 Codd.
361 2084 544 2125 antiquiss
560 2110 567 2124 ,
594 2084 724 2126 quibus
740 2085 863 2126 utique

164 2133 417 2175 obtemperare
440 2134 550 2166 satius
566 2133 662 2167 duxi.
696 2134 863 2167 Ceterum

163 2184 348 2216 construe:
373 2183 500 2215 Sicana
521 2184 662 2225 flamma
681 2183 794 2216 virens
809 2192 867 2215 ar-

163 2233 216 2265 det
248 2233 284 2265 in
317 2232 424 2265 Aetna
454 2233 605 2274 fervida,
647 2234 713 2266 etsi
747 2232 863 2266 schol.

166 2283 334 2323 iungunt:
361 2282 397 2314 in
419 2283 545 2314 Sicana
565 2282 682 2315 Aetna.

208 2331 327 2364 33-36.
353 2332 454 2364 donec
467 2332 553 2364 cinis
569 2333 652 2372 cet.]
671 2332 865 2365 «Continuo

168 2390 340 2414 exercens
364 2382 458 2429 artes
483 2383 562 2415 tuas
578 2383 752 2423 magicas,
779 2383 867 2415 tam-

167 2440 275 2473 quam
310 2431 339 2464 si
371 2432 445 2473 ipsa
470 2440 570 2466 esses
593 2432 730 2465 officina
755 2441 867 2465 vene-

168 2490 295 2514 norum
319 2490 464 2524 semper
480 2481 599 2515 calens
623 2483 709 2524 igni,
737 2491 807 2524 quo
824 2491 866 2515 ea

168 2531 443 2572 praeparentur,
490 2540 549 2565 me
584 2532 761 2565 conficere
796 2541 865 2564 non

169 2579 329 2621 desines,
356 2580 471 2613 donec
491 2582 579 2614 cinis
602 2590 706 2614 meus
727 2582 761 2613 in
778 2591 868 2614 ven-

168 2630 223 2661 tos
241 2629 497 2672 dispergatur.»
519 2649 554 2655 —
578 2630 761 2672 Iniuriosis]
787 2631 867 2672 quia

906 940 980 980 est,
1018 940 1157 973 cineres
1188 940 1224 972 in
1251 941 1377 974 ventos
1412 941 1540 984 spargi.
1569 960 1605 964 ——

906 990 1000 1030 Quae
1022 989 1109 1032 finis]
1135 990 1209 1022 Hoc
1236 998 1344 1023 sensu
1368 999 1478 1033 saepe
1498 999 1607 1024 usur-

905 1039 992 1080 pant
1013 1047 1094 1080 gen.
1119 1038 1239 1072 femin.
1276 1040 1349 1073 Cic.
1375 1039 1420 1074 de
1444 1041 1549 1082 Legg.
1566 1041 1607 1080 2,

905 1089 965 1129 22,
985 1090 1050 1122 55:
1076 1098 1162 1130 quae
1182 1089 1259 1131 finis
1279 1090 1429 1131 funestae
1440 1090 1603 1132 familiae.

907 1139 1041 1172 Atticus
1063 1139 1159 1181 apud
1179 1139 1252 1172 Cic.
1277 1139 1324 1172 ad
1342 1140 1413 1172 Att.
1432 1140 1470 1180 9,
1487 1140 1548 1180 40,
1565 1139 1604 1173 4:

907 1197 994 1228 quae
1015 1188 1103 1220 enim
1127 1189 1205 1230 finis
1226 1188 1540 1231 pereqrinatt'onis?
1568 1206 1603 1213 -

909 1237 1077 1280 Colchicis]
1113 1237 1281 1271 «Medeae
1310 1247 1534 1271 venenorum
1557 1238 1607 1271 si-

908 1286 1097 1320 millimis.»
1122 1287 1186 1320 Od.
1211 1288 1251 1328 2,
1277 1287 1336 1328 43,
1366 1288 1399 1321 8.
1421 1307 1458 1312 -
1489 1289 1612 1330 stipen-

909 1338 1012 1378 dium]
1042 1336 1258 1370 vocabulum
1281 1338 1336 1370 est
1358 1337 1536 1378 medium,
1572 1338 1613 1370 ut

903 1387 1107 1429 praemium,
1123 1395 1248 1420 merces
1262 1397 1270 1427 ;
1287 1387 1323 1419 h.
1342 1386 1364 1420 1.
1382 1387 1488 1429 igitur
1503 1386 1613 1420 «mul-

910 1440 964 1478 ta,
1001 1446 1156 1480 poena»,
1182 1446 1269 1477 non,
1306 1438 1347 1470 ut
1379 1436 1436 1470 alii
1469 1436 1610 1478 volunt,

912 1496 1023 1530 «opus
1045 1495 1182 1529 poenae
1206 1486 1286 1520 loeo
1309 1487 1540 1520 iniunctum.»

955 1537 997 1570 38
1018 1554 1039 1561 —
1060 1537 1116 1570 40.
1155 1537 1315 1578 empiare]
1355 1546 1495 1580 «poena
1527 1546 1548 1570 a
1575 1537 1611 1569 te

912 1587 1102 1621 constituta
1124 1587 1300 1629 patienter
1323 1586 1511 1620 subeunda
1533 1585 1614 1619 lue-

911 1646 950 1670 re
974 1638 1122 1679 peccata
1149 1645 1250 1676 mea,
1289 1637 1365 1670 sive
1389 1636 1610 1679 poposceris,

911 1688 951 1719 ut
973 1684 1196 1729 ἑκατόμβην
1219 1695 1285 1728 pro
1307 1685 1448 1728 piaculo
1464 1685 1612 1719 offeram

913 1737 1004 1770 cet.»
1028 1736 1182 1777 Emiare
1214 1738 1347 1768 centum
1372 1736 1520 1768 iuvencis
1547 1736 1613 1769 etsi

912 1795 978 1829 per
1000 1795 1040 1820 se
1063 1786 1203 1819 rectum
1227 1787 1298 1825 est,
1323 1786 1445 1818 tamen
1466 1786 1614 1828 propter

914 1844 1131 1869 consensum
1166 1835 1278 1868 Codd.
1311 1835 1496 1876 antiquiss.
1529 1836 1614 1868 reii-

913 1885 1078 1919 ciendum
1097 1893 1178 1917 esse
1194 1884 1394 1917 videbatur.
1410 1902 1447 1908 —
1463 1885 1616 1917 mendaci

911 1935 1000 1977 lyra]
1024 1934 1150 1968 Dedita
1174 1942 1282 1976 opera
1305 1934 1364 1966 hic
1380 1933 1425 1966 ab
1441 1934 1614 1980 εἰρωνείᾳ

913 1985 1039 2018 leviter
1064 1993 1106 2017 ao
1135 1993 1248 2026 prope
1273 1983 1419 2016 occulte·
1434 1984 1610 2024 discessit,

914 2036 954 2068 ut
974 2036 1011 2067 in
1034 2034 1100 2067 illis
1122 2043 1156 2066 v.
1181 2034 1244 2068 20:
1269 2033 1392 2066 Amata
1414 2036 1483 2066 cet.
1508 2034 1615 2066 Nimi-

914 2093 995 2117 rum
1017 2084 1171 2117 mendaci
1193 2083 1272 2123 lyra
1294 2082 1460 2125 ambigue
1485 2083 1615 2125 signifi-

915 2135 973 2167 cat
995 2135 1031 2166 et
1053 2142 1145 2175 quae
1169 2134 1251 2165 ante
1280 2132 1405 2175 (Epod.
1429 2133 1475 2174 5.)
1509 2141 1616 2165 men-

915 2184 977 2216 tita
1007 2184 1085 2216 erat
1111 2183 1147 2214 in
1176 2181 1379 2215 infamanda
1403 2182 1549 2215 Canidia
1578 2184 1615 2216 et

915 2242 1007 2276 quae
1031 2232 1224 2265 mentietur
1247 2240 1328 2264 eam
1357 2231 1546 2265 laudando.
1575 2237 1610 2257 2-

914 2283 1042 2323 sonart]
1067 2283 1108 2316 Ut
1123 2279 1231 2325 ἠχεῖν
1255 2281 1374 2324 (Soph.
1391 2282 1515 2315 Trach.
1533 2281 1612 2315 865.

915 2333 1063 2366 Theocr.
1096 2333 1135 2371 2,
1162 2332 1226 2364 36:
1281 2328 1327 2364 τὸ
1366 2330 1529 2371 χαλκίον
1562 2326 1616 2372 ὥς

915 2379 1036 2422 τάχος
1069 2376 1169 2420 ἄχει.
1217 2380 1453 2414 Pseudanaer.
1481 2382 1517 2420 4,
1547 2379 1612 2421 4.),

917 2431 1011 2474 apud
1026 2432 1150 2473 poetas
1167 2431 1347 2464 transitive
1364 2429 1449 2472 (Tib.
1464 2430 1495 2471 4,
1511 2429 1543 2470 3,
1558 2430 1611 2462 60.

917 2481 1015 2514 Ovid.
1053 2482 1135 2515 Met.
1177 2480 1234 2519 40,
1270 2480 1358 2512 205:
1399 2483 1429 2512 te
1460 2479 1616 2512 carmina

917 2534 1033 2563 nostra
1047 2529 1243 2571 sonabunt),
1268 2530 1304 2562 et
1319 2529 1472 2571 passive,
1489 2530 1529 2561 ut
1542 2528 1610 2561 hic.

923 2599 958 2604 —-
976 2581 1021 2613 Tu
1032 2579 1170 2622 pudica]
1188 2580 1315 2612 «hasce
1332 2578 1456 2611 laudes
1473 2578 1534 2611 tibi
1551 2578 1614 2611 tri-
1655 2594 1658 2596 ·

917 2630 1027 2663 huam
1043 2630 1148 2672 atque
1166 2629 1211 2662 ad
1232 2627 1370 2663 caelum
1386 2629 1419 2662 te
1433 2628 1614 2662 efferam.»
