1722 2904
202 47 284 88 628
850 48 1021 81 HoaATn

202 154 291 186 sisse
318 154 464 195 insuper
490 151 761 195 simplicitatem,
796 153 886 185 utet
903 152 1111 185 conveniret
1126 151 1244 185 choris
1260 150 1326 185 illis
1341 159 1535 194 puerorum
1550 151 1654 195 puel·
1686 186 1691 190 ,

202 208 391 250 latumque
419 209 455 240 et
482 216 503 239 a
529 206 660 250 populo
686 207 763 249 ipso
793 207 894 239 haud
922 207 1026 240 nimis
1052 205 1241 240 difficulter
1262 206 1532 249 intelligeretur;
1557 207 1656 241 deni-

202 273 273 307 que
299 266 413 298 totum
436 263 560 296 debuit
586 272 666 296 esse
685 260 884 295 πολιτικὸν
901 264 948 302 et,
977 271 1070 304 quae
1092 272 1152 296 res
1171 262 1311 296 vincula
1333 262 1512 306 quaedam
1525 264 1653 305 poetae

203 320 407 354 necessario
435 319 564 359 iniecit,
591 320 714 360 aptum
737 319 823 351 item
839 318 884 351 ad
900 327 1046 351 sensum
1063 317 1356 360 voluntatemque
1371 319 1530 361 Augusti,
1556 319 1656 352 ouius

204 385 248 409 ex
277 376 377 409 iussu
406 384 449 407 ac
485 375 660 408 sententia
682 382 809 407 versus
837 372 995 415 Sibyllini
1021 381 1040 406 a
1074 374 1214 407 Zosimo
1240 374 1389 415 servati,
1433 383 1454 407 a
1484 373 1655 408 Graeculo

203 430 337 472 aliquo,
362 430 512 464 fortasse
535 430 740 469 Parthenio,
767 428 938 462 elaborati
965 438 1046 463 esse
1077 429 1260 470 videntur,
1289 437 1382 471 quos
1407 430 1514 472 poeta
1530 438 1655 473 presse

205 487 307 527 sequi
334 485 499 519 debebat.
548 486 681 518 Verum
708 485 811 526 igitur
836 486 871 517 in
898 485 1018 518 medio
1043 485 1201 527 positum
1225 493 1306 518 esse
1334 484 1499 518 arbitror.

495 881 953 920 coMMEN'rA'roR
978 881 1376 927 cumulamus,

294 993 402 1027 «Ludi
426 993 607 1027 seculares
631 993 712 1026 ideo
736 993 820 1026 dicti
844 995 941 1033 sunt,
967 993 1064 1035 quod
1087 1002 1152 1036 per
1174 994 1319 1026 centum
1342 995 1379 1026 et
1401 993 1529 1026 decem
1545 1002 1656 1027 annos

206 1049 480 1083 celebrabantur
502 1050 682 1089 trinoctio,
707 1049 742 1082 id
765 1051 836 1089 est,
863 1049 976 1082 tribus
1000 1048 1128 1082 diebus
1151 1050 1187 1082 et
1202 1048 1315 1082 tribus
1330 1049 1518 1089 noctibus;
1555 1057 1658 1083 secu-

204 1105 298 1139 lares
321 1108 453 1146 autem,
479 1105 577 1148 quod
600 1114 619 1137 a
643 1105 758 1146 primo
782 1104 920 1144 seculo,
946 1104 982 1137 id
1009 1106 1079 1145 est,
1110 1104 1155 1137 ab
1185 1105 1317 1146 origine
1339 1105 1518 1138 Romanae
1542 1106 1657 1147 gentis

204 1162 338 1204 reperti
362 1164 397 1194 et
419 1162 566 1194 instituti
593 1162 689 1199 sunt,
715 1159 850 1193 scilicet
876 1169 897 1192 a
923 1161 1037 1192 Numa
1053 1159 1238 1202 Pompilio,
1263 1169 1283 1192 a
1307 1168 1377 1202 quo
1393 1161 1558 1194 Romanis
1573 1161 1656 1203 post

205 1219 349 1250 centum
374 1220 409 1250 et
432 1218 559 1250 decem
583 1225 695 1248 annos
720 1224 864 1257 semper
887 1215 921 1247 in
944 1224 1012 1248 usu
1035 1215 1148 1248 fuere.
1188 1215 1333 1248 Verrius
1361 1217 1483 1249 autem
1509 1215 1656 1249 Flaccus

203 1273 313 1305 refert
336 1282 481 1306 carmen
503 1271 665 1306 seculare
695 1273 730 1304 et
756 1270 969 1304 sacrificium
995 1271 1193 1303 institutum
1215 1270 1307 1303 intra
1329 1279 1441 1304 annos
1464 1271 1533 1304 CX.
1560 1272 1653 1314 (leam

205 1329 256 1369 C.)
307 1329 376 1362 Diti
403 1330 440 1361 et
466 1327 699 1369 Proserpinae
723 1327 838 1368 primo
862 1325 955 1358 bello
979 1326 1110 1358 Punico
1134 1325 1262 1359 decem
1284 1326 1444 1359 virorum
1466 1334 1654 1368 responso,

206 1393 290 1416 cum
326 1384 412 1417 iussi
439 1385 561 1416 essent
589 1382 698 1415 libros
729 1381 916 1422 Sibyllinos
944 1382 1119 1423 inspicere
1147 1380 1194 1414 ob
1223 1381 1444 1423 prodigium,
1484 1381 1582 1423 quod
1611 1391 1654 1415 eo

206 1438 301 1472 bello
329 1439 473 1479 accidit,
514 1447 597 1471 nam
627 1446 709 1480 pars
733 1446 918 1470 murorum
939 1437 1008 1469 icta
1029 1435 1174 1469 fulmine
1198 1437 1336 1470 cecidit.
1387 1438 1503 1478 Atque
1526 1437 1574 1470 ita
1595 1446 1656 1470 re-

204 1495 424 1537 sponderant
454 1493 589 1526 bellum
619 1493 792 1525 adversus
822 1493 1131 1534 Karthaginienses
1159 1501 1331 1535 prospere
1359 1493 1434 1534 geri
1460 1501 1584 1535 posse,
1625 1493 1656 1526 si

203 1550 271 1582 Diti
295 1551 331 1582 et
354 1550 587 1591 Proserpinae
612 1549 748 1588 triduo,
773 1548 809 1581 id
833 1550 903 1588 est,
930 1548 1044 1581 tribus
1067 1547 1195 1580 diebus
1212 1549 1248 1581 et
1263 1547 1377 1581 tribus
1393 1547 1558 1581 noctibus
1572 1556 1657 1581 con-

204 1606 329 1644 tinuis,
355 1604 428 1637 ludi
451 1604 600 1638 fuissent
623 1603 793 1637 celebrati
817 1605 853 1636 et
875 1612 1021 1637 carmen
1046 1604 1225 1637 cantatum
1247 1604 1338 1636 inter
1361 1603 1543 1636 sacrificia.
1579 1604 1656 1636 Hoc
1706 1623 1708 1625 ·

204 1662 325 1693 autem
349 1660 478 1693 accidit
499 1660 611 1702 Appio
636 1659 782 1693 Claudio
805 1659 956 1692 Pulchro
980 1669 1055 1692 cos.
1088 1660 1131 1701 (a.
1157 1668 1191 1691 u.
1216 1668 1245 1691 c.
1271 1658 1347 1705 490.
1372 1660 1572 1701 Reseranda-e
1592 1660 1656 1692 huc

202 1716 335 1748 videtur
360 1716 451 1748 locus
483 1716 644 1748 Varronis
670 1716 762 1755 apud
791 1715 1007 1748 Censorinum
1036 1716 1075 1748 C.
1107 1715 1167 1747 47:
1208 1715 1320 1749 «Cum
1349 1714 1459 1748 multa
1491 1716 1655 1758 portenta

205 1771 334 1803 fierent
358 1772 395 1803 et
417 1779 541 1803 murus
565 1779 608 1803 ac
630 1771 754 1811 turris,
780 1779 872 1812 quae
896 1772 979 1804 sunt
1001 1772 1092 1804 intra
1113 1773 1256 1814 portam
1280 1771 1452 1805 Collinam
1475 1772 1511 1804 et
1533 1771 1656 1812 Esqui-

203 1826 327 1867 linam,
368 1827 413 1859 de
438 1825 536 1859 caelo
559 1827 681 1860 essent
704 1828 816 1867 tacta,
856 1828 892 1859 et
914 1827 995 1859 ideo
1018 1826 1128 1860 libros
1151 1826 1340 1869 Sibyllinos
1361 1827 1458 1860 Xviri
1479 1827 1652 1867 adissent„

204 1883 461 1921 renuntiarunt,
486 1882 537 1914 uti
558 1883 627 1914 Diti
643 1883 733 1924 patri
750 1884 786 1915 et
801 1883 1034 1924 Proserpinae
1050 1882 1123 1915 ludi
1138 1883 1315 1916 Terentini
1330 1883 1366 1915 in
1383 1883 1516 1926 Campo
1531 1883 1655 1917 Martio
1703 1884 1707 1892 ’

205 1938 333 1970 fierent
356 1939 391 1970 et
412 1938 550 1971 hostiae
576 1937 699 1971 furvae
723 1937 1009 1979 immolarentur,
1049 1939 1172 1980 utique
1195 1938 1267 1972 ludi
1281 1930 1488 1972 *centesimo
1509 1946 1654 1980 quoque
1704 1976 1706 1979 ,

205 2003 298 2026 anno
322 1993 495 2033 fierent»)

295 2050 503 2081 «Praeterea
527 2047 599 2081 ludi
623 2048 803 2082 seculares
825 2048 995 2082 celebrati
1018 2051 1116 2090 sunt,
1142 2059 1224 2083 cum
1247 2051 1358 2082 Roma
1380 2048 1579 2092 pestilentia
1602 2048 1655 2082 la-

205 2104 361 2144 boraret,
387 2103 529 2146 quando
553 2113 596 2136 ex
619 2101 732 2137 libris‘
741 2103 916 2146 Sibyllinis
934 2105 1076 2146 jussum
1099 2106 1166 2145 est,
1191 2107 1231 2138 ut
1252 2106 1321 2138 Diti
1343 2105 1435 2148 patri
1457 2104 1503 2138 ad
1525 2105 1656 2138 Teren-

205 2162 281 2192 tum
308 2160 417 2201 stipes
448 2161 659 2192 mitteretur.
710 2161 785 2193 Hoc
813 2160 921 2192 etiam
948 2160 1057 2193 iidem
1086 2159 1166 2193 libri
1186 2161 1383 2201 iusserunt,
1423 2162 1463 2193 ut
1483 2159 1652 2194 nobilium
1697 2151 1701 2163 ³

204 2214 307 2247 liberi
331 2216 364 2247 in
390 2214 561 2256 Capitolio
586 2223 731 2249 carmen
755 2216 988 2249 decantarent
1010 2217 1208 2250 trinoctio.»

294 2271 465 2310 Carmen,
502 2270 547 2303 de
583 2280 654 2312 quo
688 2270 843 2313 loquitur
870 2272 1152 2313 commentator,
1191 2272 1394 2305 «conditum
1416 2281 1436 2304 a
1459 2271 1556 2304 Livio
1578 2272 1653 2305 An·
1721 2318 1722 2321 Ἰ

205 2326 350 2358 dronico
373 2326 408 2358 in
432 2327 605 2359 lunonem
627 2328 797 2368 reginam,
823 2326 880 2360 illa
895 2328 1107 2370 tempestate
1131 2328 1276 2361 forsitan
1302 2326 1476 2361 laudabile
1502 2326 1652 2360 rudibus

204 2382 369 2423 ingeniis,
408 2390 501 2414 nunc
529 2381 727 2415 abhorrens
751 2383 787 2415 et
809 2382 1048 2416 inconditum»
1083 2384 1188 2417 vocat
1209 2383 1325 2416 Livius
1348 2383 1390 2416 27
1405 2407 1414 2423 ,
1439 2382 1493 2415 37.
1518 2382 1565 2415 ad
1587 2390 1654 2415 an·
1692 2393 1695 2395 ·

205 2445 290 2469 num
314 2446 348 2469 u.
375 2446 406 2469 c.
432 2436 508 2469 545.
1699 2466 1702 2469 .

290 2492 427 2535 Duplex
458 2493 577 2526 autem
606 2493 826 2526 enumeratio
859 2493 1086 2535 antiquorum
1109 2493 1274 2527 ludorum
1297 2492 1510 2527 secularium
1533 2494 1652 2527 exsta-
1698 2490 1709 2537 ’ς’

203 2548 278 2587 bat,
304 2548 400 2590 apud
423 2547 605 2595 Valerium!
626 2549 801 2582 Antiatem
825 2547 946 2587 altera,
972 2548 1082 2582 altera
1098 2549 1134 2582 in
1151 2549 1422 2583 Commentariis
1433 2549 1651 2582 XVvirorum
1702 2568 1706 2579 2

203 2605 292 2635 teste
318 2603 511 2635 Censorino
537 2604 574 2634 C.
604 2604 654 2634 47.
