1722 2904
237 65 319 105 660
777 63 947 96 uonATu
971 64 1143 96 EPoDON

675 169 1168 208 ExcuRSUs
1220 171 1257 206 1.

840 272 890 302 Ao
915 270 1018 302 Epon.
1045 270 1086 301 11.

942 359 982 381 nx

779 432 903 463 CARou
936 431 1135 462 LAcunANm

712 495 754 543 An
780 520 809 542 c.
835 518 1002 543 sumnum
1033 518 1199 542 nrisrom.

319 596 394 628 «De
428 593 544 636 epodo
568 592 728 625 secundo
763 589 943 624 ‚videbaris
976 590 1063 622 mihi
1088 591 1132 632 (p.
1158 591 1213 623 27.
1239 589 1328 632 424.)
1360 591 1483 624 nescio
1515 599 1585 633 qua
1609 591 1683 624 sive

229 650 373 684 iuvenili
397 649 620 682 coniectandi
656 646 929 688 intemperantia
953 646 1028 678 sive
1065 654 1258 687 pravarum
1281 646 1575 680 observationum
1597 655 1685 679 con—

226 708 365 748 tagione
390 706 494 738 nimis
518 703 693 736 subtiliter
715 701 923 744 ignorabilia
946 702 1094 734 rimatus
1119 710 1220 742 esse,
1245 703 1285 734 ut
1305 703 1489 744 postremo
1514 710 1586 735 non
1602 702 1684 744 qui-

227 762 312 794 dem
349 761 433 803 quid
469 760 627 802 luppiter
660 759 783 791 Iunoni
820 759 855 790 in
885 766 1034 797 aurem,
1071 757 1136 790 sed
1170 758 1290 790 tamen
1326 758 1412 800 quid
1441 759 1533 792 inter
1563 767 1603 791 se
1636 757 1683 790 illi

227 817 439 850 «consortes
464 815 592 855 studii,
628 815 686 856 pia
720 814 823 846 turba
855 815 1008 855 poetae»
1047 813 1249 854 (Horatius,
1285 814 1471 855 Virgilius,
1506 812 1680 867 Tibullus)

226 874 404 914 egissent,
431 870 493 903 tibi
517 870 691 903 videreris
714 869 920 910 intelligere.
981 870 1086 901 Certe
1122 878 1188 910 ego
1221 869 1387 902 hebetior
1410 869 1683 911 Virgilianorum

225 928 425 961 carminum
451 927 587 967 (Georg.
607 927 647 966 ⁶2,
674 925 738 958 458
754 925 870 966 seqq.)
896 926 931 956 in
954 924 1011 957 illo
1035 924 1152 966 epodo
1175 924 1308 958 nullam
1330 924 1487 958 litteram
1510 933 1679 966 agnosco.

223 986 337 1017 Immo
361 984 447 1016 mihi
471 991 585 1024 nuper
609 982 784 1024 Gruppius
807 981 842 1013 in
864 980 973 1020 libro,
1011 988 1120 1021 quem
1141 980 1186 1012 de
1210 979 1323 1022 elegia
1345 981 1503 1014 Romana
1526 980 1678 1023 scripsit,

226 1041 272 1082 (p.
300 1040 389 1080 392.)
414 1038 539 1071 Tibulli
563 1037 740 1079 quosdam
761 1045 889 1070 versus
915 1045 1000 1068 cum
1024 1036 1167 1068 Horatio
1192 1036 1457 1078 comparavisse
1483 1035 1542 1069 vel
1565 1036 1680 1078 aptius

223 1096 269 1128 ad
292 1094 585 1137 persuadendum
606 1094 772 1131 videtur;
810 1101 893 1124 cum
918 1093 1038 1124 tamen
1062 1093 1200 1124 certum
1223 1092 1268 1124 sit
1290 1092 1474 1124 Horatium
1496 1092 1532 1124 in
1555 1091 1680 1134 epodis

220 1151 266 1183 ad
290 1150 414 1183 Tibulli
448 1150 605 1182 carmina
629 1149 809 1190 respicere
833 1157 904 1180 non
934 1148 1116 1189 potuisse,
1154 1147 1221 1180 nisi
1253 1147 1290 1179 in
1313 1145 1448 1179 Tibullo
1482 1155 1583 1180 meas
1599 1173 1607 1188 ,
1642 1147 1680 1180 in

220 1207 364 1239 Horatio
388 1208 467 1238 tuas
490 1207 695 1247 temporum
729 1204 883 1236 rationes
917 1204 1161 1245 repudiemus.
1211 1203 1283 1244 Ego
1316 1202 1385 1235 hoc
1407 1211 1520 1235 unum
1547 1202 1675 1244 video,

218 1262 363 1295 Horatio
397 1261 558 1294 iambum
590 1259 792 1293 Archilochi
825 1260 908 1292 ante
942 1258 1063 1291 oculos
1097 1258 1229 1299 ruisse,
1267 1259 1313 1291 ad
1344 1259 1446 1291 cuius
1471 1257 1675 1301 exemplum

218 1319 314 1351 hunc
338 1326 444 1350 suum
468 1317 714 1358 componeret.
762 1315 886 1355 Illum,
923 1315 1092 1356 inquam,
1128 1314 1165 1346 in
1196 1323 1267 1356 quo
1297 1314 1498 1347 Charonem
1535 1313 1679 1348 fabrum

217 1373 425 1416 loquentem
458 1373 613 1412 induxit,
649 1372 749 1404 cuius
783 1372 919 1403 initium
950 1370 1014 1403 fuit
1048 1363 1104 1403 01³5
1135 1380 1206 1413 μοι
1233 1366 1281 1402 τὰ
1308 1368 1437 1414 Γύγεω
1459 1368 1529 1403 τοῦ
1553 1367 1678 1403 πολυ-

217 1427 366 1476 χρύσου
389 1428 495 1472 μέλει
519 1424 598 1461 οὐδ’·
624 1424 700 1461 εἷλέ
715 1425 773 1460 πώ
786 1437 835 1470 με
851 1424 975 1469 ζῆλος.
1023 1426 1094 1459 Sed
1117 1425 1240 1467 nobis,
1266 1434 1376 1468 quam
1398 1424 1494 1458 bella
1516 1434 1672 1467 quamve

216 1487 337 1519 iocosa
361 1486 466 1518 fuerit
488 1485 635 1517 imitatio
651 1509 658 1523 ,
692 1484 751 1516 vix
773 1483 947 1524 suspicari
970 1481 1074 1521 licet,
1105 1491 1189 1514 cum
1212 1491 1258 1514 ne
1279 1482 1413 1514 exitum
1436 1481 1584 1524 quidem
1607 1482 1676 1514 Ar·-

218 1541 381 1574 chilochii
406 1541 596 1580 carminis,
623 1539 724 1572 cuius
748 1538 846 1571 modi
874 1538 1001 1577 fuerit,
1037 1538 1195 1570 divinare
1226 1537 1419 1579 possimus.
1465 1538 1505 1569 In
1525 1537 1618 1577 hoc,
1644 1537 1672 1570 si

214 1596 442 1630 Aristotelem
478 1598 577 1628 recte
612 1594 767 1636 intelligo
802 1594 955 1636 (Rhetor.
981 1593 1017 1634 3,
1044 1593 1110 1634 ⁴7.)
1127 1619 1135 1633 ,
1173 1593 1236 1625 fuit
1257 1589 1389 1636 ψόγος
1420 1587 1514 1626 ἄνευ
1537 1588 1673 1639 ἀγροι-

214 1654 313 1693 κίας.
362 1653 526 1684 Horatius
546 1651 758 1684 suavitatem
775 1650 950 1691 quaesivit
974 1650 1010 1681 et
1031 1648 1241 1688 ridiculum3
1265 1648 1335 1681 hoc
1351 1647 1497 1690 quidem
1513 1656 1670 1688 summe,

216 1717 300 1741 cum
335 1708 524 1740 feneratori
559 1705 729 1739 adscribit*
762 1705 873 1745 haec,
915 1705 988 1745 quis
1017 1714 1084 1736 non
1114 1704 1307 1744 mammem,
1347 1712 1432 1744 quas
1453 1712 1551 1736 amor
1572 1712 1675 1736 curas

215 1765 329 1804 habet,
376 1764 456 1795 haec
501 1763 587 1794 inter
621 1759 854 1794 obliviscitur?
897 1759 962 1793 sed
1005 1759 1072 1793 sub
1118 1760 1193 1792 risu
1223 1760 1376 1801 iocoque
1416 1758 1527 1792 latere
1568 1760 1673 1792 amici

217 1818 368 1861 (Virgilii)
395 1819 595 1851 irrisionem
620 1826 684 1849 cur
707 1817 869 1858 suspicer
879 1817 916 1848 ‘?»
944 1834 981 1839 —-
1006 1816 1136 1849 Marius
1159 1815 1359 1848 Victorinus
1382 1823 1417 1856 p.
1445 1815 1519 1848 ⁴88.
1538 1815 1644 1848 Gaisf.
1664 1825 1672 1847 ε

215 1876 272 1908 Ex
307 1876 456 1908 trimetro
489 1883 589 1906 versu
621 1872 762 1904 iambico
795 1873 935 1912 epod-um
969 1871 1207 1911 octosyllabum
1228 1870 1440 1903 Archilochus
1471 1874 1674 1903 commentus

216 1935 286 1964 est:
311 1934 349 1963 ut
372 1931 501 1963 Beatus
526 1929 581 1961 ille
598 1954 605 1968 ,
632 1929 692 1970 qui
715 1926 839 1969 procul
864 1927 1023 1968 negotiis.

302 1986 547 2019 Amicissimus
582 1984 740 2016 Halmius
775 1983 942 2015 indicavit
971 1982 1056 2015 mihi
1090 1981 1210 2015 locum
1237 1983 1359 2024 utique
1382 1980 1603 2024 persimilem
1626 1990 1671 2014 ex
1719 1972 1722 2007 J

214 2042 460 2084 Aristophanis
491 2037 640 2082 Νήσοις
663 2041 718 2072 Fr.
744 2038 820 2072 344.
846 2038 997 2070 Dindorf
1015 2039 1052 2070 P.
1079 2038 1134 2070 Sc.
1160 2046 1240 2079 pag.
1269 2037 1343 2071 446.
1381 2037 1526 2078 (Comic.
1550 2037 1667 2078 Frgm.

213 2097 290 2131 Vol.
309 2099 350 2130 11.
368 2106 403 2138 p.
424 2096 547 2136 4408),
574 2104 683 2137 quem
699 2094 904 2127 exscribere
928 2094 1046 2125 iuvat:
1067 2087 1114 2125 Ὦ
1135 2091 1242 2139 μῶρε
1262 2089 1391 2139 μῶρε,
1415 2090 1536 2125 ταῦτα
1557 2089 1667 2125 πάντ’

213 2152 254 2185 ἐν
277 2150 356 2199 τῇδ’
382 2148 460 2192 ἔνι,
499 2151 626 2183 Οἰκεΐν
652 2149 725 2193 μὲν
754 2149 795 2182 ἐν
824 2145 927 2194 ἀγρῷ
949 2146 1089 2181 τοῦτον
1112 2147 1154 2181 ἐν
1176 2147 1229 2192 τῷ
1252 2147 1370 2192 γηδίῳ
1390 2143 1668 2191 Ἄπαλλαγέντα

215 2204 291 2240 τῶν
315 2209 396 2241 κατ’
421 2204 569 2254 ἀγορὰν
592 2203 827 2253 πραγμάτων
843 2229 852 2245 ,
889 2204 1135 2247 Κεκτημένον
1157 2201 1356 2250 ζευγάριον
1381 2203 1525 2236 οἰκεῖον
1551 2201 1667 2242 βοοῖν

203 2260 345 2296 ⁰'E7zect'
381 2259 539 2296 ἀκούειν
581 2261 801 2308 προβατίων
835 2259 1120 2303 βληχωμένων,
1172 2257 1320 2306 Τρυγός
1360 2269 1401 2292 τε
1442 2256 1579 2302 φωνὴν
1613 2259 1668 2299 εἰς

213 2317 377 2362 λεκάνην
411 2315 662 2361 ὦθουμένης,
690 2314 802 2360 Ὄψῳ
836 2315 877 2348 δὲ
899 2313 1084 2362 Χρῆσθαι
1107 2313 1311 2355 σπινιδίοις
1333 2324 1374 2347 τε
1401 2315 1468 2348 καὶ
1489 2313 1664 2356 κίχλαις,

213 2375 290 2408 Καὶ
311 2372 368 2418 μὴ
393 2375 606 2420 περιμένειν
629 2371 671 2415 ἐξ
694 2370 841 2420 ἀγορᾶς
865 2370 1021 2412 ἰχθύδια
1044 2373 1202 2418 Τριταῖα
1225 2370 1464 2414 πολυτίμητα
1491 2369 1666 2411 βεβασα-

212 2432 377 2474 νισμένα
396 2427 475 2463 Ἐπ’
501 2427 748 2470 ἰχθυοπώλου
772 2429 871 2475 χειρὶ
894 2425 1217 2475 παρανομωτάτῃ.
1263 2427 1328 2459 Vix
1350 2428 1470 2459 tamen
1491 2426 1663 2465 adducor,

212 2489 252 2520 ut
273 2487 329 2519 vel
353 2486 577 2526 Archilochi,
615 2484 922 2527 quemadmodum
945 2484 1043 2516 ratus
1068 2483 1122 2515 est
1144 2482 1413 2522 Lachmannus,
1448 2481 1507 2515 vel
1529 2481 1664 2515 Comici

214 2544 445 2575 imitationem
471 2541 631 2575 consulto
656 2541 854 2582 quaesitam
879 2540 914 2571 in
937 2539 1005 2571 hoc
1027 2538 1150 2581 Epodo
1173 2546 1377 2579 agnoscam.

1703 2870 1717 2904 *⁶2¹
1700 2425 1722 2863 *mm-m.
