1722 2904
174 71 258 114 692
726 75 898 109 nolum
922 77 1093 110 EPODON

459 179 650 221 Minusve
681 179 855 237 languet
882 181 1092 224 fascinum
1108 182 1129 223 ⁵?

399 259 525 311 Quod
555 267 602 303 ut
632 260 823 317 superbo
855 275 1068 318 provoces
1097 261 1152 305 ab
1182 262 1374 320 inguine,

456 341 544 384 Ore
574 340 898 384 allaborandum
927 349 993 386 est
1022 342 1109 386 tibi.
1567 345 1623 386 20

259 498 311 529 20,
338 497 605 530 adlaborandum
629 499 665 530 Β.

170 641 326 674 studium
348 641 493 674 affectas
512 642 619 682 atque
637 649 762 673 severa
779 641 871 673 Stoi-
922 640 1165 676 Dubitationes
1197 643 1242 676 de
1272 643 1308 676 h.
1334 643 1356 676 1.
1382 645 1484 677 natae
1509 653 1551 677 ex
1575 653 1619 676 eo

169 699 294 723 corum
309 691 440 732 scripta
453 699 627 732 reponere
641 690 734 723 soles
750 690 785 722 in
796 689 872 732 pul·
920 690 1102 732 videntur,
1140 692 1237 734 quod
1269 701 1304 725 v.
1328 693 1439 734 m'yere
1468 702 1620 735 accepe-

168 739 258 773 villis
283 741 351 772 tuis
371 741 511 779 sericis,
538 740 702 772 credisne
726 741 872 782 propter
920 742 1004 773 runt
1035 750 1100 783 pro
1135 742 1288 783 amyere
1319 745 1496 782 naturam,
1537 750 1620 775 cum

168 789 738 822 hanclitterarumsimulationem
750 799 808 822 me
822 790 871 822 tui
920 790 1079 831 lanquere
1102 791 1286 832 significet.
1315 810 1351 814 —
1375 791 1537 833 Minusve]
1562 790 1619 823 alii

169 849 291 872 amore
317 848 525 872 exarsurum
553 841 658 872 esse‘?
680 840 732 872 De
759 840 872 871 temet
919 840 1108 880 minusque,
1133 841 1174 872 ut
1194 840 1328 882 ubique
1349 841 1384 873 in
1398 841 1454 873 his
1469 841 1615 883 particc.

167 891 244 931 ipsa
267 897 416 930 quaero,
445 898 530 921 num
552 890 657 931 putes
679 890 870 931 propterea
919 890 1086 922 variatur.
1107 889 1196 922 Illud
1211 889 1329 929 firmat
1342 890 1472 923 Marius
1487 889 1617 923 Plotius

166 939 283 971 minus
306 939 414 980 rigere
431 938 586 980 (frigere,
612 938 766 980 torpere)
791 947 872 970 ner-
920 947 954 980 p.
979 939 1056 972 278.
1082 938 1186 971 Gaisf.
1226 957 1262 962 —
1297 939 1456 981 superbo]
1493 939 1618 972 «fasti-
1643 946 1665 959 Χ

166 997 231 1020 vos
247 997 368 1027 meos,
395 988 454 1029 qui
469 987 740 1030 philosophiam,
759 996 869 1029 quam
920 988 1052 1029 diente,
1084 988 1201 1021 minus
1217 987 1467 1030 obsequioso.»
1491 990 1612 1022 Senot.

167 1040 204 1070 tu
229 1039 403 1077 ostentas,
433 1046 660 1079 nequaquam
685 1038 866 1070 curanw»
922 1055 959 1061 -
984 1037 1059 1078 Ore]
1085 1036 1303 1079 «lingendo»
