1722 2904
171 73 252 115 472

686 76 857 109 HORATH
882 77 1043 111 CARMIN
1049 77 1107 111 ΠΜ

615 441 927 481 cm
964 441 1171 481 XXIV-

278 555 448 599 Intactis
478 554 720 612 opulentior

336 635 565 678 Thesauris
595 634 783 678 Arabum
813 642 854 677 et
884 634 1026 677 divitis
1056 634 1202 678 Indiae

281 716 520 760 Caementis
551 715 649 759 licet
678 729 867 772 occupes

252 874 367 906 XXIV.
404 874 514 905 Inscr.
540 872 631 914 volg.
668 874 706 905 In
729 881 864 906 avaros,
892 891 928 895 —-
968 872 1019 906 Ad
1040 873 1156 906 divites
1178 881 1303 905 avaros
1324 873 1436 906 Codd.
1462 873 1545 906 mei.

210 1019 325 1050 XXIV.
353 1019 571 1060 Exspectans
596 1018 688 1058 fore,
715 1019 754 1050 ut
777 1018 869 1050 Cae—

167 1076 225 1100 sar
258 1067 364 1100 finitis
395 1067 497 1101 hellis
531 1067 692 1101 civilibus
720 1069 755 1100 in
789 1076 869 1100 mo—

166 1125 247 1149 rum
271 1118 559 1150 emendationem
575 1119 656 1150 ante
673 1118 791 1150 omnia
811 1118 868 1150 in-

168 1166 333 1206 cumbat,
352 1168 468 1209 poeta,
487 1176 596 1208 quam
613 1169 768 1209 corrupti
785 1168 865 1207 sint,

165 1215 387 1249 demonstrat
411 1218 446 1249 et
468 1217 638 1250 remediis
660 1218 767 1250 etIam
790 1218 869 1249 vio-

168 1264 271 1298 lentis
287 1267 472 1307 pristinam
488 1266 748 1309 simplicitatem
764 1268 868 1299 resti—

169 1315 339 1348 tuendam
356 1324 436 1349 esse
454 1317 588 1349 censet.
614 1318 655 1350 Ut
670 1317 774 1350 huius
789 1315 868 1349 libri

167 1365 230 1396 Od.
250 1366 279 1397 4.
298 1366 331 1397 2.
350 1365 396 1405 3.,
423 1367 478 1398 est
499 1375 542 1399 ex
565 1367 606 1399 iis
636 1367 866 1407 carminibus,

167 1414 296 1455 quibus
313 1415 408 1447 cives
425 1424 510 1448 suos
526 1416 571 1447 ad
584 1416 714 1448 avitam
727 1425 869 1449 morum

168 1464 406 1496 innocentiam
429 1466 534 1506 atque
557 1465 794 1506 integritatem
809 1475 870 1499 re-

168 1522 299 1545 vocare
331 1514 472 1553 studet,
508 1515 582 1547 sive
610 1516 789 1556 Augustus
823 1516 869 1548 ad

167 1561 255 1595 tales
272 1564 514 1608 παραινέσεις
531 1563 764 1598 elaborandas
786 1574 869 1598 eum

168 1613 349 1653 excitavit,
376 1614 450 1646 sive
475 1615 580 1655 poeta
604 1615 680 1656 ipse
704 1615 795 1648 ultro
819 1616 871 1648 in-

167 1661 316 1701 tellexit,
369 1671 429 1695 eas
459 1665 576 1704 gratas
622 1666 658 1696 et
703 1666 868 1706 acceptas

166 1710 242 1743 fore
266 1712 438 1753 principi,
476 1721 558 1745 cum
589 1714 690 1746 cuius
715 1714 868 1747 consiliis

166 1769 313 1802 prorsus
349 1762 626 1795 concordabant.
674 1764 743 1805 Ipsi
777 1773 869 1805 quo-

167 1819 236 1851 que
259 1811 484 1852 temporibus
507 1812 654 1845 idoneas
679 1822 759 1846 esse
775 1814 868 1846 visas

169 1862 451 1893 consentaneum
486 1864 551 1895 est.
612 1863 868 1905 (compositum

168 1910 309 1944 videtur
331 1919 397 1952 per
421 1920 452 1943 a.
479 1912 679 1953 725—726.)

213 1982 243 2014 4.
283 1985 436 2027 Intactis]
485 1986 670 2027 «integris,
712 1987 870 2020 nondum

168 2031 201 2062 in
237 2033 477 2067 Romanorum
511 2036 725 2077 potestatem
764 2037 871 2069 reda-

169 2082 268 2114 ctis.»
294 2083 357 2115 Od.
374 2085 404 2124 4,
421 2085 476 2124 29,
496 2086 508 2116 4
531 2095 538 2117 2
561 2085 871 2118 beatis-Arabum-

169 2132 276 2172 9azis.
302 2135 407 2175 Prop.
427 2135 467 2174 2,
487 2135 547 2174 40,
567 2136 607 2167 45
625 2144 632 2167 ;
657 2136 753 2168 India
776 2137 867 2176 quin,

170 2182 330 2223 Auquste,
377 2187 433 2216 tuo
468 2185 526 2216 dat
559 2185 645 2216 colla
679 2186 868 2226 triumpho,

169 2231 212 2262 Et
234 2233 350 2264 domus
372 2233 516 2266 intactae
540 2237 570 2266 te
587 2234 698 2267 tremit
711 2234 866 2267 Arabiae.

213 2306 243 2337 3.
281 2306 312 2338 4.
351 2307 551 2350 Caementis]
578 2307 648 2340 Csr.
675 2308 738 2341 Od.
766 2308 808 2349 3,
836 2310 866 2349 4,

169 2355 222 2387 35.
251 2373 286 2378 -
319 2365 416 2389 mare
436 2357 630 2399 Apulicwm]
667 2359 868 2400 oppositum

168 2405 362 2444 Tyrrheno.
410 2407 486 2439 Miri
517 2408 638 2440 autem
670 2416 810 2441 errores
834 2409 868 2441 in

169 2453 203 2485 h.
222 2462 255 2485 v,
275 2464 295 2486 a
318 2454 468 2488 librariis
492 2457 673 2489 commissi
697 2458 868 2498 originem

169 2503 301 2535 ducunt
325 2513 343 2536 a
374 2504 549 2537 vocalium
582 2507 869 2539 concurrentium

171 2551 326 2585 elisione.
360 2555 457 2595 (Cod.
477 2554 634 2587 Blandin.
659 2557 842 2597 antiquiss.
860 2566 866 2587 z

170 2611 264 2634 mare
274 2604 444 2643 publicam
460 2613 543 2636 cum
564 2604 669 2645 gloss.
700 2605 787 2637 «late
805 2615 870 2647 pa-

918 1016 1027 1049 simas
1050 1017 1087 1049 et
1109 1015 1314 1057 magnificas
1329 1015 1428 1050 villas
1449 1016 1495 1049 ad
1509 1017 1619 1049 maris

918 1065 999 1099 litus
1024 1066 1186 1099 exstruas
1210 1066 1303 1099 cet.»

961 1115 1046 1148 5-8.
1072 1115 1109 1147 δι’
1125 1114 1208 1157 cet.]
1235 1114 1319 1149 «Ubi
1335 1116 1469 1157 tamen,
1493 1116 1533 1148 ut
1550 1114 1619 1148 fert

919 1174 1039 1198 rerum
1061 1166 1203 1205 natura,
1234 1165 1437 1198 Necessitas
1459 1164 1620 1207 aliquan-

919 1215 964 1247 do
988 1215 1136 1247 modum
1158 1215 1258 1256 ponit
1285 1215 1436 1256 inceptis
1465 1214 1535 1247 tuis
1558 1222 1621 1247 su-

917 1264 1058 1306 perbis,
1097 1265 1207 1305 tuque
1230 1264 1267 1296 id
1290 1264 1421 1304 sentis,
1453 1265 1490 1297 et
1521 1264 1621 1296 metu

918 1313 1082 1347 dolorum
1097 1314 1294 1355 mortisque
1310 1314 1530 1357 propinquae
1546 1315 1621 1346 tor-

918 1363 1078 1405 quebere
1112 1363 1313 1405 frustraque
1342 1363 1496 1395 mortem
1530 1362 1621 1395 efl'u-

918 1422 1001 1455 gere
1026 1412 1186 1446 studebis
1209 1414 1300 1445 cet.»
1326 1430 1364 1436 —
1387 1413 1472 1455 figit]
1496 1412 1620 1447 Ultima

918 1462 1055 1504 syllaba
1079 1463 1289 1505 producitur
1311 1471 1460 1496 caesura
1484 1464 1521 1496 et
1534 1463 1616 1496 arsi.

919 1513 1019 1546 Conf.
1046 1513 1110 1545 Od.
1136 1513 1150 1545 4
1168 1538 1175 1553 ,
1193 1512 1234 1552 3,
1252 1512 1306 1545 36.
1331 1513 1365 1552 2,
1383 1511 1415 1552 6,
1434 1511 1487 1545 ⁴4.
1511 1512 1545 1552 2,
1564 1512 1618 1552 43,

920 1563 972 1595 46.
999 1563 1038 1602 3,
1059 1563 1117 1602 46,
1135 1563 1189 1595 26.
1224 1563 1496 1604 Supervacanea
1517 1561 1622 1603 igitur

919 1614 974 1645 est
997 1612 1112 1644 audax
1135 1611 1192 1644 illa
1226 1611 1473 1653 transpositio,
1509 1619 1617 1652 quam

919 1662 1046 1695 suadet
1069 1661 1191 1694 Axtius
1215 1660 1262 1692 ad
1284 1660 1491 1693 Vestritium
1512 1660 1616 1702 Spur.

918 1720 953 1753 p.
973 1713 985 1743 4
996 1711 1036 1743 42
1052 1720 1059 1742 :
1085 1710 1122 1742 Si
1137 1709 1273 1742 summis
1289 1709 1525 1742 adamantinos
1533 1709 1622 1751 Fiyn

917 1748 1113 1793 verbio-iba&
1126 1777 1162 1783 —
1188 1759 1424 1791 adamantinos
1436 1775 1452 1783 -
1465 1776 1480 1783 -
1494 1759 1618 1801 clavos]

919 1812 1069 1852 Semper
1100 1808 1327 1850 cogitandum
1350 1808 1396 1841 de
1418 1809 1531 1851 prima
1554 1817 1621 1842 no-

918 1861 1012 1892 tione
1048 1868 1082 1891 v.
1114 1854 1290 1901 ἀδάμας,
1333 1858 1487 1891 «ferrum
1517 1858 1620 1891 indo-

919 1909 1062 1947 mitum,
1089 1909 1354 1941 durissimum.»
1399 1906 1485 1940 Plat.
1519 1908 1616 1950 Reip.

921 1960 973 1991 40.
989 1968 1023 2000 p.
1041 1959 1124 1991 6⁴6:
1145 1955 1327 2002 Ἀνάγκης
1338 1952 1531 2004 ἄτρακτον
1544 1981 1554 1997 ,
1566 1975 1585 1982 -
1601 1975 1620 1980 -

920 2002 967 2042 οὗ
983 2006 1053 2051 τὴν
1069 2026 1088 2032 -
1104 2005 1300 2052 ἠλακάτην
1315 2017 1355 2040 τε
1370 2008 1436 2040 καὶ
1451 2004 1497 2040 τὸ
1514 2003 1621 2051 ἄγκι-

920 2068 1036 2104 στρον
1070 2055 1167 2092 εἶναι
1206 2056 1247 2100 ἐξ
1284 2053 1506 2100 ἀδάμαντος
1538 2056 1616 2090 κτλ.

920 2108 1017 2140 Pind.
1036 2109 1137 2149 Pyth.
1155 2108 1191 2148 4,
1209 2109 1245 2140 74
1267 2117 1274 2139 :
1301 2108 1367 2148 Τις
1389 2105 1430 2139 δὲ
1445 2105 1620 2148 κίνδυνος

919 2160 1119 2204 κρατεροῖς
1132 2153 1356 2200 ἀδάμαντος
1367 2154 1484 2200 δῆσεν
1495 2151 1619 2198 ἅλοις

918 2207 1018 2239 Idem
1045 2209 1098 2239 Fr.
1129 2208 1203 2240 420.
1237 2207 1390 2239 Boeckh.
1416 2206 1479 2239 Ed.
1505 2206 1616 2239 min.:

920 2254 1118 2303 Ταρτάρου
1145 2253 1304 2299 πυθμὴν
1321 2257 1444 2289 πιέσει
1461 2257 1496 2289 σ’
1519 2252 1620 2296 ἀφα-

919 2305 1010 2347 νοῦς
1025 2304 1289 2353 σφυρηλάτοις
1303 2302 1501 2350 ἀνάγκαις.
1526 2306 1618 2339 Ano-

919 2365 1048 2397 nymus
1073 2357 1107 2389 in
1132 2355 1295 2398 Sophocl.
1314 2357 1368 2389 Fr.
1394 2355 1469 2388 604.
1489 2355 1590 2388 Dind.
1609 2365 1615 2386 :

918 2403 1095 2452 Περιώσί
1112 2401 1270 2446 ἅφυκτά
1286 2415 1326 2438 τε
1341 2402 1467 2448 μήδεα
1482 2413 1619 2437 παντο-

918 2453 1044 2488 δαπᾶν
1059 2454 1207 2495 βουλᾶν
1221 2451 1496 2498 ἀδαμαντίνως
1507 2451 1620 2495 ὕφαι-

920 2515 1023 2538 νεται
1040 2507 1210 2552 κερκίσιν
1221 2502 1332 2538 Αἷσα.
1351 2504 1539 2538 oraculum
1554 2505 1620 2545 Py-

920 2555 1013 2587 thiae
1038 2556 1132 2597 apud
1157 2556 1287 2588 Herod.
1313 2555 1352 2595 7,
1382 2554 1440 2588 ⁴4⁴
1461 2564 1467 2585 :
1493 2553 1563 2586 Σοὶ
1577 2551 1618 2586 δὲ

920 2602 995 2638 τόδ’
1026 2599 1135 2645 αὖτις
1173 2600 1267 2646 ἔπος
1304 2603 1397 2651 ἐρέω
1429 2599 1618 2646 ἀδάμαντι

169 2652 294 2692 tens»)
314 2653 491 2686 Sententia
508 2656 576 2687 est:
600 2655 714 2691 «Licet
732 2654 871 2697 amplis·
923 2652 1130 2696 πελάσσας.
1154 2673 1188 2677 --
1213 2654 1302 2697 dira]
1327 2654 1381 2687 Sic
1397 2653 1509 2686 dimm
1524 2661 1617 2686 omen
