1722 2904
677 59 756 92 Lm.
782 60 838 92 iv.
887 61 926 92 C.
952 61 991 92 V.

622 400 1039 442 cmv.

280 509 398 553 Divis
427 518 519 554 orte
548 511 693 562 bonis,
725 514 884 570 optime
913 514 1118 558 Romulae

280 589 434 634 Custos
463 592 622 648 gentis,
656 592 761 636 abes
790 594 875 636 iam
902 594 1080 637 nimium
1108 595 1205 646 diu;

277 670 487 713 Maturum
516 671 699 715 reditum
728 674 941 730 pollicitus
970 681 1137 732 patrum

335 750 491 794 Sancto
521 751 701 797 concilio
730 754 836 797 redi.

275 856 435 900 Lucem
464 856 599 900 redde
628 865 747 908 tuae,
778 859 866 902 dux
893 859 1025 909 bone,
1057 859 1241 916 patriae:
1522 878 1548 902 ε)

194 998 237 1030 V.
261 998 371 1030 luscr.
394 998 486 1039 volg.
509 999 561 1031 Ad
580 1000 774 1042 Augustum.
802 1018 839 1024 —
861 1001 913 1034 Ad
933 1002 1117 1043 Auyustum
1138 1003 1178 1034 de
1198 1002 1418 1043 Expeditiono
1436 1005 1507 1035 eius

150 1048 253 1079 tarda
272 1048 335 1080 BS.
363 1049 473 1091 —ad
495 1049 672 1082 Caesarem
685 1051 869 1092 Auyustwn
890 1050 1054 1083 absentem
1076 1051 1112 1083 b.
1133 1068 1170 1074 —
1186 1052 1238 1084 Aa
1252 1052 1428 1084 Caesarem
1439 1053 1507 1084 Au-

149 1099 283 1138 qustum
303 1096 467 1129 absentem
489 1099 530 1131 do
553 1100 760 1139 expeditione
784 1100 854 1132 eiu-s
878 1101 990 1131 tarda.
1014 1101 1334 1146 Paeanisspeoiesc.
1365 1101 1505 1141 (inscri-

150 1145 270 1186 ptione
292 1147 390 1178 caret
411 1147 462 1186 T.)
490 1165 524 1170 —
544 1147 576 1180 4.
594 1149 730 1180 consilio
752 1149 776 1180 F
799 1157 819 1180 e
836 1149 947 1181 Codd.
974 1150 1025 1190 (Ut
1047 1158 1128 1188 nos,
1152 1149 1329 1190 BbS'rcd.)

150 1274 192 1306 V.
215 1274 394 1315 Augustus
407 1275 517 1309 rebus
533 1276 689 1315 Gallicis,
714 1278 803 1308 Ger-

107 1323 254 1356 manicis
264 1323 530 1366 Hispanicisque
542 1325 707 1358 omnibus
720 1334 804 1358 con-

107 1371 225 1411 fectis,
252 1372 369 1405 Druso
390 1374 426 1406 iu
449 1375 635 1407 Germania
658 1375 799 1415 relicto,

105 1421 254 1454 Romam
281 1430 448 1456 reversus
490 1426 545 1456 est
574 1424 688 1456 tribus
728 1425 802 1466 pri-

106 1470 174 1502 mis
209 1470 392 1503 mensibus
424 1480 456 1503 a.
488 1481 523 1504 u.
554 1482 585 1505 c.
610 1473 686 1507 74⁴.
726 1474 801 1514 (Dio

107 1518 208 1551 Cass.
232 1518 294 1559 54,
318 1520 386 1561 25.)
410 1520 529 1553 Paullo
544 1522 626 1554 a'nte
649 1524 726 1555 eius
741 1532 801 1555 re-

106 1567 220 1600 ditum
243 1568 492 1610 (probabiliter
513 1579 546 1603 a.
571 1571 659 1612 740.)
688 1573 801 1604 Hora-

105 1617 176 1649 tius
196 1617 266 1649 hoc
288 1626 433 1651 carmen
449 1622 666 1661 composuit,
698 1621 800 1653 Drusi

104 1664 228 1698 laudes
257 1666 316 1698 hic
344 1668 491 1708 Augusti
515 1668 680 1702 laudibus
703 1671 800 1701 exei-

104 1714 222 1756 piens,
249 1715 375 1749 eadem
398 1718 552 1756 ratione,
578 1727 648 1759 qua
671 1719 799 1751 Tiberii

105 1765 336 1805 praeconium
366 1765 429 1798 Od.
455 1765 493 1804 4,
519 1766 571 1799 ⁴4.
608 1767 799 1809 subsequi-

105 1814 164 1845 tur
183 1811 261 1845 iaus
275 1814 436 1854 Augusti,
472 1823 581 1856 quem
604 1817 662 1848 hic
685 1825 799 1849 venu-

105 1861 268 1895 stissimis
289 1862 466 1897 blanditiis
488 1864 650 1898 ambiens
666 1866 712 1898 ad
727 1875 802 1898 ma-

104 1910 294 1944 turandum
315 1912 471 1945 reditum
486 1914 700 1947 exhortatur.
737 1916 802 1947 Το-

104 1961 182 1992 tum
207 1962 328 1993 autem
357 1970 502 1994 carmen
528 1963 656 1996 miram
686 1973 800 2005 quan-

105 2008 188 2040 dam
233 2009 519 2051 tmnquillitatem
556 2012 593 2043 et
628 2011 800 2045 felicitatis

104 2065 251 2090 sensum
270 2060 407 2091 eertum
422 2068 465 2091 ae
481 2060 631 2092 fiduciae
654 2060 799 2102 plenum

104 2107 225 2148 spirat.
286 2107 376 2139 Cum
416 2117 460 2140 eo
499 2110 558 2150 qui
599 2110 801 2142 conferatur

10 2141 14 2179 ἶ
105 2154 231 2195 dignus
253 2156 309 2188 est
329 2155 428 2189 locus
449 2156 571 2189 Velleii
592 2159 631 2196 2,
656 2158 710 2190 89.

148 2204 222 2237 4-4.
256 2205 353 2237 Divis
379 2209 451 2238 orte
471 2206 573 2248 bonis]
599 2206 662 2239 od.
691 2207 732 2245 4,
757 2207 797 2246 Ξ,

105 2253 167 2286 38:
184 2253 324 2293 bonique
334 2255 413 2286 divi.
431 2256 609 2288 Sententia
623 2258 688 2295 est,
707 2265 796 2288 non:

106 2303 187 2343 «qui
215 2311 259 2334 ex
287 2303 574 2345 deorum.stirpe
602 2306 700 2336 ortus
723 2313 782 2336 es»

104 2359 222 2391 neque
237 2352 333 2383 enim
352 2352 421 2384 hoc
437 2351 515 2384 loco
530 2355 708 2393 Augustus
724 2362 801 2385 «or-

104 2400 163 2431 tus
183 2400 226 2431 D.
250 2399 336 2431 Iulio
357 2399 415 2432 vel
437 2401 580 2432 omnino
596 2403 699 2441 gente
714 2400 798 2433 Iulia

105 2455 127 2479 a
147 2448 286 2480 Venere
316 2449 352 2480 et
379 2449 530 2481 Anchisa
558 2450 706 2490 stirpem
732 2449 799 2480 du-

106 2497 236 2528 cente»
274 2496 343 2528 dici
372 2498 528 2537 poterat;
570 2497 657 2537 (hio,
693 2497 795 2536 dico;

106 2553 189 2577 uam
221 2544 323 2586 longe
354 2545 420 2577 alia
450 2555 508 2578 res
539 2548 594 2578 est
620 2546 655 2578 in
678 2547 795 2578 Carm.

106 2601 179 2624 sec.
203 2594 265 2625 50:
290 2594 409 2626 Clarus
429 2595 587 2626 Anchisae
605 2595 799 2634 Venerisque

850 1277 1004 1317 sanquis,
1020 1278 1233 1318 Augustum)
1256 1277 1338 1310 sed:
1365 1278 1452 1310 «diis
1467 1287 1549 1319 pro—

851 1327 943 1367 pitiis
976 1328 1076 1365 nate3
1111 1335 1220 1367 quem
1251 1326 1402 1359 deorum
1432 1327 1548 1359 bene-

850 1374 1003 1407 volentia
1020 1374 1123 1407 nobis
1143 1375 1340 1416 principem
1356 1375 1487 1407 dedit.»
1507 1394 1544 1398 —

850 1424 1019 1465 Romame]
1043 1423 1244 1456 Romuleae.
1280 1425 1337 1456 Sic
1348 1425 1543 1465 Virg.Aen.

850 1473 887 1511 6,
913 1473 996 1504 877:
1020 1473 1162 1505 Romula
1175 1490 1225 1496 --
1240 1473 1345 1505 tellus.
1365 1492 1401 1496 —
1420 1474 1544 1515 custos]

850 1521 913 1553 Od.
931 1521 970 1560 4,
997 1523 1055 1560 ⁴5,
1083 1522 1141 1553 ⁴7:
1168 1522 1306 1554 Custode
1325 1531 1439 1554 rer-um
1461 1523 1547 1555 Cae-

848 1579 936 1602 sare.
963 1588 1000 1593 -
1024 1571 1164 1602 nimium
1186 1571 1255 1612 diu]
1279 1580 1300 1603 a
1315 1580 1440 1604 mense
1455 1573 1546 1613 Sep-

849 1618 980 1651 tembri
1002 1628 1034 1652 a.
1051 1628 1086 1651 u.
1106 1628 1137 1651 c.
1155 1619 1231 1652 738.
1256 1629 1371 1662 usque
1386 1621 1433 1652 ad
1447 1630 1546 1653 men—

850 1676 928 1699 sem
965 1667 1193 1700 Februarium
1231 1668 1307 1701 74⁴.
1346 1687 1381 1692 -
1421 1670 1545 1701 Sancto

848 1717 996 1758 concilio]
1021 1718 1061 1750 Ut
1087 1717 1292 1758 frequenter
1313 1717 1442 1750 dicitur
1463 1728 1545 1750 con-

848 1766 961 1797 cilium
975 1766 1123 1805 deor-mn,
1147 1766 1346 1805 caelestium,
1371 1767 1421 1799 sic
1437 1768 1544 1799 etiam

848 1815 995 1846 Senatus
1025 1815 1182 1846 Romani.
1235 1814 1354 1855 virgil.
1379 1818 1454 1847 Aen
1499 1817 1542 1854 4,

848 1862 928 1895 426:
952 1863 1034 1894 Iura
1048 1864 1329 1904 mayistratusque
1343 1864 1455 1904 leqimt
1467 1873 1546 1895 san-

848 1915 1001 1950 ctmnque
1022 1915 1184 1944 senatum.
1213 1928 1249 1935 -
1268 1913 1318 1944 Ex
1341 1913 1452 1944 Codd.
1477 1922 1544 1944 no-

849 1962 1014 1992 strorum
1034 1962 1359 2002 antiquissimorum
1386 1962 1544 1994 auctori-

849 2010 920 2040 tate
953 2010 1178 2042 retinendum
1214 2010 1369 2047 concilim
1408 2011 1544 2042 consilio

849 2060 971 2099 aptum
1002 2060 1097 2091 esset
1128 2067 1256 2100 prosae
1283 2068 1335 2091 or.
1382 2060 1438 2091 Sic
1468 2060 1540 2091 Cic.

850 2106 948 2138 Catil.
968 2108 1004 2145 4,
1029 2106 1062 2139 4.
1088 2109 1251 2139 senatum
1271 2108 1468 2140 Romanum
1482 2116 1545 2139 vo-

849 2158 906 2187 cat
927 2155 1016 2187 orbis
1037 2159 1148 2187 terrae
1161 2157 1402 2188 sanctissimum
1415 2157 1545 2198 φανέε-

847 2205 1030 2243 simumque
1051 2205 1235 2236 consilium.

891 2253 965 2285 5-8.
989 2253 1120 2294 Lucem]
1146 2253 1319 2286 «Felicem
1340 2253 1452 2285 redde
1476 2262 1543 2294 pa-

848 2302 951 2333 triam
974 2302 1089 2334 reditu
1112 2304 1184 2334 tuo.
1192 2313 1210 2329 w
1245 2301 1411 2343 Aeschyl.
1444 2304 1540 2335 Pers.

849 2350 923 2382 300.
950 2350 995 2382 de
1017 2351 1140 2383 Xerxis
1160 2350 1294 2383 reditu:
1319 2348 1447 2392 Ἐμοΐς
1467 2350 1543 2392 μὲν

849 2395 957 2439 εὶπας
993 2396 1167 2455 δώμασιν
1204 2397 1309 2440 φάος
1338 2401 1438 2442 μέγα
1467 2399 1543 2432 Καὶ

847 2445 983 2480 λευκὸν
1005 2441 1111 2494 ἦμαρ
1135 2445 1272 2488 νυκτὸς
1294 2447 1338 2480 ἐκ
1359 2447 1542 2492 μελαγχί-

846 2506 936 2538 μου.
962 2497 1079 2538 Eurip.
1105 2498 1216 2529 Orest
1235 2496 1318 2529 243:
1350 2493 1435 2538 ἥκει
1457 2495 1542 2537 φῶς

847 2545 956 2587 ἐμοῖς
977 2546 1043 2578 καὶ
1065 2548 1152 2586 σοῖς
1166 2548 1312 2585 κακοῖς.
1337 2546 1431 2586 Virg.
1449 2548 1537 2578 Aen.

847 2595 884 2632 Ξ,
917 2595 999 2626 281ῑ
1037 2594 1063 2626 Ο
1085 2595 1147 2626 lum
1177 2595 1393 2634 Dardaniae,
1428 2603 1500 2635 spes
1522 2605 1541 2627 ο
