1722 2904
8 1003 10 1005 ,
55 983 147 1017 quae
163 975 255 1007 tueri
277 976 384 1016 atque
406 973 643 1006 inviolabilem
666 974 751 1006 red-
772 972 779 1010 1

342 146 475 209 Petita
506 146 620 190 ferro
648 145 814 189 belua?

592 42 729 76 LIBER:
775 43 905 76 CARM.
930 44 971 75 V.

1413 44 1490 87 67⁴

1452 149 1499 191 10

281 226 334 270 Ut
361 225 470 270 haec
496 226 690 270 trementi
721 233 903 283 questus
932 240 1009 270 ore
1038 227 1226 270 constitit

339 306 581 364 Insignibus
609 306 742 364 raptis
771 319 899 363 puer,

279 387 459 444 Impube
488 400 667 444 corpus,
698 385 827 444 quale
857 395 1006 444 posset
1033 388 1163 445 impia

336 466 500 510 Mollire
529 466 739 510 Thracum
767 474 964 524 pectora,

280 547 479 597 Canidia,
511 547 716 591 brevibus
746 547 959 605 implicata
988 548 1150 605 viperis

1452 551 1498 592 125

336 628 488 672 Crines
517 635 568 687 et*
588 626 850 685 incomptum
880 636 1029 686 caput,

281 708 404 752 lubet
430 707 642 765 sepulcris
672 707 898 765 caprificos
927 716 1074 752 erutas
1089 743 1099 758 ‚

143 828 196 860 44.
231 831 387 860 ινοηιοηω
414 826 525 859 Bentl.

567 827 620 867 (Ut
641 835 723 866 nos,
762 827 873 860 nostri
896 829 933 859 et
955 828 1109 860 Pottien’i
1131 830 1282 869 omnes.)
1321 845 1357 852 —

1400 830 1451 861 43.

93 878 213 918 posset]
233 877 315 909 solet
335 878 374 909 B.
402 894 440 901 —·
465 876 519 908 45.
543 877 677 918 illigata
695 877 746 908 BS
770 877 852 916 (non
874 876 974 917 bcd).

846 975 961 1007 45-48.
994 975 1156 1017 brevibus]
1178 976 1313 1008 Eodem
1335 976 1497 1021 ἐπιθέτῳ

54 1023 142 1057 dere
170 1023 327 1057 debebat
355 1032 507 1065 puerum
538 1024 748 1056 Romanum.
802 1025 911 1056 utitur
932 1025 1031 1056 Ovid.
1056 1027 1096 1057 A.
1114 1027 1154 1057 A.
1174 1026 1213 1065 2,
1238 1026 1319 1058 376:
1344 1027 1412 1058 Nec
1427 1027 1498 1060 bre-

54 1073 195 1113 Quintil.
218 1073 317 1106 Deci.
330 1073 412 1106 340:
435 1074 508 1114 Ego
528 1072 621 1105 vobis
642 1073 751 1115 atteyo

53 1123 156 1156 otiam
169 1124 279 1164 ipsum
300 1123 383 1155 illua
404 1131 539 1154 sacrum
549 1126 752 1163 praetecta—

51 1181 148 1213 rum,
183 1182 248 1213 quo
275 1173 460 1205 sacerdotes
478 1173 650 1212 vetantur,
686 1182 751 1212 quo

51 1222 287 1263 maaian-atax
320 1230 386 1261 qao
413 1222 641 1264 infirmitatem
664 1231 751 1261 pue-

10 1283 13 1286 *
51 1271 155 1304 riano
187 1280 322 1304 sacram
356 1272 501 1313 facimus
535 1281 577 1303 ac
608 1280 751 1303 venera-

53 1320 161 1353 bila».
188 1338 229 1345 -
251 1321 356 1353 Inane
376 1323 514 1360 autem,
550 1323 750 1362 «quatenus

0 1373 10 1413 ζ
53 1378 114 1403 me
151 1379 223 1403 non
262 1372 407 1404 nitatur.
413 1384 430 1400 n
466 1388 506 1394 -—
541 1370 751 1410 improbatu—

51 1419 151 1462 rum]
192 1419 395 1453 Mollissimo
437 1419 551 1452 verbo
588 1418 749 1452 consulto

53 1468 162 1500 utitur
189 1470 421 1510 experturus,
456 1477 501 1501 an
531 1477 637 1509 sagae
661 1469 749 1500 istae

53 1517 295 1550 misericordia
333 1519 427 1558 tangi
464 1521 619 1559 queant,
659 1526 746 1559 pro:

54 1567 351 1607 «vindicaturum,
375 1568 617 1609 puniturum.»
635 1585 674 1590 —
692 1577 751 1599 ηο-

52 1616 174 1658 verca]
212 1617 347 1649 Seneca
385 1617 547 1658 Excerpt.
581 1617 747 1648 Controv.

55 1664 94 1705 4,
118 1665 156 1697 6:
193 1666 256 1698 Hic
287 1669 364 1698 tum
396 1670 460 1698 est:
495 1667 575 1706 quid
608 1666 751 1697 alterum

53 1715 375 1747 mercatibusodiis
387 1714 551 1746 intueris?
565 1715 647 1746 Tac.
658 1717 747 1746 Anu.

55 1764 97 1795 42
106 1789 115 1803 ,
128 1765 169 1796 2:
194 1765 346 1796 coniunx
361 1764 591 1796 novercalibus
604 1764 689 1795 odiis
703 1764 751 1794 vi-

58 1821 141 1844 sura
170 1813 404 1845 Britannicum
434 1817 464 1845 ec
491 1813 675 1844 Octaviam.
708 1830 747 1835 —

52 1861 169 1904 Petita]
200 1863 292 1894 «iam
314 1862 384 1894 telo
407 1862 560 1900 confisa,
594 1862 748 1893 saucia.»

97 1911 134 1943 44
147 1929 171 1942 .-
183 1911 236 1944 44.
274 1911 459 1952 Insignibus
491 1910 608 1951 raptis]
643 1919 750 1951 prae-

55 1961 147 1992 texta
170 1961 207 1992 et
232 1959 345 1999 bulla,
379 1960 424 1991 de
448 1969 518 2001 qua
548 1960 621 1992 Cic.
646 1960 747 1990 Verr.

53 2011 180 2042 Aecus.
213 2010 256 2049 4,
281 2010 357 2041 -58.
350 2019 357 2025 ·
398 2010 493 2049 Quod
517 2012 750 2041 ornumornum

50 2059 217 2098 pueritiae
253 2062 355 2099 pater
390 2059 547 2097 dederat,
592 2058 750 2089 indicium

8 2107 155 2148 -atque
185 2107 314 2149 msiyne
344 2107 509 2148 fortunae
547 2124 585 2130 -
617 2106 750 2146 Impube

0 2168 22 2197 -.‘
54 2157 185 2199 eorpus]
202 2157 263 2189 Est
277 2157 450 2198 appositio
464 2165 500 2188 v.
513 2165 617 2196 puer:
646 2164 749 2187 «cum

0 2201 6 2211 ζ
53 2205 171 2239 nudus
192 2206 445 2238 destitueretur
465 2214 486 2237 a
510 2206 620 2246 sagis,
646 2214 750 2237 eum-

55 2262 126 2296 que
154 2255 311 2288 nondum
340 2255 385 2287 ad
414 2254 641 2296 pubertatem
665 2263 751 2295 per-

9 2316 13 2330 :
54 2305 196 2337 venisse
236 2306 426 2345 appareret
464 2304 539 2344 (qui
584 2305 750 2344 aspectus

5 2388 11 2397 ⁹
54 2351 190 2384 mollire
228 2354 351 2394 posset
393 2353 568 2384 immanes
606 2360 749 2393 quoque

54 2399 257 2440 barbaros),
283 2400 426 2432 Canidia
442 2402 532 2432 cet.»
556 2402 668 2432 Nemo
684 2407 749 2440 pro

8 2451 31 2488 ὲ,
56 2450 153 2481 certo
182 2458 276 2481 nunc
305 2457 373 2481 non
398 2451 565 2489 agnoscet
592 2449 749 2490 protasin

57 2507 137 2531 esse
168 2499 208 2530 Ut
238 2499 318 2530 haec
333 2516 352 2522 -
366 2516 386 2521 -
403 2499 564 2530 Thracum
590 2501 747 2538 pectora,

56 2547 227 2588 apodosin
255 2548 374 2579 autem
398 2547 540 2579 Canidia
559 2549 648 2586 cet.,
680 2555 747 2587 qua

57 2595 102 2627 de
125 2604 164 2627 re
186 2595 270 2627 olim
294 2595 532 2636 ambigebant.

799 1075 850 1106 vis
893 1075 1014 1116 igmaro
1048 1075 1165 1115 vipera
1205 1076 1296 1108 laesa
1324 1078 1423 1116 pede,
1462 1078 1497 1110 id

801 1126 857 1156 est
871 1149 879 1163 ,
918 1124 1027 1156 brevis
1061 1124 1223 1165 quidem,
1268 1134 1395 1166 parva,
1431 1127 1497 1159 sed

801 1173 930 1205 eadem
943 1177 1107 1205 venenata
1122 1178 1153 1206 et
1164 1174 1343 1215 pestifera,
1368 1184 1499 1216 quem-

800 1222 995 1255 admodum
1031 1232 1113 1254 eam
1149 1225 1252 1256 vocat
1290 1224 1414 1255 Orator
1450 1225 1497 1256 de

800 1273 951 1313 Harusp.
976 1281 1071 1313 resp.
1095 1272 1150 1304 24.
1179 1291 1215 1296 -
1250 1273 1423 1313 implicata
1443 1275 1497 1306 ri-

794 1323 887 1362 per-'s
909 1321 1035 1361 Crines]
1072 1323 1182 1354 instar
1215 1323 1417 1362 Furiarum,
1456 1326 1497 1355 nt

801 1372 866 1403 has
899 1380 1021 1412 magas
1053 1373 1159 1403 vocat
1191 1373 1261 1403 Sat.
1300 1373 1335 1411 4,
1371 1373 1409 1411 8,
1439 1373 1493 1405 45.

799 1421 856 1452 Sic
888 1421 1052 1452 Erichtho
1087 1420 1143 1452 illa
1179 1422 1308 1453 Lucani
1342 1422 1380 1461 6,
1413 1423 1493 1454 65⁴:

798 1470 952 1501 Discolor
994 1473 1026 1501 et
1066 1470 1164 1501 vario
1209 1471 1347 1510 furialis
1391 1472 1500 1503 cultus

806 1519 931 1550 amictu
962 1519 1118 1550 Induitur
1148 1519 1317 1559 voltusque
1344 1521 1498 1560 aperitm‘

798 1568 889 1599 crine
910 1572 1036 1599 remoto
1058 1569 1101 1599 Et
1128 1577 1224 1609 coma
1251 1570 1393 1609 vipereis
1422 1570 1499 1601 sub-

798 1617 975 1657 stringitur
996 1617 1137 1648 horrida
1157 1618 1264 1649 sertis.
1292 1636 1330 1641 —
1358 1619 1497 1651 Memo-

800 1665 920 1697 rabilis
943 1674 1028 1697 sane
1053 1667 1108 1698 est
1134 1665 1240 1698 lectio
1270 1667 1321 1698 BS
1343 1667 1493 1708 illigata,

800 1723 907 1755 quam
944 1723 1061 1755 neque
1106 1717 1284 1748 Gesnerus
1324 1725 1391 1748 nec
1428 1718 1495 1748 Fea

800 1765 992 1802 memorat,
1024 1772 1141 1804 neque
1164 1765 1199 1796 in
1223 1765 1296 1797 suis
1323 1774 1496 1806 reppere-

799 1815 879 1844 runt
917 1811 1102 1845 Oberlinus
1131 1815 1167 1845 et
1199 1814 1397 1846 Pottierius.
1437 1814 1495 1846 Est

799 1864 919 1894 tamen
949 1870 969 1893 e
993 1860 1097 1901 gloss.
1133 1879 1169 1884 —-
1200 1863 1395 1903 caprificos]
1427 1863 1497 1894 Ca-

798 1911 945 1952 prificus
974 1911 1072 1942 nasci
1105 1909 1197 1942 solet
1228 1911 1321 1942 inter
1347 1919 1431 1942 saxa
1460 1913 1497 1942 et

800 1969 933 1992 muros.
958 1960 1079 1991 Iuven.
1098 1960 1157 1997 40,
1182 1959 1263 1991 443ῑ
1289 1960 1399 1991 laudis
1419 1961 1498 1991 titu-

798 2010 886 2049 lique
913 2009 1033 2048 cupido
1061 2008 1203 2040 Haesuri
1231 2009 1327 2040 savis
1347 2009 1497 2040 cinerum

798 2058 1002 2096 custodibus,
1026 2058 1073 2088 ad
1095 2066 1182 2096 quae
1201 2058 1417 2089 Discutienda
1430 2067 1497 2089 va·-

799 2108 865 2139 lent
885 2107 1005 2138 sterilis
1025 2106 1119 2138 mala
1139 2106 1264 2138 robora
1282 2107 1376 2147 ficus,
1406 2104 1497 2138 Mar-

798 2155 867 2188 tial.
893 2156 951 2194 40,
976 2156 1014 2194 2,
1045 2155 1084 2186 9:
1119 2156 1297 2186 Marmora
1323 2155 1487 2187 Messalae

796 2205 892 2246 findit
913 2205 1100 2245 caprificum,
1138 2204 1179 2235 H.
1204 2203 1226 2235 l.
1251 2204 1407 2245 caprifici
1430 2213 1495 2236 na—

799 2255 855 2285 tae
878 2254 912 2285 in
928 2252 1199 2294 sepulchrorum
1220 2252 1415 2294 parietibus
1430 2254 1497 2285 im-

799 2303 920 2343 primis
936 2301 1100 2334 efficaces
1115 2304 1198 2334 sunt
1219 2301 1266 2332 ad
1287 2302 1497 2333 incantatio-

799 2359 878 2389 nes,
926 2359 1015 2391 quas
1058 2352 1246 2391 praeparat
1290 2358 1385 2390 saga.
1439 2351 1495 2382 Sic

799 2400 946 2431 Theocr.
957 2400 990 2437 5,
1007 2399 1063 2430 424
1078 2408 1085 2429 :
1103 2397 1264 2438 Σκίλλας
1280 2395 1348 2430 idm
1360 2399 1495 2443 γραίας

799 2444 879 2479 ἀπὸ
906 2445 1081 2489 σάματος
1103 2443 1242 2480 αὐτίκα
1264 2446 1416 2487 τίλλοις.
1456 2466 1491 2470 —-

798 2496 931 2538 mutas]
957 2495 1091 2528 «multo
1122 2505 1205 2528 cum
1234 2495 1355 2527 labore
1387 2495 1495 2528 effos—

799 2554 857 2577 sas
885 2554 928 2577 ex
958 2543 1150 2586 lapidibus,
1185 2543 1315 2585 quibus
1345 2543 1495 2576 firmiter

799 2593 1041 2626 retinebantur
1078 2602 1201 2624 earum
1238 2592 1413 2624 νεῶρες.»
