1722 2904
192 87 275 130 612

704 88 875 121 HORATH
899 87 1125 120 CARMINUM

671 478 985 520 cm
1010 477 1164 517 m-

421 608 541 658 Quae
574 619 679 649 cura
708 612 879 662 patrum
909 617 1077 661 quaeve
1108 603 1339 656 Quiritium

415 687 558 730 Plenis
589 686 802 729 honorum
831 685 1082 729 muneribus
1113 683 1251 735 tuas,

475 771 690 826 Auguste,
724 767 902 810 virtutes
934 767 977 809 in
1010 780 1167 810 aevum

279 903 365 935 XIV.
392 903 502 934 Inscr.
527 899 619 941 volg.
644 900 695 932 Ad
714 900 909 941 Augustum.
931 916 967 922 --
993 899 1124 931 Laudes
1144 897 1285 940 Augusti
1300 896 1382 930 bSc.
1405 915 1441 920 —
1467 897 1543 930 Om.
1563 897 1600 930 T.

241 970 277 975 —
302 953 334 984 2.
361 955 438 983 tuas
463 959 533 983 om.
561 951 599 982 T.

234 1070 321 1102 XIV.
362 1070 451 1102 Cum
485 1068 590 1100 huius
624 1066 704 1100 libri
735 1067 893 1100 carmine

191 1120 248 1152 IV.
295 1119 400 1151 Drusi
434 1127 493 1151 res
526 1118 562 1150 in
591 1116 737 1159 Alpibus
772 1117 893 1158 gestas

190 1168 456 1211 praedicasset,
488 1167 533 1199 ab
557 1168 715 1208 Augusto
740 1166 892 1198 fortasse

189 1219 356 1251 invitatus
379 1217 437 1250 vel
460 1218 537 1259 ipse
561 1217 708 1249 fautoris
731 1215 895 1248 volunta-

188 1271 265 1301 tem
282 1268 463 1308 divinans,
483 1266 644 1300 similiter
659 1265 811 1298 alterum
826 1267 895 1298 Au-

190 1318 282 1359 gusti
297 1317 516 1359 privignum,
542 1316 590 1349 Ti.
619 1314 806 1348 Claudium
828 1315 895 1347 Ne-

188 1375 339 1407 ronem,
364 1367 512 1408 propter
525 1365 691 1397 victorias
715 1364 760 1397 de
776 1364 894 1397 Raetis

191 1426 223 1449 a.
250 1427 285 1449 u.
314 1426 345 1450 c.
384 1417 460 1449 739.
497 1417 616 1458 partas
651 1414 806 1454 extollit;
846 1415 894 1447 ita

189 1469 310 1500 tamen
346 1468 383 1499 et
416 1467 452 1499 in
488 1466 654 1498 carminis
689 1464 834 1497 exordio
859 1465 895 1497 et

190 1516 257 1550 sub
275 1517 409 1549 exitum
424 1517 460 1549 in
479 1516 628 1557 Augusti
642 1514 808 1548 laudibus
830 1515 895 1547 im-

189 1568 366 1606 moratur,
403 1567 461 1606 ut,
498 1566 564 1599 nisi
595 1566 713 1598 omnia
744 1573 810 1598 nos
834 1563 894 1597 fal-

189 1615 287 1656 lunt,
323 1615 367 1648 ab
400 1615 519 1648 indole
549 1615 775 1657 acgmoribus
798 1615 893 1647 Dru—

190 1674 271 1698 sum
296 1665 409 1706 magis
434 1674 545 1706 quarn
568 1664 749 1697 Tiberium
772 1664 893 1697 huius-

190 1715 332 1748 cemodi
352 1716 542 1757 praeconia
565 1716 697 1748 mereri
713 1715 789 1757 ipse
806 1723 892 1747 sen-

188 1765 278 1798 sisse
324 1765 509 1804 videatur,
560 1764 714 1806 ideoque
763 1762 891 1796 bellica

190 1814 373 1846 dumtaxat
407 1814 511 1847 huius
544 1815 673 1847 virtute
712 1813 892 1847 celebrata

188 1863 356 1897 libentius
389 1864 434 1896 ad
457 1866 657 1906 Augustum
681 1873 719 1897 se
744 1872 893 1896 conver-

186 1916 255 1954 tat,
292 1915 328 1946 ct
361 1914 508 1956 quidem
533 1915 607 1955 sic,
644 1915 703 1955 ut,
744 1914 773 1946 si
809 1922 891 1946 cum

189 1963 332 1997 Editore
358 1963 523 1997 Leidensi
545 1963 634 1996 velis
658 1963 793 1996 habere
817 1972 892 1995 me-

188 2023 270 2047 rum
307 2011 499 2057 ἐγκώμιον
535 2014 701 2055 Augusti,
743 2021 890 2046 carmen

186 2065 309 2096 tamen
348 2065 446 2096 certo
490 2063 559 2095 fine
598 2065 705 2104 atque
745 2062 890 2096 consilio

186 2122 333 2155 prorsus
351 2113 577 2154 destitutum,
604 2122 732 2146 secure
750 2112 889 2145 recidas

186 2171 220 2194 v.
247 2162 370 2196 9-40.
409 2163 577 2202 omnino,
615 2162 746 2202 fateor,
783 2160 890 2195 simil-

186 2211 311 2244 limum
345 2221 428 2244 cum
463 2213 715 2253 argumentum
743 2212 888 2244 iamiam

186 2263 392 2301 tractasset,
428 2262 545 2294 minus
581 2263 798 2303 spontaneus
833 2262 888 2293 est

185 2311 358 2353 impetus,
396 2320 467 2352 quo
502 2311 631 2350 fertur,
665 2319 707 2343 ac
737 2310 889 2352 diligen-

184 2361 320 2393 tissima
344 2362 419 2393 arte
443 2361 560 2392 omnia
583 2363 666 2393 sunt
691 2360 885 2397 elaborata.

185 2419 230 2443 ne
266 2411 301 2442 in
329 2409 386 2442 illo
415 2411 468 2442 vis
495 2411 634 2452 poetica
665 2409 887 2451 aliquatenus

186 2460 358 2492 exhausta
384 2459 575 2491 videretur.
616 2460 677 2501 (De
706 2459 887 2501 composi-

185 2510 288 2542 tionis
305 2511 467 2551 tempore
484 2509 565 2541 vide
583 2518 690 2551 supra
706 2518 741 2551 p.
761 2508 851 2549 554.)

228 2560 248 2591 2
265 2578 285 2583 -
301 2559 331 2590 6.
357 2558 483 2600 Plenis]
518 2567 630 2600 «quae
655 2559 724 2590 tuis
748 2558 883 2591 meritis

182 2617 328 2650 prorsus
345 2608 620 2650 respondeant.»
645 2609 784 2641 Etenim
801 2617 886 2640 con-

185 2659 304 2692 strue:
338 2658 444 2699 plenis
477 2658 669 2690 muneribus
705 2658 881 2697 honorwm,

945 1075 1016 1099 non
1053 1074 1140 1098 vero
1179 1074 1263 1098 cum
1305 1063 1404 1098 aliis:
1453 1064 1645 1098 mmwribus

942 1116 1048 1157 plenis
1097 1116 1283 1156 honorum,
1334 1114 1648 1148 honorificentissi-

946 1166 1030 1206 mis,
1055 1166 1095 1198 ut
1110 1164 1167 1198 alii
1181 1164 1381 1198 voluerunt
1429 1165 1494 1198 Dio
1511 1164 1571 1205 54,
1588 1165 1644 1198 25.

947 1216 989 1257 (a.
1019 1224 1055 1247 ιι.
1087 1224 1117 1247 c.
1149 1214 1260 1256 744.);
1311 1209 1339 1257 ἤ
1361 1223 1403 1247 τε
1423 1210 1498 1261 γὰρ
1519 1211 1646 1258 βουλὴ

945 1261 1142 1312 ἠθροίσθη
1169 1264 1236 1297 καὶ
1261 1259 1370 1306 ἔδοξε
1396 1265 1534 1305 σφίσιν
1548 1259 1648 1298 ἄλλα

944 1325 985 1348 τε
1007 1315 1073 1347 καὶ
1094 1311 1231 1357 βωμὸν
1246 1314 1288 1348 ἐν
1302 1311 1406 1358 αὐτῷ
1422 1312 1474 1358 τῷ
1489 1313 1648 1355 βουλευ-

943 1366 1062 1411 τηρίῳ
1089 1361 1185 1412 ὑπὲρ
1220 1362 1291 1408 τῆς
1322 1362 1392 1398 τοῦ
1415 1360 1645 1409 Αὖγούστου

944 1413 1134 1449 ἐπανόδου
1172 1412 1440 1458 ποιήσασθαι,
1484 1417 1570 1457 τοῖς
1603 1413 1646 1449 δὲ

945 1463 1187 1499 ἱκετεύσασιν
1210 1461 1330 1498 αὐτὸν
1352 1461 1462 1506 ἐντὸς
1483 1463 1554 1499 τοῦ
1570 1474 1646 1499 πω-

942 1509 1123 1562 μηρίου”
1100 1525 1195 1548 οντα
1208 1510 1341 1548 ἄδειαν
1360 1512 1470 1548 εἶναι·
1496 1512 1543 1549 οὔ
1557 1515 1646 1559 μέν·

943 1575 1004 1598 τοι
1025 1566 1091 1598 καὶ
1115 1562 1271 1608 ἐδέξατο
1305 1561 1518 1612 οὐδέτερον.
1555 1566 1647 1599 Sen-

943 1616 1051 1648 tentia
1081 1617 1202 1648 autem
1234 1615 1516 1657 interrogationis
1553 1615 1646 1648 haec

944 1668 1020 1699 est:
1060 1664 1180 1698 «Nulla
1201 1665 1363 1708 profecto
1387 1673 1474 1698 cura
1497 1665 1644 1698 senatus

942 1714 1135 1758 populique
1166 1716 1313 1748 Romani
1343 1715 1455 1749 iustos
1483 1714 1547 1748 tibi
1575 1715 1645 1748 ho-
1698 1735 1699 1738 =

942 1768 1047 1799 'nores
1063 1765 1225 1798 conferre
1249 1765 1414 1808 poterit.»
1433 1781 1470 1788 —
1491 1765 1556 1798 Per
1568 1764 1647 1798 tilu-

942 1815 1001 1857 los]
1027 1816 1296 1858 «inscriptiones
1311 1823 1462 1847 arcuum
1476 1813 1643 1848 allorum-

943 1874 1012 1907 que
1037 1866 1352 1898 monumentorum
1381 1863 1642 1906 publicorum.»

945 1933 982 1938 —-
1006 1923 1232 1955 memoresque
1257 1914 1376 1956 fastos]
1416 1914 1498 1956 «qui
1519 1921 1642 1947 rerum

942 1965 1124 2006 gestarum
1152 1963 1364 1996 memoriam
1396 1963 1579 1997 continent
1606 1963 1643 1996 et

940 2014 1139 2056 propagant
1152 2022 1182 2052 ;»
1207 2013 1248 2045 ut
1270 2014 1326 2046 est
1347 2012 1383 2045 in
1405 2012 1515 2046 Fastis
1538 2014 1644 2046 Prae-

941 2064 1032 2096 nest.
1057 2062 1104 2095 ad
1126 2063 1245 2096 Nonas
1268 2061 1372 2095 Febr.
1395 2062 1573 2104 Inscriptt.
1590 2070 1639 2095 m.

940 2113 1029 2145 Latt.
1047 2113 1088 2144 Π.
1106 2120 1186 2154 pag.
1204 2111 1280 2145 384.
1307 2111 1580 2145 GONCORDIAE
1592 2111 1645 2144 IN
1684 2140 1686 2142 ,

938 2161 1050 2194 ARCE
1093 2160 1251 2194 FERIAE'
1282 2162 1346 2194 EX
1374 2161 1410 2194 S.
1447 2161 1483 2195 0.
1521 2161 1638 2202 QVOD

937 2212 995 2243 EO
1010 2212 1088 2244 DIE
1103 2211 1344 2244 IMPERATOR
1361 2210 1522 2244 CAESAR
1539 2210 1641 2243 PON-

940 2261 1068 2293 TIFEX
1085 2261 1286 2294 MAXIMVS
1309 2261 1414 2294 TRIB.
1438 2260 1529 2294 Por.
1552 2260 1638 2298 XXI.
1682 2282 1684 2286 »

939 2310 1027 2343 COS.
1065 2310 1151 2343 XIII.
1187 2310 1216 2344 A
1250 2311 1285 2343 S.
1315 2312 1351 2344 P.
1379 2311 1424 2351 Q.
1457 2309 1640 2343 ROMANO
1680 2307 1685 2330 ἕ

936 2360 1069 2393 PATER
1130 2359 1311 2393 PATRIAE'
1356 2358 1636 2393 APPELLATUS.

939 2410 983 2451 (a.
1002 2410 1092 2451 752.)
1121 2411 1173 2442 De
1197 2409 1328 2452 duplici
1351 2410 1464 2443 forma
1488 2417 1639 2443 accusa—

937 2460 998 2492 tivi
1026 2460 1135 2501 fastus
1164 2460 1200 2491 et
1220 2460 1325 2501 fastos
1346 2459 1418 2492 vid
1443 2459 1490 2492 ad
1513 2458 1577 2492 Od.
1603 2458 1636 2499 3,

938 2510 1003 2549 47,
1029 2509 1061 2542 4.
1091 2527 1127 2533 —
1163 2510 1199 2541 in
1227 2518 1348 2541 aevum
1373 2527 1392 2533 -
1417 2525 1438 2533 -
1465 2508 1635 2550 Aetemet]

935 2568 1000 2601 pro
1028 2557 1178 2601 simplici
1208 2561 1355 2591 aeter-mc
1387 2556 1445 2591 vel
1473 2566 1556 2600 pro:
1601 2558 1638 2590 in
1670 2595 1672 2597 ,

937 2617 1056 2641 aevum
1076 2627 1096 2632 -
1116 2627 1136 2632 -
1161 2608 1350 2648 Extendat,
1385 2607 1424 2640 ut
1450 2606 1636 2649 proposuit
1672 2638 1675 2645 ,Ἰ

936 2666 1133 2697 nonnemo,
1169 2666 1298 2699 prosae
1333 2656 1499 2690 orationis
1530 2655 1635 2689 nimis
1675 2650 1678 2654 ’
