1722 2904
202 67 284 108 570

716 69 887 102 HORATII
911 69 1137 103 CARMINUM

679 446 993 486 cmiv
1020 421 1157 487 >vn.

260 558 481 616 Diffugere
513 559 654 609 nives,
688 558 872 602 redeunt
901 559 986 602 iam
1015 560 1208 617 gramina
1236 561 1399 618 campis

424 639 751 697 Arboribusque
781 653 956 692 comae;

285 778 357 809 Vll.
383 778 492 810 Inscr.
518 776 612 818 volg.
637 777 688 809 Ad
712 778 930 818 Torquatum,
957 779 993 810 et
1015 779 1066 812 sic
1088 787 1118 811 c.
1140 798 1176 802 —
1199 779 1250 812 Ad
1270 780 1436 813 Manlium
1461 780 1607 821 Torqua-

245 830 315 859 twm
338 826 401 859 Bb.
431 845 467 850 —
494 827 570 858 Om.
596 827 632 858 T.

242 951 313 983 VII.
340 951 440 983 Hunc
467 951 703 990 Torquatum,
729 950 775 982 ad
791 959 901 992 quem

199 1002 255 1032 est
270 1001 376 1033 etiam
385 1000 494 1041 Epist.
513 1000 544 1038 ⁴,
562 1001 594 1031 5.
609 1025 616 1039 ,
629 998 790 1041 plerique
806 1008 900 1032 nunc

199 1049 334 1082 habent
360 1058 425 1091 pro
449 1050 580 1091 nepote
604 1051 641 1082 L.
667 1048 783 1083 Manlii
812 1050 900 1081 Tor-

198 1100 314 1141 quati,
351 1108 423 1140 quo
461 1098 607 1132 consule
637 1108 669 1132 a.
695 1109 731 1132 u.
757 1108 788 1131 c.
820 1099 896 1132 689.

198 1151 302 1182 natus
331 1151 387 1182 est
413 1150 595 1188 Horatius;
636 1148 792 1182 nonnulli
815 1148 899 1181 olim

198 1208 264 1241 pro
289 1198 443 1232 consulis
466 1198 554 1239 filio,
588 1200 650 1240 qui
673 1201 794 1232 tamen
817 1200 898 1231 ante

197 1257 229 1281 a.
254 1258 290 1280 u.
321 1258 353 1281 c.
385 1249 461 1281 709.
503 1249 587 1290 (Cic.
624 1249 720 1281 Brut.
757 1248 824 1290 76.)
863 1249 898 1280 in

196 1298 312 1330 Africa
352 1298 494 1330 interiit.
550 1297 654 1340 (Bell.
686 1298 792 1330 Afric.
821 1297 896 1339 96.)

196 1348 330 1380 Verum
353 1356 438 1380 cum
460 1347 505 1380 de
528 1349 566 1381 L.
591 1346 708 1381 Manlii
732 1348 897 1388 Torquati

196 1398 327 1438 nepote
360 1396 445 1429 nihil
477 1398 622 1430 omnino
650 1399 806 1437 constet,
842 1396 897 1430 alii

196 1446 349 1489 amplexi
372 1449 454 1480 sunt
480 1447 623 1481 Marcilii
646 1450 682 1480 et
703 1448 897 1481 Weicherti

197 1498 460 1537 coniecturam,
503 1497 692 1539 probatam
730 1499 838 1530 etiam
876 1506 896 1529 a

196 1547 344 1579 Frankio
359 1572 367 1587 ,
391 1546 656 1588 intelligendum
682 1556 763 1580 esse
788 1548 826 1580 C.
852 1547 895 1588 (in

197 1596 308 1629 Fastis
355 1595 581 1638 Capitolinis:
634 1597 697 1638 Q.)
743 1597 896 1629 Nonium

195 1648 447 1687 Asprenatem,
474 1646 659 1680 consulem
680 1648 806 1689 postea
828 1646 899 1679 suf-

196 1695 330 1728 fectum
353 1705 385 1728 a.
403 1705 439 1728 u.
458 1705 490 1728 c.
509 1696 584 1729 748.
602 1722 609 1736 ,
643 1696 688 1729 de
712 1705 783 1738 quo
806 1696 896 1728 Sue—

197 1746 269 1777 ton.
293 1745 369 1777 Oct.
393 1745 458 1778 43:
491 1746 530 1778 In
557 1747 681 1779 Troiae
705 1747 834 1779 ludicro
858 1747 893 1779 C.

195 1795 344 1827 Nonium
372 1795 589 1835 Asprenatem
615 1796 714 1836 lapsu
743 1796 897 1828 debilita-

196 1847 267 1876 tum
290 1853 394 1876 aureo
417 1847 535 1885 torque
558 1846 696 1877 donavit
711 1854 896 1886 passusque

196 1897 243 1926 est
264 1894 373 1934 ipsum
390 1897 604 1935 posterosque
628 1895 787 1935 Torquati
807 1895 897 1936 ferre

195 1952 385 1984 cognomen.
418 1945 533 1984 Atque
550 1945 626 1977 sine
651 1953 758 1977 causa
781 1953 896 1986 nuper

196 1993 342 2034 quidam
358 1993 540 2025 contendit
561 1993 710 2026 huiusce
725 1995 809 2034 viri,
834 1995 895 2035 qui

195 2044 318 2075 tamen
333 2042 456 2075 consul
473 2043 587 2076 factus
603 2046 676 2083 est,
700 2053 805 2085 ,oenus
824 2052 895 2076 non

194 2093 352 2133 potuisse
370 2092 556 2125 celebrari.
576 2093 620 2134 (v.
634 2093 702 2134 23.)
728 2094 895 2126 Ceterum

194 2141 227 2172 in
263 2150 301 2173 re
337 2143 411 2173 tam
444 2142 579 2174 incerta
617 2142 714 2175 haud
752 2144 895 2176 omnino

194 2190 356 2232 displicet
378 2191 604 2231 coniectura,
641 2200 750 2233 quam
781 2202 895 2235 nuper

194 2241 380 2282 proposuit
408 2242 507 2274 Estre
539 2242 620 2274 Hor.
651 2244 707 2274 Pr.
736 2251 772 2283 p.
801 2242 892 2283 497„

194 2298 275 2322 esse
299 2290 394 2323 hunc
409 2290 537 2324 Aulum
552 2291 650 2324 illum
664 2293 892 2333 Torquatum,

194 2339 239 2371 de
270 2346 341 2381 quo
371 2341 477 2373 Corn.
510 2342 598 2382 Nep.
628 2342 698 2373 Att.
726 2342 790 2373 Νι
831 2342 895 2382 Qui

194 2389 295 2421 etiam
323 2392 399 2429 post
427 2390 592 2430 proelium
624 2391 809 2431 philippens
840 2409 859 2414 -
874 2409 894 2414 -

193 2438 230 2470 A.
260 2439 462 2478 Torquatum
495 2443 682 2480 ceterosque
707 2441 789 2480 pari
819 2440 894 2481 for-

195 2491 278 2519 tuna
289 2489 458 2527 perculsos
473 2489 651 2521 instituerit
666 2490 768 2528 tueri,
794 2493 895 2530 atque

195 2546 238 2568 eo:
260 2538 364 2577 Epiro
397 2538 447 2569 his
479 2539 591 2570 omnia
625 2539 893 2571 Samothraciam

196 2587 388 2626 supportari
419 2587 559 2619 iusserit.
609 2588 679 2620 Nisi
712 2587 800 2620 sorte
825 2588 892 2621 ob-

195 2637 264 2667 stat
292 2637 406 2674 aetas;
450 2645 553 2675 nam,
592 2637 621 2669 si
650 2636 706 2668 vel
737 2638 890 2670 maxime

950 951 986 982 in
1010 951 1100 984 vivis
1124 951 1187 983 fuit
1208 952 1248 984 A.
1274 952 1332 984 hic
1350 953 1547 994 Torquatus
1570 955 1651 996 post

951 1009 982 1032 a.
1009 1000 1084 1033 730.
1102 1026 1109 1040 ,
1143 1001 1173 1033 si
1195 1010 1267 1033 non
1289 1002 1486 1035 admodum
1508 1003 1650 1044 grandis

950 1050 1051 1090 natu,
1092 1051 1212 1083 tamen
1245 1051 1316 1083 iam
1350 1053 1466 1084 aetate
1499 1053 1547 1085 ita
1569 1061 1651 1095 pro-

949 1100 1074 1131 vectus
1098 1107 1179 1132 esse
1203 1099 1382 1141 debebat,
1412 1102 1452 1133 ut
1480 1102 1572 1134 inter
1593 1111 1650 1136 so-

950 1148 1048 1181 dales
1084 1150 1216 1182 Horatii
1250 1150 1308 1182 vix
1336 1149 1456 1184 locum
1483 1151 1646 1185 haberet.

952 1198 1090 1230 —Inde
1115 1198 1212 1239 quod
1239 1199 1298 1232 hic
1321 1208 1482 1242 quoque,
1505 1202 1546 1234 ut
1565 1211 1649 1235 sae-

947 1248 1112 1288 pissime,
1147 1247 1280 1281 laetum
1305 1250 1398 1282 vitae
1424 1259 1530 1284 usum
1553 1260 1651 1285 com-

947 1297 1093 1330 mendat
1126 1298 1240 1330 amico
1256 1324 1264 1339 ,
1311 1307 1538 1341 nequaquam
1568 1310 1650 1343 pro—

947 1346 1040 1380 fecto
1083 1356 1167 1380 cum
1205 1346 1427 1382 scholasticis
1472 1349 1648 1384 nonnullis

948 1396 1183 1438 colligendum
1212 1398 1269 1430 est
1297 1398 1403 1430 nimia
1427 1398 1536 1432 fuisse
1559 1400 1648 1432 Tor-

948 1447 1100 1487 quatum
1119 1447 1335 1488 parsimonia
1357 1448 1465 1489 atque
1489 1450 1644 1482 avaritia.

947 1496 1088 1528 Minime
1112 1497 1208 1528 enim
1230 1497 1430 1537 urbanitas,
1456 1507 1566 1539 quam
1581 1499 1649 1532 Ho-

947 1546 1057 1578 ratius
1081 1547 1240 1579 omnium
1263 1546 1397 1588 optime
1413 1546 1586 1588 callebat,
1611 1548 1648 1581 id

947 1595 1202 1635 concessisset,
1238 1597 1278 1628 ut
1305 1597 1423 1629 virum
1450 1596 1643 1638 illustrem,

947 1644 1015 1677 sibi
1037 1644 1271 1686 benevolum,
1296 1655 1364 1678 nec
1382 1647 1503 1679 tamen
1523 1648 1646 1681 intima

946 1694 1001 1726 illa
1036 1695 1189 1727 amicitia
1230 1703 1354 1728 secum
1392 1696 1620 1730 coniunctum
1635 1723 1643 1734 ,

946 1753 1038 1786 quae
1058 1745 1186 1786 poetae
1208 1744 1454 1777 intercedebat
1474 1754 1557 1779 cum
1570 1748 1646 1780 Vir-

946 1792 1044 1834 gilio,
1069 1793 1196 1834 Vario,
1219 1794 1443 1834 Maecenate,
1471 1796 1549 1828 sine
1574 1795 1644 1829 ulla

945 1843 1159 1875 necessitate
1172 1842 1348 1884 laederet,
1363 1853 1448 1877 cum
1459 1845 1540 1877 vitia
1553 1846 1641 1886 eius,

945 1893 974 1925 si
997 1891 1055 1924 vel
1070 1893 1224 1925 maxime
1240 1891 1364 1933 vellet,
1389 1894 1510 1935 viginti
1530 1887 1641 1935 hisce,

945 1942 1086 1983 triginta
1127 1941 1297 1984 epistolae
1339 1941 1430 1976 illius
1458 1943 1643 1977 versiculis

945 1992 1122 2032 corrigere
1138 2000 1209 2023 non
1223 1993 1357 2033 posset,
1378 1993 1555 2034 siquidem
1569 1993 1644 2026 lon-

945 2049 987 2081 ge
1008 2040 1082 2074 aliis
1103 2041 1276 2074 machinis
1296 2050 1386 2083 opus
1403 2043 1460 2074 est
1473 2042 1519 2075 ad
1540 2052 1642 2075 «era-

944 2090 1062 2122 denda
1096 2091 1197 2132 pravi
1231 2091 1405 2133 cupidinis
1429 2091 1640 2125 elementa.»

944 2141 1057 2172 Immo
1096 2139 1286 2181 utrobique
1327 2139 1492 2173 liberales
1529 2142 1640 2183 ipsius

943 2189 1109 2230 Torquati
1137 2198 1265 2222 sensus
1293 2189 1403 2222 multa
1427 2198 1510 2222 cum
1531 2200 1640 2223 venu-

943 2239 1033 2271 state
1049 2239 1242 2280 expressit,
1269 2240 1426 2272 «circum
1441 2240 1518 2272 eius
1533 2248 1639 2281 prae-

944 2288 1065 2320 cordia
1087 2287 1249 2322 ludens.»
1275 2305 1313 2311 —
1342 2289 1526 2330 Temporis
1547 2289 1640 2321 indi-

943 2337 998 2369 cio
1039 2338 1108 2369 hoc
1152 2346 1299 2370 carmen
1337 2346 1484 2379 prorsus
1518 2339 1636 2376 caret;

943 2387 1133 2419 Grotefend
1155 2387 1264 2420 refert
1286 2387 1332 2420 ad
1355 2396 1386 2420 a.
1412 2387 1487 2420 738.

987 2437 1000 2468 ⁴
1025 2455 1044 2461 -
1063 2437 1095 2470 4.
1141 2438 1314 2478 Diffugere
1348 2437 1456 2479 nives]
1498 2437 1560 2470 Od.
1597 2437 1635 2477 4,

944 2488 1003 2525 42,
1030 2488 1073 2519 3:
1097 2496 1156 2519 nec
1187 2487 1281 2529 fluvii
1312 2490 1462 2527 strepunt
1491 2486 1639 2519 Hiberna

942 2538 1016 2570 nive
1041 2538 1177 2579 tumidi.
1200 2556 1234 2561 —-
1254 2538 1387 2577 comae]
1411 2536 1481 2569 Cfr.
1506 2536 1570 2569 Od.
1597 2537 1633 2576 4,

941 2588 995 2627 2⁴,
1014 2589 1045 2619 5.
1063 2587 1101 2624 4,
1120 2588 1158 2626 3,
1182 2588 1235 2619 Μ.
1255 2605 1286 2611 -
1308 2585 1634 2627 mutatam-avices]

942 2637 1075 2670 dictum
1101 2638 1156 2669 est
1179 2636 1253 2669 sere
1277 2638 1315 2668 ut
1348 2633 1468 2668 πόνον
1491 2638 1631 2676 πονεῖν,
