1722 2904
614 77 693 111 Lm.
718 77 774 110 IV.
820 77 859 109 C.
885 77 940 109 lx.
970 77 973 80 “

581 412 1034 456 cmlx.

256 529 318 571 Ne
348 528 455 570 sorte
484 526 638 570 credas
667 525 887 569 interitura
902 559 911 574 ‚
943 538 1056 582 quae
1110 541 1122 547 ·

255 609 402 665 Longe
433 613 657 650 sonantem
685 612 811 649 natus
840 605 895 648 ad
923 604 1122 648 Aufidum

311 689 405 731 Non
433 693 531 731 ante
559 686 751 744 volgatas
779 700 859 744 per
889 692 1003 729 artes

356 767 510 811 (Verba
537 767 694 824 loquor
723 766 928 810 socianda
957 765 1154 809 chordis:

256 873 367 923 Non,
400 872 437 915 si
466 872 636 929 priores
666 871 888 915 Maeonius
917 877 1034 914 tenet
1505 870 1530 910 ὅ

258 952 398 996 Sedes
426 953 661 1002 Homerus,
692 950 946 994 Pindaricae
975 950 1107 993 latent

316 1033 519 1090 Ceaeque
549 1039 592 1075 et
618 1031 761 1075 Alcaei
791 1032 981 1075 minaces

175 1153 232 1186 lx.
256 1153 367 1185 Inscr.
382 1150 475 1192 volg.
498 1150 550 1183 Aa
570 1151 724 1189 Lollium,
749 1151 786 1182 et
808 1151 859 1183 sic
874 1149 932 1182 bc.
951 1167 989 1172 —
1006 1148 1058 1181 Aa
1077 1150 1234 1182 Marcum
1254 1149 1396 1181 Lollium
1408 1158 1490 1181 con-

131 1201 327 1234 sularemS.
354 1218 392 1224 -
415 1201 493 1232 Om.
510 1200 576 1232 BT.
596 1218 634 1223 —
658 1199 690 1232 3.
715 1199 831 1232 Habet
856 1200 1068 1240 scripturam
1089 1199 1243 1240 volqacas
1257 1208 1290 1231 c.
1318 1216 1355 1222 -
1379 1198 1413 1231 4.
1437 1199 1490 1230 10-

132 1259 223 1291 quar
247 1258 426 1292 superscr.
451 1259 472 1281 ο
493 1258 526 1282 c.
554 1267 589 1272 —
615 1248 756 1290 chordis]
778 1250 892 1282 nemis
912 1248 999 1282 Cod.
1017 1248 1120 1282 Card.
1138 1249 1235 1281 Rain.
1260 1249 1334 1281 sive
1358 1249 1490 1281 Fame-

133 1300 255 1354 sianug
275 1299 372 1342 apud
393 1298 516 1332 Lamb.

133 1405 190 1438 lx.
224 1405 277 1437 De
309 1403 520 1445 argumento
554 1402 617 1436 cfr.
651 1403 787 1435 Excur-

76 1462 191 1534 ⁴⁸u2nss
203 1501 236 1535 ι.
268 1502 320 1534 Ne
338 1502 425 1543 forte
445 1501 576 1542 eredas]
600 1500 785 1542 Apodosis‚

29 1551 31 1554 ⁴
91 1560 199 1593 quam
220 1550 382 1593 plerique
396 1551 528 1592 puncto
542 1552 623 1592 post
637 1559 672 1582 v.
689 1550 789 1582 chor-

92 1601 144 1633 dis
170 1601 287 1642 posito
315 1609 338 1632 a
358 1599 536 1642 prioribus
564 1598 785 1638 divellerunt,

16 1657 27 1698 ᾗ
92 1649 187 1682 inest
218 1649 254 1682 in
284 1658 321 1681 v.
345 1650 366 1681 5
400 1657 527 1690 seqq.:
568 1648 682 1680 «scito
716 1657 787 1680 non

2 1706 5 1707 ’
27 1726 34 1741 5
92 1699 292 1733 oblitterata
313 1708 394 1732 esse
409 1699 549 1732 Pindari
564 1700 633 1731 cet.
658 1699 789 1731 carmi-

20 1754 29 1785 1
92 1758 139 1782 na
170 1758 240 1782 nec
282 1748 393 1781 multo
438 1749 613 1781 minorem
654 1747 787 1789 lyricae

22 1798 30 1806 “
92 1798 212 1841 poesis
226 1798 433 1839 dignitatem
449 1807 558 1839 quam
573 1799 729 1849 epicae.»
749 1815 786 1820 —

22 1855 31 1874 t
93 1849 139 1880 cd
169 1847 342 1889 Aufidum]
381 1847 451 1879 Cfr.
481 1847 545 1879 Od.
576 1847 613 1886 3,
647 1847 705 1885 30,
732 1847 784 1878 40.

12 1923 34 1942 4
93 1897 158 1931 0d.
182 1897 221 1937 4,
246 1897 284 1936 3,
307 1896 362 1929 23.
388 1898 426 1928 et
447 1896 506 1935 ⁴4,
531 1897 585 1928 25.
612 1897 702 1929 Cum
718 1897 790 1928 stu-

19 1960 23 1964 ·
94 1946 154 1979 dio
174 1946 328 1988 patrium
351 1947 504 1978 tractum
527 1954 672 1987 semper
694 1953 791 1976 com-

6 1996 43 2036 sp
93 1996 270 2041 memorat
290 1994 547 2036 gloriamque,
572 1994 655 2026 inde
678 1995 790 2035 potis-

26 2039 30 2042 ’
94 2045 242 2084 situum,
265 2044 362 2076 unde
385 2044 535 2076 fortasse
557 2044 703 2076 minime
726 2052 790 2075 ex-

95 2095 317 2136 spectaretur
330 2118 339 2132 ,
384 2093 550 2125 Romanis
588 2093 763 2125 exstitisse
779 2118 787 2131 ,

96 2144 156 2184 qui
169 2144 384 2175 Graecorum
406 2142 555 2182 lyricam
570 2142 695 2183 poesin
711 2143 791 2173 tan-

30 2216 52 2231 ;.
95 2191 179 2224 dem
196 2192 245 2224 'ad
268 2201 331 2224 eos
351 2191 617 2229 transduceret;
642 2191 678 2223 id
694 2189 790 2232 quod

35 2252 38 2253 ⁷
95 2242 190 2274 inest
203 2242 239 2274 in
254 2250 357 2282 seqq.
392 2242 468 2273 Non
483 2244 560 2273 ante
576 2243 634 2272 cet
671 2258 706 2263 —
735 2249 791 2271 so-

96 2290 219 2323 danda
240 2290 380 2332 chordis]
408 2289 526 2329 «lyrae
549 2289 720 2330 aptanda.
746 2289 790 2320 ad

23 2348 41 2371 -·.
96 2337 211 2379 lyram
241 2338 497 2372 decantanda.»
529 2340 650 2370 Senot..
691 2337 789 2369 Ovid.

97 2388 178 2422 net.
197 2388 250 2427 44,
266 2389 305 2420 5:
332 2388 463 2428 Orphea
481 2388 646 2428 percussis
659 2387 793 2418 socian-

97 2439 162 2468 tem
181 2437 336 2468 car-mim
356 2437 475 2469 nereus.
501 2438 577 2468 Non
598 2436 672 2468 sine
689 2443 794 2476 gene-

98 2494 179 2518 rosa
212 2486 442 2524 confidentia,
491 2487 529 2516 ut
561 2493 668 2526 supra
702 2484 791 2521 dixi,

28 2539 35 2570 ἶ
99 2536 214 2567 semet
234 2535 351 2577 ipsum
373 2536 549 2567 immiscet
571 2534 726 2566 Graecis.

11 2611 15 2619 .
32 2624 36 2626 ,
142 2584 164 2616 5
178 2602 198 2609 -
212 2585 243 2616 7.
277 2584 466 2625 Maeonius]
491 2583 632 2625 proprie
650 2582 769 2623 Lydus
784 2592 791 2619 ;

101 2632 136 2664 h.
161 2631 184 2665 Ι.
208 2633 304 2666 idem
334 2633 430 2674 quod
461 2633 667 2670 Maeonides,
704 2630 795 2663 filius

836 1402 1012 1440 Maeonis,
1055 1401 1202 1442 mythici
1234 1401 1344 1442 patris
1376 1400 1532 1432 Homeri.

836 1452 1019 1493 Antipater
1049 1451 1174 1483 Thess.
1209 1451 1246 1482 in
1280 1450 1383 1482 Anth.
1409 1448 1479 1482 Pal.
1504 1450 1532 1482 1.

839 1509 918 1541 pag.
943 1500 1030 1533 427:
1070 1500 1106 1531 εἰ
1126 1498 1157 1530 δ’
1184 1494 1315 1541 ὓμνων
1338 1496 1535 1543 σκᾶπτρον

830 1544 996 1595 Ὅμηρος
1023 1544 1105 1587 ἔχει
1126 1549 1203 1581 Καὶ
1224 1546 1318 1588 Ζεύς
1338 1557 1399 1582 τοι
1422 1548 1535 1593 κρέσ-

838 1609 917 1630 σων
946 1594 1237 1638 Ἕνοσίχθονος·
1272 1593 1354 1629 ἀλλ’
1385 1593 1535 1629 ’Eroch-

837 1648 945 1686 χθων
968 1645 1045 1680 Τοῦ
1068 1646 1140 1689 μὲν
1162 1643 1238 1687 ἔφυ
1260 1648 1403 1689 μείων,
1432 1643 1535 1679 ἄθα-

837 1694 962 1729 νάτων
1002 1695 1034 1728 δ’
1070 1692 1228 1737 ὕπατος.
1287 1695 1363 1728 Καὶ
1395 1693 1536 1742 ναετὴρ

837 1743 1074 1786 Κολοφῶνος
1097 1745 1347 1786 (Antimachus)
1380 1741 1536 1786 ὑπέζευ-

837 1805 925 1827 κται
946 1794 1019 1837 μὲν
1036 1792 1214 1851 Ὁμήρῳζ
1230 1792 1388 1837 Ἇγεῖται
1409 1793 1440 1826 δ’
1462 1791 1533 1826 ἆλ-

838 1844 914 1877 λων
936 1842 1104 1884 πλάθεος
1123 1841 1364 1886 υμνοετόλων.
1391 1845 1531 1876 Lucret.

838 1894 875 1932 3,
903 1893 1006 1926 4049ε
1046 1894 1137 1925 Adde
1157 1893 1408 1924 Heliconiadum
1429 1894 1535 1925 conti—

838 1946 899 1981 tes,
932 1951 1075 1982 quorwm
1101 1951 1188 1973 unus
1214 1942 1376 1973 Homerus
1396 1942 1537 1982 Sceptra

836 1993 972 2032 potitus.
1019 1992 1132 2023 Dante
1165 1990 1299 2031 Inferna
1326 1989 1366 2022 4:
1403 1990 1490 2022 Ecco
1511 1991 1537 2022 il

838 2042 952 2082 siynor
988 2039 1060 2071 dell'
1100 2039 1259 2071 altissim
1296 2042 1416 2078 canto,
1471 2039 1536 2072 Che

838 2099 939 2122 sovra
952 2090 999 2131 91⁸·
1014 2089 1094 2121 altri
1104 2115 1116 2128 ,
1141 2089 1223 2120 com'
1240 2088 1369 2128 aquila,
1391 2088 1482 2120 vola.
1497 2107 1533 2111 —

839 2139 1000 2184 Ceaeque]
1024 2139 1101 2170 Non
1116 2139 1170 2170 est
1183 2137 1417 2178 Bacchylides
1429 2138 1533 2176 Ceus,

839 2189 904 2221 sed
916 2187 1124 2220 Simonides.
1143 2187 1207 2219 Od.
1222 2188 1254 2227 2,
1270 2188 1302 2227 4,
1316 2187 1370 2219 38.
1385 2187 1533 2219 Theocr.

841 2238 900 2276 46,
918 2237 978 2270 44:
1004 2233 1128 2276 δεινὸς
1151 2236 1290 2277 (κεῖνος
1302 2236 1432 2275 Ameis)
1450 2232 1536 2268 ἄοι-

840 2283 907 2326 δὸς
929 2282 952 2317 ὁ
975 2283 1095 2327 Κήῖος
1118 2283 1233 2317 αἰόλα
1255 2285 1414 2325 φωνέων
1435 2283 1537 2330 Βάρ-

839 2335 949 2375 βιτον
983 2334 1023 2375 ἐς
1058 2332 1310 2380 πολύχορδον.
1349 2352 1386 2357 --
1424 2334 1537 2366 Alcaei

840 2383 997 2425 minaces]
1021 2380 1255 2416 στασιωτικά
1269 2407 1278 2422 ,
1314 2382 1444 2424 quibus
1466 2384 1538 2416 Pit—

842 2437 962 2466 tacum
984 2432 1238 2474 Myrsilumque
1252 2458 1260 2470 ‚
1286 2432 1390 2465 Lesbi
1415 2434 1537 2472 tyran—

843 2492 924 2521 nos,
961 2483 1163 2514 insectatur.
1210 2481 1273 2513 Od.
1308 2481 1347 2520 2,
1384 2480 1443 2520 43,
1479 2481 1533 2513 34.

844 2532 913 2565 Cir.
941 2532 1048 2563 etiam
1072 2540 1117 2562 ex
1138 2533 1395 2572 συμποτικοῖς
1409 2531 1463 2562 Fr.
1480 2530 1533 2562 30.

844 2579 1061 2613 Schneidew.
1088 2578 1161 2612 Del.
1186 2588 1221 2620 p.
1247 2579 1323 2612 274.
1364 2579 1477 2620 Bergk
1498 2588 1534 2621 p.

844 2630 926 2662 579:
963 2627 1031 2661 τὸν
1061 2625 1323 2674 κακοπάτριδα
1347 2628 1537 2661 Πὶττακον
