1722 2904
598 86 677 119 un.
705 85 760 118 lv.
807 84 846 117 C.
872 83 959 117 xlv.

346 190 587 248 Medusque
615 196 659 233 et
685 188 839 236 ludus,

1479 77 1563 121 619

871 193 913 231 te
944 186 1150 244 profugus
1180 186 1365 244 Scythes

399 271 600 319 Miratur,
633 284 660 313 o
689 267 822 313 tutela
849 281 1057 326 praesens

457 351 601 395 ltaliae
631 350 921 407 dominaeque
950 350 1126 393 Romae.

346 470 426 519 Te,
459 468 636 512 sontium
664 468 738 525 qui
768 466 878 511 celat
914 465 1114 523 origines,

1511 465 1565 506 45

343 550 551 607 Nilusque
580 555 623 592 et
651 549 783 598 lster,
816 554 857 591 te
887 546 1063 604 rapidus
1093 545 1250 603 Tigris,

403 631 461 675 Te
490 629 698 674 beluosus
726 628 800 686 qui
831 626 1004 671 remotis

459 710 679 767 Obstrepit
708 710 912 753 Oceanus
939 707 1171 755 Britannis,

207 875 263 909 u».
287 874 482 914 dominoque
503 873 540 905 T.
579 891 615 896 —
652 871 707 905 46.
730 872 842 904 lsi-ster
863 870 947 903 Tcd.
981 887 1020 893 —
1061 869 1116 903 47.
1141 869 1309 902 bellicosus
1333 868 1368 901 d.
1395 869 1524 909 (Ceteri

165 925 239 958 mei
259 924 430 964 banosus,
454 931 526 956 non
547 921 727 962 bouaosus,
751 922 791 954 ut
812 920 915 960 Edd.)

124 1069 820 1110 riaheisstmorsoviol,alsaieflorr-

123 1122 230 1164 salian
254 1121 338 1154 iiber
364 1120 430 1153 auo
459 1120 576 1153 Voucer
596 1119 819 1152 ausbreiten.»

126 1189 164 1195 -
187 1170 374 1213 arrogavit]
400 1169 539 1202 «Rebus
562 1169 633 1202 iam
652 1167 736 1200 olim
752 1168 821 1200 tuis

124 1221 290 1262 auspiciis
317 1221 355 1252 et
382 1220 443 1252 tuo
470 1218 580 1251 ductu
605 1218 713 1259 gestis
736 1217 822 1249 For-

123 1272 209 1303 tuna
241 1269 390 1303 devictis
418 1269 537 1301 Raetis
559 1266 820 1308 Vindelicisque

123 1328 255 1352 novam
274 1320 347 1352 iam
368 1317 512 1352 laudem
535 1327 578 1350 ac
592 1317 742 1359 gloriam
756 1315 822 1348 ad—

125 1369 246 1402 didit.»
279 1369 338 1402 Sic
359 1369 455 1401 enim
478 1367 571 1401 malo
597 1366 822 1408 interpretari

125 1428 235 1461 quam
265 1427 349 1452 cum
381 1417 474 1451 aliis:
511 1417 699 1459 «Imperiis
733 1416 820 1454 tuis,

126 1477 218 1510 quae
257 1467 405 1501 feliciter
437 1466 597 1500 Tiberius
632 1466 821 1499 exsecutus

126 1519 199 1557 est,
233 1517 378 1550 laudem
406 1516 589 1557 decusque
612 1515 776 1557 praebuit
790 1524 820 1552 μ»

125 1568 163 1601 in
195 1576 265 1609 qua
294 1565 524 1609 explicatione
553 1574 625 1597 non
654 1565 739 1597 satis
762 1573 823 1596 re-

125 1617 271 1659 spicitur
292 1617 345 1649 vis
366 1625 401 1648 V.
425 1615 613 1656 arrogavit.

168 1665 308 1700 44-44.
343 1664 525 1706 Cantaber]
562 1663 626 1696 Od.
651 1664 692 1702 2,
723 1662 762 1702 6,
787 1662 820 1694 2.

126 1715 191 1748 Od.
215 1715 255 1755 3,
290 1715 330 1755 8,
359 1715 414 1747 22.
442 1732 480 1737 —-
509 1714 693 1753 Medusque
710 1715 741 1743 et
764 1711 824 1743 In-

126 1765 197 1806 dus]
221 1765 316 1797 Suet.
342 1763 416 1795 Oct.
441 1763 504 1795 2⁴:
538 1763 637 1794 Indos
659 1762 760 1794 etiam
782 1770 824 1792 ac

126 1814 266 1854 Scythas
297 1813 415 1845 auditu
445 1812 543 1844 modo
575 1811 722 1852 cognitos
748 1811 824 1850 pel-

126 1863 209 1896 lexit
239 1863 286 1894 ad
314 1861 498 1894 amicitiam
524 1870 621 1893 suam
642 1860 824 1900 populique

126 1912 268 1945 Romani
287 1911 377 1943 ultro
397 1919 461 1950 per
482 1910 608 1951 leyatos
633 1910 821 1949 petendam.

130 1961 212 2002 (Ctr.
236 1960 283 1993 ad
306 1961 423 1992 Cat-m.
438 1968 511 1992 sec.
526 1959 593 1999 56.)
616 1959 730 1991 Parthi
746 1967 828 1998 quo-

129 2019 192 2051 que
224 2013 255 2042 et
286 2009 478 2042 Armeniam
508 2008 694 2040 vindicanti
726 2007 826 2048 facile

128 2061 308 2098 cesset-ime,
343 2061 374 2090 et
395 2058 493 2100 signa
518 2057 702 2095 militaria,
739 2065 827 2096 qaae

128 2109 176 2142 Μ.
201 2108 319 2141 Crasso
341 2111 372 2139 et
392 2108 438 2139 M.
460 2107 602 2138 Antonio
617 2106 824 2143 ademerant,

128 2158 310 2198 reposcenti
331 2157 556 2189 reddiderunt.
584 2173 620 2179 —-
648 2155 825 2196 prosuyus]

130 2207 193 2240 Od.
220 2208 256 2245 ⁴,
293 2206 353 2245 35,
389 2205 421 2237 9.
463 2205 591 2243 Od.3,
628 2204 689 2244 24,
726 2204 758 2235 9.
788 2221 823 2226 -

129 2255 295 2296 Miratur]
336 2254 559 2296 «potentiam
596 2261 638 2285 ac
680 2252 827 2293 gloriam

131 2306 229 2337 tuam
265 2303 482 2345 stupefactus
521 2304 746 2334 reveretur.»
790 2320 825 2324 —

133 2353 245 2394 tutela]
269 2361 346 2384 voc.
372 2361 490 2394 propr.
509 2351 553 2383 de
577 2351 687 2392 geniis
710 2350 827 2382 bonis.

135 2421 172 2426 —
192 2410 351 2442 praesens
371 2401 438 2432 hac
454 2400 707 2442 significatione
724 2400 831 2431 Grae-

133 2452 184 2484 cis
214 2453 269 2484 est
299 2448 503 2492 ἑπιφανὴς.
551 2449 744 2482 Menander
776 2449 828 2480 Fr.

135 2502 203 2533 inc.
220 2501 301 2533 252:
328 2496 407 2532 Οὐκ
428 2495 510 2531 ἔστι
538 2497 683 2540 τόλμης
698 2497 835 2537 ἐπιφα-

135 2550 294 2594 νεστέρα
328 2546 413 2581 θεά.
454 2568 488 2572 -
529 2546 698 2588 dominae]
738 2546 836 2579 orbis

136 2605 326 2634 terrarum.
365 2598 429 2630 Od.
465 2597 502 2635 4,
539 2597 578 2635 3,
617 2597 675 2629 ⁴3:
716 2597 839 2628 Romae

133 2647 294 2687 principis
315 2647 459 2679 urbium.

912 1066 1031 1100 45-48.
1055 1067 1209 1108 origines]
1237 1065 1359 1099 «cuius
1375 1065 1490 1098 sontes
1505 1065 1570 1098 ad-

868 1116 939 1149 huc
961 1117 1069 1158 ignoti
1092 1117 1210 1149 sunt.»
1235 1114 1358 1148 Tibull.
1377 1116 1416 1155 ⁴,
1440 1116 1481 1155 7,
1505 1116 1569 1148 23:

868 1167 944 1199 Nile
960 1169 1078 1207 pater,
1102 1174 1253 1207 quanam
1273 1165 1401 1205 possim
1415 1168 1447 1197 te
1462 1166 1574 1198 dicero

869 1225 974 1248 causa
995 1219 1055 1248 aut
1076 1215 1193 1255 quibus
1220 1216 1257 1247 in
1278 1215 1379 1247 terris
1392 1215 1573 1247 occuluisse

869 1265 994 1306 caput?
1016 1266 1179 1298 Lucanus
1192 1265 1251 1304 40,
1270 1264 1333 1296 493
1344 1273 1414 1305 sq„
1431 1263 1494 1296 ubi
1508 1273 1573 1296 ve-

870 1317 993 1348 term
1018 1315 1064 1348 de
1094 1314 1170 1347 Nilo
1201 1315 1386 1356 opiniones
1413 1313 1570 1355 exponit,

870 1374 904 1397 v.
922 1363 1009 1397 294:
1037 1363 1103 1396 Nili
1124 1364 1297 1395 Arcanum
1317 1364 1455 1395 Natura
1468 1365 1571 1403 caput

871 1424 938 1446 non
965 1414 1115 1454 prodidit
1146 1414 1218 1445 alli.
1257 1430 1294 1437 —
1332 1411 1429 1447 Nilus
1462 1421 1574 1445 cornu

872 1465 996 1505 copiae
1028 1472 1135 1495 manu
1165 1465 1292 1496 tenens
1323 1471 1406 1494 cum
1433 1461 1574 1494 filiabus

872 1513 1073 1554 Memphide
1087 1514 1123 1544 et
1134 1512 1353 1544 Anchirrhoe
1370 1513 1477 1553 atque
1493 1511 1575 1544 Ete-

873 1563 933 1595 siis
956 1564 1011 1595 est
1033 1563 1068 1594 in
1092 1562 1318 1603 sardonyche
1342 1561 1438 1602 apud
1452 1559 1575 1593 Millin·

873 1621 941 1653 gen
962 1612 1044 1643 Anc.
1068 1613 1160 1644 Mon.
1185 1613 1227 1644 11.
1252 1612 1291 1643 T.
1318 1611 1370 1644 ⁴7.
1399 1628 1435 1634 -
1468 1610 1575 1652 Tigris

873 1661 920 1693 ob
938 1661 1161 1702 rapiditatem
1177 1670 1197 1692 a
1212 1660 1325 1694 Medis
1341 1659 1469 1699 dictus,
1491 1660 1573 1701 quia

873 1712 969 1753 tiqris
992 1719 1117 1743 eorum
1139 1709 1257 1751 lingua
1287 1711 1424 1751 sagitta.
1462 1709 1574 1742 Varro

873 1761 939 1792 LL.
964 1761 1003 1799 5,
1028 1760 1083 1792 20.
1122 1760 1184 1792 Est
1206 1760 1329 1800 igitur:
1357 1759 1571 1799 «Aegyptus,
1627 1782 1629 1784 -

873 1810 1000 1848 Dacia,
1024 1810 1191 1841 Armenia
1216 1811 1250 1840 te
1266 1809 1515 1840 venerantur.»
1535 1825 1572 1829 —

874 1858 1032 1899 beluosus]
1057 1858 1120 1889 Od.
1146 1858 1183 1896 3,
1208 1858 1269 1896 27,
1298 1857 1361 1889 26:
1398 1859 1575 1888 scatentem

874 1908 984 1939 Beluis
992 1910 1144 1947 pontu-m.
1176 1907 1256 1938 Sine
1275 1914 1382 1937 causa
1399 1906 1466 1937 ΗΡ.
1486 1905 1574 1936 hae-

875 1958 920 1989 sit
950 1957 984 1988 in
1016 1956 1110 1987 «hac
1138 1964 1228 1987 voce
1258 1954 1388 1987 dubiae
1423 1955 1578 1986 auctori-

875 2006 971 2043 tatis,
1020 2013 1111 2045 quae
1157 2013 1333 2045 nusquam
1378 2004 1445 2036 nisi
1482 2003 1576 2045 apud

876 2055 1050 2087 Avienum
1080 2054 1154 2094 (Or.
1181 2062 1270 2085 mar.
1295 2053 1385 2094 204.)
1418 2053 1578 2085 invenia-

877 2106 973 2142 tur3»
1003 2111 1097 2134 nunc
1120 2102 1286 2143 quidem,
1312 2102 1487 2140 concedo,
1513 2101 1578 2133 sed

868 2154 965 2194 *quot
987 2153 1112 2193 poetae
1141 2152 1252 2184 Latini
1281 2152 1478 2193 perierunt!
1519 2150 1579 2182 Est

878 2202 1022 2234 Homeri
1046 2199 1280 2243 μεγακήτης.
1305 2202 1460 2241 Theogn.
1494 2200 1575 2232 ⁴75:

880 2251 918 2291 ἐς
948 2248 1175 2292 βαθυκήτεα
1204 2248 1358 2282 πόντον.
1405 2250 1580 2282 Bezuosum

880 2302 1000 2332 autem
1016 2300 1099 2331 dicit
1121 2309 1164 2331 ex
1185 2299 1317 2340 volgari
1341 2299 1446 2338 fama,
1471 2307 1580 2340 quam

882 2351 1058 2381 memorat
1088 2351 1238 2381 Pausan.
1264 2350 1301 2388 ⁴,
1332 2348 1369 2386 3,
1394 2349 1432 2379 5:
1468 2348 1581 2379 Ocea-

883 2408 949 2431 nus
987 2397 1048 2430 ille
1079 2399 1286 2443 παρέχεται
1318 2398 1437 2443 θηρία
1469 2393 1580 2430 οὐδὲν

883 2444 1039 2480 ἐοικότα
1050 2449 1132 2487 τοῖς
1143 2446 1184 2479 ἐν
1197 2443 1375 2492 θαλάσσῃ
1388 2443 1434 2492 τῇ
1451 2444 1578 2491 λοιπῇ.

889 2515 924 2519 -
943 2495 1115 2537 obstrepit]
1141 2498 1179 2528 ut
1195 2496 1258 2528 Od.
1275 2497 1313 2534 2,
1339 2496 1397 2534 ⁴8,
1424 2496 1483 2527 20:
1508 2497 1582 2527 Ma-

885 2547 996 2586 risque
1016 2546 1110 2577 Baiis
1132 2545 1352 2585 obstrepentis.
1380 2562 1417 2567 —
1443 2545 1582 2576 Britan-

887 2595 948 2636 nis]
972 2595 1035 2627 Od.
1063 2595 1099 2633 4,
1125 2594 1184 2633 2⁴,
1211 2595 1263 2626 ⁴5.
1288 2594 1352 2626 Od.
1378 2594 1416 2631 ⁴,
1442 2593 1501 2632 35,
1525 2593 1578 2625 30.

889 2644 951 2676 Od.
981 2643 1019 2682 3,
1050 2643 1090 2681 5,
1121 2643 1151 2675 3.
1200 2641 1316 2683 Virgil.
1347 2641 1416 2675 Ecl.
1451 2643 1486 2680 ⁴,
1518 2642 1581 2675 67:
