1722 2904
153 14 233 56 744

695 20 867 54 HORATn
893 21 1064 55 EPODON

322 122 370 164 Et
407 121 614 179 Esquilini
650 123 838 180 pontifex
873 98 1053 169 venefici

322 204 499 260 Impune
527 210 573 246 ut
607 203 766 248 Urbem
798 205 970 249 nomine
1003 205 1193 263 impleris
1227 209 1357 251 meo?

319 284 433 335 Quid
466 284 672 340 proderat
701 285 862 329 ditasse
894 286 1091 344 Pelignas
1119 301 1226 332 anus
1243 323 1252 339 ‚

1549 293 1603 333 60

318 364 570 409 Velociusve
602 366 830 410 miscuisse
867 367 1090 411 toxicum?

317 446 404 489 Sed
435 446 624 490 tardiora
656 447 748 501 fata,
768 453 809 490 te
842 448 952 491 votis
985 456 1178 493 manent:

318 529 485 585 Ingrata
515 528 674 571 misero
705 528 791 570 vita
821 528 1021 573 ducenda
1051 537 1118 574 est
1153 531 1196 574 in
1228 530 1330 582 hoc,

315 609 445 651 Novis
475 615 522 650 ut
550 622 692 665 usque
728 616 934 666 suppetas
966 610 1199 654 laboribus.

316 690 446 746 Optat
481 689 673 746 quietem
702 690 875 748 Pelopis
904 691 1020 735 infidi
1056 699 1202 750 pater,

1546 697 1600 738 65

231 804 284 837 58.
310 803 485 843 Exquilini
510 804 542 836 F.
566 821 601 826 ——
627 804 681 837 59.
705 805 833 845 [nmmo
851 805 889 837 T.
911 823 945 828 ἡ
973 806 1026 838 60.
1047 807 1201 847 proderit
1215 806 1284 848 ΒΤ,
1309 809 1399 841 Pott.
1425 817 1551 843 omnes

188 854 331 895 praeter
353 854 515 893 tertium,
543 854 648 886 LCtF.
677 854 728 896 (Ut
751 863 833 891 nos,
863 855 927 894 Bc,
953 865 1016 898 γυ,
1042 864 1095 898 pr.
1121 858 1170 898 κ.)
1197 875 1234 880 -
1259 858 1313 890 62.
1338 858 1375 890 Sa·
1398 860 1555 891 tardiora

185 904 261 945 fata
284 907 314 935 te
335 904 418 936 votis
451 903 588 945 (devotis
611 914 702 937 corr.
730 905 764 945 T)
788 904 953 937 manent?
985 904 1054 945 bT,
1080 907 1234 939 Pottierii
1259 916 1384 940 omues
1409 910 1552 950 praeter

188 955 347 993 sextum,
384 954 490 986 LCtF.

533 954 586 996 (Ut
607 963 694 995 nos,
725 956 792 995 Bc,
818 964 872 997 pr.
897 966 938 994 κ,
964 931 1054 996 alii.)y
1082 972 1118 979 -
1157 956 1211 990 64.
1236 957 1404 990 doloribus
1426 960 1550 997 T,L.Ct

189 1003 240 1044 (Ut
262 1012 344 1043 nos,
370 1003 465 1043 Ebc,
483 1004 530 1047 γ.)
552 1020 588 1027 -
615 1004 669 1037 65.
694 1005 816 1047 infidus
837 1015 908 1045 νχ,
934 1014 1026 1039 corr.
1053 1005 1121 1046 κλ,
1147 1008 1224 1040 LtF
1250 1007 1302 1049 (Ut
1324 1017 1405 1050 nos,
1431 1009 1552 1050 Bch,

188 1053 297 1084 ceteii
322 1052 486 1092 Bentleii,
513 1054 573 1095 qui
596 1054 767 1094 restituit,
793 1055 852 1095 Μ.)

143 1154 218 1184 tum
240 1154 429 1194 praesente
446 1154 651 1194 sacerdote,
677 1154 712 1186 in
736 1155 847 1187 hono—

142 1210 220 1234 rem
244 1202 353 1242 deae,
395 1212 503 1244 quam
528 1204 697 1236 Thraciae
721 1206 844 1246 gentes

142 1252 255 1292 Cotyn
308 1251 365 1284 vel
420 1254 561 1294 Cotytto
605 1253 811 1296 appellant?
827 1266 843 1283 »

142 1301 212 1334 Csr.
237 1302 428 1334 Buttmann
460 1302 605 1343 Mythol.
632 1305 672 1336 11.
703 1313 739 1346 p.
765 1305 840 1337 459.

141 1350 284 1383 Lobeck
306 1351 476 1393 Aglaoph.
502 1361 537 1393 p.
565 1353 662 1385 4042.
692 1354 728 1385 et
744 1354 841 1386 4047.

143 1402 309 1434 Manetho
345 1401 385 1441 4,
423 1402 486 1434 59:
518 1398 588 1434 ''Hv
621 1401 662 1435 δὲ
696 1401 843 1449 Κύπρις

138 1449 327 1496 μερόπων
350 1448 561 1497 ὦροσκόπα
584 1463 631 1492 φ
616 1453 729 1496 ε’γγεα
757 1451 843 1486 λεύ-

140 1509 191 1546 σῃ
207 1519 227 1524 -
242 1519 264 1525 -
279 1498 440 1541 Τούτοις
473 1500 639 1544 θηλειῶν
668 1501 843 1536 πιστεύε-

139 1557 201 1582 ται
234 1546 347 1596 ὄργια
376 1549 538 1597 κουπτά·
556 1571 612 1577 --
616 1548 740 1585 ΟἘνθα
766 1563 842 1593 (ρυ-

138 1602 345 1645 γαοσενίης
366 1599 562 1648 μυστήρια
585 1601 726 1643 τεύχεϊ
742 1599 843 1637 ἄπυ-

139 1660 224 1682 στα.
258 1667 295 1673 -—
336 1651 449 1693 liberi]
497 1654 615 1685 «omni
651 1654 841 1695 pudicitiae

137 1699 215 1741 lege
232 1700 336 1733 soluti
352 1710 394 1733 ae
410 1702 715 1743 petulantissimi.»

183 1751 237 1783 58.
278 1751 331 1782 59.
367 1752 539 1794 pomifer]
580 1753 620 1787 Ut
654 1754 840 1795 pontifices

137 1800 321 1841 praesides
364 1802 470 1842 atque
521 1801 644 1835 arbitri
681 1804 842 1836 omnium

137 1849 239 1881 erant
262 1847 491 1890 religionum,
518 1851 564 1883 ita
588 1852 760 1886 invidiose
778 1854 843 1886 Ca-

136 1898 230 1930 nidia
253 1899 452 1939 inimicum,
480 1901 539 1941 qui
567 1901 701 1934 arbiter
726 1903 842 1935 fuerat

135 1948 298 1980 veneficii
328 1949 373 1981 ab
403 1958 446 1981 ea
468 1950 503 1982 in
521 1950 685 1992 Esquiliis
706 1961 840 1994 perpe-

136 1998 215 2029 trati
253 1997 335 2038 (Cfr.
373 1999 484 2040 Epod.
518 2001 550 2032 5.
589 2002 658 2033 Sat.
692 2002 735 2041 i,
766 2001 836 2042 8.),

136 2047 299 2080 eiusdem
332 2050 432 2090 quasi
458 2050 650 2091 pontificem
672 2050 835 2092 appellat,

136 2098 174 2128 ut
198 2098 268 2129 Cic.
295 2106 360 2139 pro
385 2099 498 2131 Sestio
524 2100 575 2132 ⁴7.
610 2101 647 2132 Ρ.
675 2099 836 2132 Clodium

133 2149 328 2187 stuprorum
372 2150 577 2181 sacerdotem
626 2149 671 2181 ob
717 2151 836 2182 Bonae

136 2198 230 2229 Deae
248 2206 349 2229 sacra
365 2197 497 2239 polluta
513 2200 627 2231 vocat.
654 2201 693 2232 In
709 2200 837 2241 Esqui-

134 2245 187 2279 liis
211 2243 331 2279 autent
354 2249 457 2280 antea
473 2248 739 2290 sepeliebantur
753 2258 838 2290 pau-

134 2304 241 2337 peres
265 2305 307 2328 ac
331 2298 436 2329 servi.
465 2316 501 2321 —-
537 2299 669 2330 nomine
691 2299 838 2339 impleris

134 2346 218 2385 meo]
244 2346 480 2379 «carminibus
505 2348 572 2380 tuis
596 2348 775 2380 famosis.»

178 2395 295 2428 60-64.
317 2397 404 2435 Quid
411 2397 584 2439 proderat]
601 2398 654 2430 «Si
668 2399 701 2429 te
715 2397 836 2430 ulcisci

135 2452 205 2476 non
218 2453 384 2486 possum,
405 2446 491 2487 quid
506 2446 653 2487 prodest
670 2447 753 2478 inihi
770 2446 837 2479 lar—

135 2502 176 2534 ga
194 2495 363 2527 mercede
380 2495 575 2528 obtinuisse
592 2505 612 2527 a
635 2497 726 2537 sagis
744 2496 835 2528 Peli-

134 2543 228 2583 gnis,
262 2546 301 2576 ut
324 2545 524 2578 reconditas
548 2553 631 2578 suas
656 2546 750 2578 artes
774 2555 832 2578 me

135 2591 328 2630 docerent:
362 2593 445 2635 quid
480 2594 575 2627 iuvat
599 2602 656 2627 me
681 2595 831 2636 peritam

892 1163 972 1188 esse
1003 1164 1143 1188 venena
1173 1149 1348 1190 miscendi
1388 1156 1596 1192 efficacissi-

892 1213 951 1237 ma
975 1206 1011 1237 et
1031 1206 1251 1247 praesentia,
1277 1215 1370 1248 quae
1391 1208 1511 1241 statim
1534 1208 1594 1242 vel

893 1253 1110 1287 dementiam
1134 1255 1192 1288 vel
1215 1257 1370 1289 mortem
1397 1257 1592 1291 afferenti»

892 1303 1023 1345 Peligni
1046 1305 1170 1337 Marsis
1192 1305 1297 1338 vicini
1317 1306 1471 1348 ideoque
1486 1315 1596 1340 vene-

892 1353 950 1386 fici
973 1355 1010 1386 et
1031 1354 1097 1395 ipsi
1119 1353 1241 1387 habiti.
1270 1373 1307 1378 —
1335 1356 1496 1398 Velocius]
1533 1365 1595 1389 so—

891 1401 963 1435 lito.
995 1420 1033 1426 —-
1058 1403 1225 1446 toxicum]
1263 1403 1359 1438 Italis
1394 1408 1501 1447 tosco,
1536 1414 1591 1448 pr.

891 1461 1072 1486 venenum
1084 1450 1214 1495 τόξοις
1227 1453 1362 1488 illitum.
1378 1472 1417 1479 —-
1431 1455 1496 1488 Sed
1507 1455 1593 1498 cet.]

894 1503 1168 1536 «Verumtamen
1198 1503 1329 1538 diutius
1358 1505 1457 1538 vives
1482 1514 1591 1547 quam

892 1553 966 1584 tute
1001 1561 1095 1585 nunc
1129 1554 1247 1595 optas3
1283 1555 1391 1596 atque
1423 1555 1495 1588 vita
1529 1554 1593 1587 tihi

891 1602 1022 1634 misera
1055 1602 1288 1644 producenda
1323 1606 1378 1636 est
1410 1604 1456 1637 ad
1496 1604 1592 1638 hunc

891 1651 1019 1692 finem,
1067 1654 1107 1685 ut
1147 1661 1293 1695 semper
1325 1654 1374 1687 sis
1410 1655 1591 1696 expositus

891 1702 991 1734 novis
1015 1702 1230 1735 eruciatibus
1253 1703 1368 1745 iisque
1390 1697 1593 1746 perpetien-

891 1750 945 1784 dis
980 1751 1170 1784 sufficias.»
1208 1770 1245 1775 -
1281 1751 1438 1786 Alteram
1466 1753 1591 1786 lectio-

890 1809 991 1841 nem,
1027 1801 1149 1842 utique
1174 1800 1285 1834 multo
1316 1801 1588 1844 languidiorem,

890 1851 956 1883 etsi
979 1859 999 1882 a
1023 1850 1291 1892 Dillenburgero
1313 1851 1527 1894 praelatam,
1552 1853 1590 1886 Si

890 1901 1045 1932 tardiora
1066 1900 1117 1933 sic
1143 1899 1318 1942 explicant
1333 1901 1408 1934 alii:
1434 1902 1589 1941 «Quodsi

889 1949 1020 1983 diutius
1053 1950 1162 1982 vitam
1197 1951 1350 1984 extrahis
1385 1960 1493 1993 quam
1525 1951 1588 1985 tibi

888 2000 955 2041 ipsi
979 2008 1102 2033 carum
1127 2001 1200 2039 est,
1236 2000 1316 2033 ideo
1345 2000 1403 2040 fit,
1440 2002 1479 2034 ut
1501 2010 1588 2044 sup-

888 2051 990 2090 petas
1006 2050 1098 2082 cet.»
1122 2048 1186 2082 Alii
1209 2050 1358 2091 iungunt
1380 2059 1462 2084 cum
1485 2059 1588 2093 prae-

888 2099 1016 2131 cedd:
1066 2099 1178 2138 «Quid
1210 2099 1379 2141 proderat
1414 2102 1507 2141 cet.,
1553 2101 1584 2134 si

887 2148 1020 2181 tardius
1055 2148 1217 2181 morieris
1250 2149 1341 2182 votis
1371 2150 1516 2182 nieis‘l»
1545 2167 1582 2174 —

888 2200 945 2231 «In
967 2200 1046 2238 hoc,
1080 2199 1116 2230 in
1139 2199 1188 2238 id,
1223 2199 1259 2231 in
1282 2200 1362 2239 quid
1385 2200 1585 2241 significant

885 2257 981 2289 rem,
1017 2249 1165 2290 propter
1193 2257 1302 2290 quam
1332 2248 1464 2291 aliquid
1487 2249 1583 2282 fiat.»

886 2299 981 2330 HAND
1019 2299 1120 2330 Turs.
1155 2299 1211 2331 111.
1254 2307 1333 2341 pag.
1375 2299 1450 2332 320.
1467 2324 1475 2339 ‚
1522 2299 1586 2332 ubi

886 2347 1130 2389 exemplorum
1154 2348 1298 2381 affatim.
1323 2349 1385 2381 Est
1409 2348 1473 2380 «ad
1489 2349 1585 2382 hunc

885 2398 1126 2439 potissimum,
1163 2399 1273 2430 immo
1301 2407 1413 2430 unum
1437 2398 1582 2436 finem.»

885 2447 1065 2479 efficacius
1090 2446 1266 2488 aliquanto
1285 2456 1394 2488 quam
1419 2448 1585 2489 «propter

884 2496 999 2536 hoc»,
1031 2499 1070 2530 ut
1099 2496 1275 2539 explicant
1297 2497 1403 2529 etiam
1426 2495 1586 2528 Scholia-

884 2547 971 2579 stae.
1002 2564 1037 2569 —-
1063 2545 1240 2588 laboribus]
1268 2545 1480 2585 «aerumnis,
1507 2545 1586 2586 qui-

884 2594 951 2629 bus
968 2596 1058 2629 meis
1075 2595 1210 2628 artibus
1227 2596 1370 2637 magieis
1387 2595 1579 2628 afficiet-e.»
