1722 2904
534 157 613 191 Lm.
638 157 694 189 111.
745 157 785 190 C.
808 156 865 190 VI.

1383 154 1467 196 385

250 263 338 305 Iam
368 261 435 304 bis
465 261 688 304 Monaeses
718 267 761 304 et
790 259 940 303 Pacori
970 273 1121 314 manus

249 343 342 385 Non
377 341 620 408 ausQos
652 339 843 385 contudit
870 340 1054 398 impetus

1413 339 1468 381 40

306 423 484 466 Nostros
513 429 556 466 et
585 421 798 466 adiecisse
828 420 1035 478 praedam

115 565 147 599 9.
170 565 336 599 Manassis
350 574 379 599 s.
395 566 536 598 monesis
547 565 671 598 BSTcd
694 567 731 598 et
753 573 844 598 corr.
863 564 906 604 b,

937 564 1022 597 item
1037 563 1118 596 LCt.
1139 564 1191 605 (Ut
1205 572 1288 603 nos,
1314 572 1367 605 pr.
1386 563 1423 602 b,

6 607 8 620 ⁵
72 616 226 650 Pottierii
249 615 337 649 Cod.
354 615 509 657 quintus,
534 614 679 648 Aldinae
703 617 739 648 et
760 616 852 647 inter
874 615 1034 647 Editores
1055 615 1132 647 Sec.
1154 614 1256 646 XVII.
1279 614 1428 655 Rutger-

6 658 24 710 ’γ
73 665 171 706 sius.)
198 683 235 689 —
260 665 315 698 40.
337 665 567 706 Inauspicatos
587 665 614 697 B
638 666 674 697 et
696 665 851 697 Pottierii
873 663 1016 706 aliquot.
1045 681 1082 687 —
1113 664 1165 696 44.
1190 664 1321 696 Nostris
1342 671 1425 695 cum

1 719 16 740 ἰ’
71 723 142 748 ιιιιο
165 714 253 748 Cod.
277 714 444 747 Prisciani
466 722 501 757 p.
526 714 602 747 894.
627 716 664 747 Ρ.
690 714 846 756 praefert
867 713 1065 753 Bentleius,
1095 711 1152 745 vel
1175 711 1243 754 leg.
1269 713 1428 755 suspica-
1482 754 1484 757 Ι

73 764 371 855 ,Ἧίωιὲεοεῖνοωκ
414 781 451 787 -
501 763 576 805 (Vv.
614 763 650 796 44
676 781 712 787 -
736 763 789 796 43.
825 763 861 795 in
897 764 924 796 B
964 762 1095 796 desunt
1132 764 1169 795 et
1203 771 1237 794 v.
1279 762 1332 794 45.
1373 763 1428 794 est

22 947 34 961 '⁴
60 952 65 971 ἐ
83 969 93 985 ,
116 942 262 985 24-34.),
280 952 499 986 quamquam
513 943 630 986 paullo
645 946 727 977 ante

129 991 267 1034 legatus
289 992 474 1026 Ventidius
489 994 664 1026 Pacorum
678 994 729 1026 in-

72 1056 77 1069 ·
97 1054 122 1070 1:
165 1042 448 1076 circumventum
489 1043 726 1076 interfecerat.

27 1097 65 1129 ,4³
96 1104 101 1118 ι
130 1090 154 1124 l.
178 1090 202 1124 1.
226 1092 295 1133 20.)
324 1092 446 1134 Itaque
468 1093 589 1125 Pacori
609 1101 730 1125 manus

113 1141 256 1173 ἰιιιιιιιι
278 1141 324 1174 ad
344 1141 478 1175 Decidii
495 1141 635 1174 cladem
650 1150 732 1183 per-

59 1202 74 1218 ³
95 1191 132 1223 t.
178 1190 230 1223 De
258 1190 327 1223 hoc
355 1191 490 1224 Pacoro
513 1193 549 1223 et
571 1192 728 1232 quinque

132 1239 344 1272 exhistoria
374 1241 466 1273 notis
496 1242 628 1282 optime
660 1241 731 1281 egit

137 1289 197 1321 in
207 1289 319 1322 Ersch
330 1290 367 1321 et
378 1289 518 1322 Gruber
535 1288 727 1331 Encyclop.

84 1338 164 1372 IX.
181 1338 218 1372 in
239 1338 356 1371 hocv.
381 1340 426 1371 At
441 1340 520 1381 quis
534 1340 730 1372 Monaeses?

135 1389 347 1420 semoratur
377 1388 522 1429 quidem
550 1397 568 1420 a
594 1387 732 1421 Plutar-

74 1436 732 1479 Antonc37p932DF1-Mo-

109 1501 115 1513 ι
153 1496 186 1527 ς,
209 1481 309 1532 ἀνὴρ
330 1484 522 1529 ἐπιφανὴς
536 1487 602 1519 καὶ
617 1485 732 1520 δυνα-

69 1572 71 1574 ,
111 1561 121 1576 ,
155 1536 217 1577 qui
246 1536 404 1568 Phraatis
435 1537 618 1569 saevitiam
649 1545 733 1569 cum

87 1584 157 1617 tis
177 1583 253 1617 aliis
269 1584 405 1626 fugiens
420 1585 466 1617 ad
481 1586 525 1618 M.
543 1586 733 1618 Antonium

102 1632 265 1674 contulit,
296 1633 342 1666 ab
373 1633 430 1666 illo
453 1643 582 1675 magno
598 1635 733 1666 honore

82 1696 100 1719 .÷
166 1707 172 1711 -
187 1707 196 1723 ,
220 1659 286 1716 se’d
301 1692 385 1716 mox
399 1683 445 1715 ad
460 1684 658 1716 Phraaten
649 1683 736 1714 invi-

86 1744 125 1760 ’π
153 1732 269 1765 rediit.
303 1733 378 1775 (Dio
401 1732 461 1772 49,
494 1733 555 1771 23,
588 1732 656 1773 24.)
691 1733 735 1764 At

85 1796 113 1809 ϊ
149 1782 195 1815 ab
223 1783 293 1815 hoc
315 1783 482 1816 Monaese
506 1781 588 1814 nihil
612 1783 734 1813 contra

91 1845 119 1859 v2·
137 1845 140 1859 z
160 1840 216 1865 os
231 1834 371 1874 gestum
384 1832 561 1864 memoret
575 1830 732 1870 historia,

16 1921 18 1923 ,
71 1879 104 1922 f
124 1877 194 1914 'w'e
226 1881 419 1924 probabilis
451 1882 506 1913 est
530 1879 648 1921 opinio
672 1888 736 1911 eo-

59 1925 63 1931 *
97 1944 112 1958 »ι
125 1950 142 1971 ,ν
157 1931 219 1972 qui
239 1932 415 1964 Monaesen
433 1929 564 1962 Horatii
579 1928 735 1961 eundem

145 1980 243 2012 aiunt
264 1989 347 2013 cum
363 1981 496 2012 Surena
516 1977 572 2010 illo
589 1979 738 2019 scripto—

30 2063 31 2066 ,
66 2024 72 2031 “
131 2052 141 2068 ,
164 2029 225 2070 qui
248 2030 416 2062 Crassum
432 2026 578 2065 delevit3
602 2028 738 2059 Monae-

34 2115 35 2118 ,
66 2118 70 2119 ⁷
109 2076 217 2111 zmum
239 2078 373 2111 dictum
397 2085 476 2109 esse
493 2077 635 2109 nomine
651 2084 737 2117 pro-

66 2150 141 2168 ,,
177 2127 343 2160 Surenam
375 2135 419 2159 ex
451 2126 601 2158 Orientis
635 2134 735 2157 more

63 2167 119 2233 ζ
140 2191 165 2203 -ι
204 2177 429 2258 ιιιέςίεῑτειιιιε
459 2176 533 2208 sive
562 2175 737 2216 dignitatis

132 2236 147 2252 ‘¹-
174 2227 211 2258 et
256 2226 436 2266 esignasse
453 2234 554 2264 eum,
580 2225 640 2265 qui
657 2233 739 2265 pro-

152 2287 169 2302 ¹·
211 2283 231 2307 a
265 2283 349 2316 rege
386 2273 504 2306 locum
541 2273 735 2311 obtineret,

139 2331 207 2356 ms
237 2324 313 2356 eius
343 2323 479 2365 legatus
510 2324 622 2363 esset,
662 2322 738 2363 regi

34 2375 40 2410 ζ
67 2372 71 2375 ’
154 2371 314 2405 diadema
340 2374 556 2415 imponeret,
583 2380 739 2404 summa-

42 2451 44 2453 .
87 2464 89 2466 q
130 2419 283 2454 ,floreret
300 2423 524 2461 auctoritate,
549 2422 736 2462 potestate,

87 2473 89 2475 '
117 2483 144 2505 η·
175 2471 314 2503 i.centia
324 2472 365 2503 V
376 2470 550 2503 Plutarch
561 2471 596 2502 in
610 2470 738 2502 Crasso

99 2511 161 2552 Ἦ.
185 2519 292 2552 Tacit.
315 2522 404 2552 Ann.
429 2520 466 2558 6,
484 2519 538 2552 42.
563 2519 737 2552 Ammian.

50 2600 82 2609 ,,
115 2567 168 2600 2.
191 2567 250 2608 30,
274 2570 306 2601 2.
330 2569 536 2608 Zosimus3,
557 2569 615 2601 ⁴5:
640 2568 741 2600 Σου-

66 2615 74 2621 ”
98 2616 103 2624 ¹
131 2631 138 2642 ¹
183 2635 204 2642 -
223 2614 381 2664 -ἀρχῆς
414 2616 455 2651 δὲ
487 2614 604 2651 τοῦτο
637 2613 741 2663 παρὰ

139 2675 217 2707 αις
231 2662 367 2709 ὄνομα.
399 2669 552 2700 Brisson.
570 2667 615 2699 de
630 2675 740 2708 regno

142 2716 210 2748 4.
239 2725 274 2758 p.
300 2711 373 2750 474.
420 2718 542 2758 ltaque
572 2717 743 2750 Monaeses

167 2774 287 2805 Hom
310 2784 381 2806 voi.
406 2777 427 2806 l.
469 2785 519 2807 ro.
543 2784 644 2806 ιιιιοιι
665 2776 710 2805 ΠΙ.

55 2762 82 2778 ⁷⁶1⁵<

57 2812 82 2850 ,ζ’

63 2850 85 2878 *a*

62 2879 82 2894 Ziz-

777 945 925 985 eiusque
942 943 1118 976 exercitus
1138 943 1184 975 ad
1199 942 1339 976 cladem
1356 943 1474 976 Crassi

776 994 948 1036 pertinet,
973 1001 1083 1035 quam
1105 993 1202 1025 certe
1226 1001 1297 1025 non
1321 992 1476 1025 omissu-

777 1051 838 1075 rus
862 1043 938 1074 erat
961 1042 1126 1074 Horatius
1149 1042 1278 1082 vixque
1294 1040 1350 1074 alii
1367 1049 1476 1082 quam

778 1094 935 1125 Surenae
959 1091 1117 1124 tribuere
1141 1092 1290 1133 poterat.
1337 1091 1479 1124 Monae-

777 1150 827 1174 ses
848 1149 979 1174 nomen
1003 1140 1098 1182 apud
1127 1140 1276 1173 Parthos
1305 1139 1478 1173 sollemne

778 1200 821 1224 ac
856 1190 992 1230 nobile,
1028 1192 1068 1222 ut
1105 1191 1289 1231 Voloyeses,
1327 1190 1479 1222 sortasse

779 1243 815 1273 et
836 1240 978 1273 illustris
998 1239 1146 1273 alicuius
1171 1239 1321 1272 familiae
1339 1240 1394 1281 (ex
1409 1240 1481 1273 Me-

780 1290 985 1332 gistanibus)
1000 1290 1141 1322 videtur
1155 1289 1342 1331 proprium
1357 1289 1477 1322 fuisse.

781 1341 886 1372 Certe
917 1339 1005 1371 alius
1029 1340 1215 1372 Monaeses
1244 1340 1299 1371 est
1324 1337 1380 1370 ille
1407 1340 1481 1370 An-

781 1390 865 1422 tonii
893 1389 1048 1428 amicus;
1085 1397 1167 1420 nam
1196 1389 1383 1421 Monaeses
1413 1388 1482 1419 Su-

780 1447 867 1471 rena
898 1437 1014 1480 paullo
1044 1439 1126 1479 post
1156 1436 1295 1470 cladem
1319 1437 1480 1469 Crassia-

781 1497 865 1520 nam
888 1497 908 1520 a
931 1496 1016 1528 rege
1051 1487 1259 1519 interfectus
1283 1488 1349 1519 est.
1395 1487 1478 1518 Lm.

783 1537 924 1578 (Contra
940 1537 1123 1569 Horatium
1133 1561 1141 1575 ,
1167 1537 1267 1568 cuius
1283 1536 1375 1572 hanc
1391 1537 1482 1568 stro-

780 1586 890 1627 pham
918 1594 1001 1617 cum
1032 1584 1276 1627 Peerlkampio
1302 1593 1383 1617 esse
1414 1593 1480 1616 ne-

783 1634 1066 1676 gat,rdisputat,
1100 1634 1135 1666 id
1167 1636 1241 1674 est,
1278 1635 1384 1666 totius
1411 1633 1480 1666 loci

782 1683 1006 1716 difficultates
1020 1684 1163 1725 exponit
1175 1685 1281 1724 atque
1293 1685 1483 1724 exaggerat

782 1733 883 1765 Estre
908 1733 990 1765 Hor.
1016 1735 1072 1765 Pr.
1097 1742 1132 1774 p.
1158 1733 1248 1774 268.)

828 1783 880 1814 40.
916 1783 992 1814 Non
1015 1782 1216 1823 auspicatos]
1247 1781 1344 1815 Multi
1367 1782 1480 1815 Codd.

785 1832 902 1873 (etiam
936 1832 1091 1863 Pottierii
1124 1830 1297 1871 nonnulli)
1330 1831 1486 1871 inauwi—

783 1884 875 1912 catos
888 1906 895 1920 ,
921 1879 966 1911 ab
989 1879 1109 1912 iambo
1134 1880 1342 1921 incipientes
1363 1881 1403 1912 ut
1416 1880 1480 1912 Od.

785 1930 817 1969 4,
842 1929 875 1967 9,
902 1930 933 1961 4.
960 1929 1020 1968 34,
1046 1929 1078 1961 9.
1106 1930 1158 1961 47.
1186 1929 1239 1968 35,
1265 1929 1319 1960 37.
1345 1928 1400 1968 37,
1424 1929 1480 1960 22.

784 1979 816 2018 2,
842 1979 875 2018 7,
900 1979 954 2010 22.
980 1978 1012 2017 3,
1040 1979 1071 2017 4,
1096 1979 1128 2009 2.
1167 1978 1285 2010 Nostri
1306 1986 1394 2009 vero
1417 1986 1484 2009 non

788 2028 987 2068 auspicatos.
1023 2026 1143 2059 Vellei.
1161 2028 1202 2065 2,
1227 2026 1289 2059 46;
1316 2027 1485 2059 Crassum

779 2078 1040 2118 proficiscentem
1070 2077 1105 2108 in
1136 2076 1274 2115 Syriam
1303 2075 1387 2106 diris
1408 2084 1484 2107 cum

784 2126 947 2158 ominibus
983 2125 1107 2157 tribum·
1140 2124 1243 2165 plebis
1281 2124 1327 2164 (in
1359 2125 1483 2165 primis

786 2176 825 2208 C.
857 2175 987 2215 Ateius)
1021 2175 1152 2216 frustra
1183 2174 1326 2206 retinere
1359 2175 1483 2206 conati.

787 2225 859 2257 Cic.
877 2224 922 2256 de
946 2224 1021 2256 Div.
1050 2224 1087 2263 4,
1114 2223 1167 2255 46.
1203 2224 1273 2255 Has
1295 2222 1400 2263 igitur
1422 2231 1486 2255 ex-

784 2273 984 2315 peditiones
1012 2271 1114 2304 malis
1136 2272 1302 2313 auspiciis
1325 2272 1484 2313 inceptas

785 2323 1018 2361 contuderunt,
1038 2330 1184 2362 «magna
1198 2329 1283 2353 cum
1293 2321 1411 2362 strage
1424 2329 1487 2353 no-

786 2374 941 2404 strorum
973 2371 1193 2403 exercituum
1225 2377 1334 2403 vanas
1362 2370 1485 2403 reddi-

789 2421 918 2453 derunt
940 2420 1092 2452 Parthi.»
1136 2419 1206 2452 Cfr.
1231 2419 1295 2452 od.
1321 2418 1360 2459 4,
1385 2419 1422 2457 3,
1447 2420 1480 2452 8.

787 2471 880 2511 Virg.
905 2471 992 2502 Aen.
1019 2470 1055 2509 4,
1084 2469 1169 2501 263;
1201 2470 1406 2510 populosque
1433 2469 1485 2510 fe-

786 2528 880 2551 roces
902 2519 1093 2551 Contundet.
1119 2519 1232 2551 Etiam
1254 2519 1290 2550 in
1305 2526 1413 2560 prosa
1429 2526 1481 2550 or.

789 2569 861 2601 Cic.
880 2567 924 2600 de
942 2569 1027 2609 Rep.
1046 2568 1082 2607 4,
1101 2568 1114 2599 4
1130 2592 1138 2607 ,
1163 2568 1176 2599 4
1192 2577 1199 2598 :
1222 2576 1282 2599 nec
1301 2568 1336 2598 id
1352 2567 1487 2608 (incen-

789 2616 896 2657 dium)
921 2634 941 2640 -
962 2634 981 2640 -
1006 2617 1053 2648 M.
1076 2616 1255 2648 Marcellus
1276 2617 1484 2649 contudisset.

789 2667 923 2699 Atticus
946 2665 1041 2707 apud
1065 2666 1138 2698 Cic.
1164 2665 1221 2698 ad.
1246 2666 1313 2698 Att.
1341 2665 1397 2704 46,
1423 2665 1483 2703 45,

790 2715 828 2747 3:
854 2715 889 2746 in
908 2715 1100 2755 praesentia
1114 2714 1192 2747 bene
1206 2715 1265 2747 iste
1276 2724 1363 2755 puer
1375 2714 1485 2755 (Octa-

1228 2775 1266 2803 25
