1722 2904
570 106 648 139 Lm.
674 106 728 138 ΙΙΙ.

778 106 816 138 C.
841 102 927 138 VIII.

1387 100 1462 144 40⁴

259 211 392 254 Parce
421 209 611 267 priggtus
640 209 816 252 nimium
845 220 1027 252 cavere:

260 292 381 335 Dona
409 290 646 348 praesentis
676 271 783 347 &spe
812 288 950 332 laetus
979 287 1112 331 horae
1150 295 1192 331 et

487 364 651 429 Linque
682 384 846 414 severa.

123 492 178 525 26.
202 499 319 524 cavero
339 494 372 524 et
392 486 528 530 BbSTc,
547 491 599 523 Ct.
637 506 672 513 -
709 490 763 522 27.
787 499 873 531 rape
892 488 1000 529 βχω,
1024 497 1098 521 var.
1124 488 1204 522 lect.
1229 500 1266 528 ι,
1291 491 1430 532 septem

80 540 235 574 Pottierii
257 540 369 574 Codd.
383 563 392 580 ‚
426 541 507 574 LCt.
535 540 586 580 (Ut
608 548 692 579 nos,
726 539 871 581 Cruquii
898 537 1058 580 plerique
1073 563 1081 577 ,
1117 538 1229 571 nostri
1261 540 1299 571 et
1321 541 1431 572 ceteri

81 589 253 632 Bentleii.)
289 608 326 614 —
363 588 418 623 ¹7.
442 590 496 622 28.
532 590 634 622 horae
665 589 791 630 Linque
818 587 959 627 BbSTc,
996 586 1107 620 Codd.
1132 587 1294 628 Bentleii,
1330 589 1433 622 home

82 648 124 672 ac
143 640 270 681 Linque
290 637 376 673 Cod.
400 639 555 672 Pottierii
575 639 723 680 primus,
748 637 915 678 Aldinae,
941 638 995 670 ct.
1020 637 1066 679 (οι
1087 637 1234 671 inseruit
1255 638 1432 672 Bentleius

84 690 175 725 coni.
191 715 200 730 ,
224 689 326 730 Fm.)

39 794 137 837 quod
148 793 272 828 «noli».
296 788 390 836 virg.
407 795 494 827 Aen.
508 794 540 833 3,
554 794 614 827 42:
630 794 734 826 Parce

35 845 114 885 pias
136 844 297 877 scelerare
320 850 453 877 manus.
493 861 529 868 —·
563 843 730 886 privatus]

41 888 152 927 «cum
173 893 223 927 sis
243 894 434 937 privatus.-
472 892 593 926 Vellei.
611 894 650 933 2,
668 893 731 926 88:

40 943 227 977 Maecenas
247 950 315 976 non
340 944 451 976 minus
475 943 626 985 Agrippa
648 943 735 976 Cae-

39 993 112 1025 sari
142 1001 262 1034 m,
305 994 362 1026 scd
390 993 500 1025 nunus
531 993 732 1033 honoratus,

40 1042 162 1083 quippe
188 1042 277 1074 vixit
305 1042 439 1084 aequasti
460 1042 547 1074 clam·
566 1043 632 1084 fine
654 1050 735 1074 con-

41 1094 157 1124 mm.
203 1091 371 1131 Quamvis
381 1087 490 1133 igitur
503 1100 535 1124 a.
552 1100 588 1124 u.
606 1100 638 1124 c.
656 1091 732 1124 725.

40 1141 263 1183 praepositus
292 1140 373 1174 urbi
406 1141 512 1174 fuerit
539 1140 595 1173 vel
618 1142 735 1183 potius

40 1190 243 1224 huiusmodi
257 1190 372 1223 officio
391 1190 531 1223 functus
546 1191 609 1231 sit,
633 1199 737 1233 prae-

41 1238 125 1272 fecti
162 1247 294 1273 nomen
326 1249 398 1272 non
434 1248 561 1281 gerens
606 1241 735 1281 (Hoeck

40 1290 134 1322 Rem.
169 1289 281 1322 (ἶσα-ὴ.
315 1290 343 1322 1.
377 1298 412 1331 p.
438 1289 547 1331 3⁴2),
593 1298 737 1332 semper

42 1339 131 1371 intra
154 1339 360 1380 equestrem
382 1338 587 1380 dignitatem
610 1339 738 1371 consti-

41 1387 104 1429 tit,
138 1388 188 1420 ita
209 1389 249 1420 ut
270 1387 531 1429 magistratibus
554 1396 736 1429 nunqnam

45 1437 152 1478 gestis
190 1435 266 1469 lure
297 1437 454 1477 privatus
496 1436 564 1468 dici
600 1438 734 1478 posset.

43 1487 159 1527 Atque
193 1485 336 1518 omnino
368 1486 464 1518 initio
506 1487 621 1525 certe,
671 1486 738 1518 etsi

43 1535 150 1576 negat
170 1533 364 1574 Bentleius,
394 1534 617 1576 praefectura
638 1534 737 1568 urbis

45 1583 201 1616 officium
215 1585 293 1616 erat
306 1592 327 1615 a
341 1584 500 1626 principe
516 1583 735 1624 mandatum,

45 1641 129 1672 non,
153 1632 194 1665 ut
212 1633 468 1675 posterioribus
487 1633 625 1675 imperii
645 1634 739 1666 tem-

43 1681 202 1724 poribus,
213 1682 438 1723 magistratus
445 1682 489 1723 *).
509 1684 641 1724 (Neque
652 1691 739 1715 vero

44 1730 221 1772 &inperitam
243 1730 413 1772 (militare)
437 1741 593 1773 unquam
616 1732 741 1764 habuit

45 1780 251 1821 Maecenas,
295 1782 335 1812 ut
367 1781 547 1813 contendit
575 1781 739 1822 Liibker.)

824 792 879 825 27.
903 790 1148 835 Dona-cape]
1182 792 1315 826 «Codd.
1346 793 1479 836 aliquot

781 841 916 875 habent
928 851 1024 883 rapo,
1041 843 1148 884 atque
1162 842 1231 875 hoc
1245 844 1327 885 post
1341 843 1480 877 Lambi-

782 899 869 925 num
899 891 1002 924 avide
1032 893 1227 934 rapuerunt
1250 893 1477 935 Interpretes,

782 943 874 974 etex
885 949 928 973 eo
941 940 1028 974 alius
1038 942 1119 983 post
1130 941 1238 975 alium
1249 941 1296 975 ad
1306 951 1478 978 nauseam

783 999 897 1032 usque
927 991 1091 1032 ingerunt
1112 991 1292 1024 Ciceronis
1321 991 1405 1025 illud
1437 1002 1480 1026 ex

784 1040 910 1080 Ennio,
928 1040 974 1073 de
990 1041 1083 1073 Orat.
1101 1040 1134 1080 3,
1151 1040 1212 1074 40:
1241 1042 1333 1082 Vive,
1354 1042 1476 1083 Uliam,

783 1089 863 1122 dum
885 1090 981 1129 licon
1020 1090 1130 1123 Oculis
1147 1086 1351 1131 postremum
1372 1092 1483 1125 Imm

783 1140 957 1172 radiatum
971 1142 1076 1180 rape!
1095 1149 1162 1172 non
1178 1141 1265 1173 dizit
1278 1150 1398 1182 cape,
1414 1151 1482 1174 non

781 1192 895 1230 pete;
926 1189 1059 1221 haberet
1081 1190 1168 1222 enim
1189 1199 1322 1222 moram
1341 1199 1484 1231 wan·-

784 1239 826 1270 tis
861 1238 985 1270 diutius
1017 1247 1084 1271 esse
1116 1247 1150 1271 se
1188 1240 1379 1272 victimam:
1427 1241 1483 1273 sed

784 1296 892 1328 rape.
938 1288 1007 1320 Hoc
1028 1287 1164 1320 verbum
1186 1291 1232 1321 est
1253 1290 1299 1321 ad
1319 1289 1355 1321 id
1381 1292 1484 1330 apta-

785 1340 889 1369 tum.»
912 1337 1046 1369 Verum
1068 1337 1104 1371 h.
1123 1336 1145 1370 1.
1165 1347 1228 1370 «ex
1244 1337 1409 1371 adiuncto
1425 1337 1482 1370 illo

785 1387 875 1419 dona
906 1386 1094 1428 perspicue
1128 1386 1293 1420 videmus
1326 1388 1485 1420 retinen—

786 1437 873 1470 dum
906 1437 964 1469 hic
997 1446 1077 1470 esse
1110 1446 1202 1478 cape.
1264 1438 1354 1477 Quid
1388 1438 1484 1470 enim

788 1495 877 1528 opus
901 1487 974 1526 est,
999 1487 1040 1518 ut
1061 1495 1104 1518 ea
1127 1495 1219 1528 quae
1242 1487 1368 1520 donata
1392 1490 1481 1527 m,

786 1544 906 1576 rapere
926 1534 1106 1568 velimus?
1143 1536 1347 1578 Rapiamus,
1379 1537 1409 1570 si
1431 1536 1484 1570 fas

788 1586 858 1625 est,
895 1586 1022 1626 negata
1056 1587 1116 1617 aut
1148 1585 1337 1627 fugientia:
1388 1595 1480 1628 quae

788 1633 905 1667 oblata
930 1636 1075 1676 praesto
1103 1637 1202 1675 sunt,
1216 1662 1224 1677 ,
1243 1636 1426 1678 capiamus
1449 1638 1484 1668 et

788 1692 1006 1716 sumamus.»
1050 1685 1172 1717 Burri..

830 1733 884 1766 28.
909 1733 1036 1774 Linque
1057 1734 1181 1776 severa]
1207 1735 1387 1768 «nemisse
1411 1735 1483 1767 ani-

788 1790 848 1815 mo
871 1783 980 1816 Genio
1002 1782 1178 1824 indulge.»

523 2041 1002 2080 Excunsus

648 2142 871 2174 AnC.V111.

137 2256 359 2290 Laeuinus
392 2259 427 2290 in
460 2257 614 2299 Epistola
644 2258 689 2290 ad
720 2259 906 2292 Frankium
930 2269 964 2301 p.
990 2259 1066 2293 240.
1093 2261 1241 2293 comiter
1263 2260 1361 2294 illum
1383 2262 1481 2295 refu-

52 2314 128 2345 tans
153 2312 253 2354 (Fast.
279 2314 399 2345 Horat.
423 2322 459 2354 p.
485 2313 597 2354 458.):
639 2314 836 2346 «Octavum
860 2323 1006 2347 carmen
1029 2315 1109 2347 libri
1138 2317 1231 2348 tertii
1246 2342 1254 2356 ,
1294 2318 1391 2359 quod
1414 2327 1480 2359 ego

51 2366 215 2400 Kalendis
238 2369 369 2401 Martiis
393 2369 474 2400 anni
496 2369 571 2401 725.
598 2370 770 2410 scriptum
792 2371 927 2410 statuo,
953 2372 990 2402 tu
1014 2379 1106 2403 anno
1130 2371 1204 2403 729.
1250 2373 1349 2412 Mihi,
1374 2374 1414 2405 ut
1435 2374 1482 2406 ita

52 2423 222 2463 statuam,
247 2423 374 2456 sufficit
395 2423 486 2456 liber
508 2425 619 2458 Cassii
634 2426 755 2458 Dionis
777 2426 913 2467 primus
937 2428 972 2457 et
995 2427 1324 2467 quinquagesimus,
1351 2429 1386 2461 in
1409 2437 1480 2470 quo

51 2479 185 2519 omnia,
210 2488 301 2521 quae
318 2480 480 2513 Horatius
503 2480 571 2512 hoc
595 2481 751 2513 carmine
776 2481 926 2522 attingit,
953 2490 995 2513 ex
1019 2481 1142 2515 ordine
1159 2484 1355 2525 perscripta
1379 2486 1478 2517 sunt:

129 2634 152 2668 *)
180 2632 305 2661 Nomen
330 2634 457 2670 utique,
490 2641 553 2662 non
573 2641 656 2670 rem,
687 2634 867 2671 desumpsit
887 2636 1051 2672 Augustus
1072 2644 1088 2664 a
1110 2637 1273 2672 praefecto
1294 2638 1364 2666 urbi
1384 2639 1481 2668 feria-

54 2682 124 2703 rum
144 2675 324 2705 Latinarum
343 2684 452 2706 causa.

165 2731 284 2760 nonu.
309 2739 380 2760 voi..
406 2733 426 2760 Ι.
469 2741 519 2762 ευ.
541 2741 642 2763 »mon
665 2733 710 2761 111.

1219 2737 1252 2764 26
