1722 2904
180 35 261 77 554
686 37 856 69 HonATu
884 36 1109 70 CARmNUM

605 184 1091 222 Excunsus
1146 186 1179 220 Ι.

734 276 1032 309 Anvv.l7-24.

269 374 460 408 «Vindelici
475 373 678 408 incolebant
692 375 783 407 inter
799 374 1016 414 Danubium,
1034 375 1173 407 Aenum
1189 376 1226 408 et
1245 374 1362 408 lacum
1376 376 1629 418 Brigantinum;

179 431 279 464 Raeti
306 430 388 463 inde
412 440 432 463 a
455 429 646 463 Vindelicis
673 430 861 462 meridiem
891 438 1019 462 versus
1047 438 1164 471 usque
1193 430 1239 463 ad
1268 430 1402 464 ltaliam
1429 440 1537 474 supra
1561 431 1631 464 Co-

179 494 280 519 mum
303 488 338 519 et
364 488 541 519 Veronam
563 485 804 528 pertinebant,
830 486 912 518 hinc
928 486 1050 518 Rheno
1066 487 1103 519 et
1117 486 1252 526 Ticino,
1277 485 1370 520 illinc
1384 485 1478 519 Plavi
1490 512 1498 526 ,
1516 486 1631 519 fluviis

179 543 366 575 terminati.
414 541 640 583 Attingebant
668 541 810 582 utrique
839 540 884 573 ab
915 549 1045 573 occasu
1069 541 1264 581 Helvetios,
1301 541 1346 574 ab
1371 543 1450 574 ortu
1471 542 1629 582 Noricos,

178 598 277 630 Raeti
306 599 413 630 etiam
443 598 588 630 Carnos.
638 597 782 629 Constat
813 596 858 628 de
882 605 925 628 eo
949 597 1018 629 situ
1042 606 1061 629 e
1085 596 1200 629 strab.
1225 596 1258 630 4.
1283 605 1364 638 pag.
1389 597 1466 630 206.
1492 597 1523 629 7.
1548 606 1628 638 pag.

178 654 254 686 292.
280 652 366 685 Plin.
392 653 429 693 3,
454 653 507 685 20.
557 652 664 684 Erant
692 653 813 684 autem
841 651 962 693 populi
992 660 1075 684 cum
1104 653 1404 693 numerosissimi,
1441 654 1518 685 tum
1545 652 1632 685 locis

179 709 418 748 munitissimi,
445 707 491 740 ob
514 706 620 749 Alpes
644 706 796 746 scilicet,
823 707 858 738 in
881 707 994 748 iisque
1012 706 1155 740 castella
1171 708 1286 750 posita
1303 707 1377 749 (Od.
1397 707 1434 747 4,
1462 707 1521 747 44,
1547 708 1628 748 42),

179 763 334 806 denique
368 764 564 802 fortissimi,
600 761 879 802 bellicosissimi,
917 763 1125 795 saevissimi.
1174 762 1296 796 Vellei.
1321 763 1360 802 2,
1397 763 1451 795 95.
1477 762 1565 795 Flor.
1591 762 1629 801 4,

180 820 240 859 42,
272 819 303 852 4.
330 818 380 851 Illi
410 819 532 860 igitur,
563 818 646 850 inde
676 817 722 849 ab
747 817 864 859 aliquo
887 819 1050 859 tempore
1073 819 1227 850 vicinam
1251 818 1396 851 Galliam
1419 818 1631 860 Cisalpinam

177 873 353 916 populati,
391 874 498 906 etiam
526 874 562 905 in
590 872 726 905 Italiam
755 872 901 905 crebras
930 873 1150 907 incursiones
1180 874 1339 906 fecerant
1367 882 1485 915 neque
1516 872 1631 906 solum

180 929 328 962 multam
356 929 439 961 inde
467 929 641 970 praedam
670 930 832 969 egerant,
870 928 935 961 sed
966 929 1073 961 etiam
1095 937 1225 970 magna
1247 930 1282 961 in
1306 930 1462 971 captivos
1486 928 1631 962 saevitia

180 987 281 1017 erant
314 985 380 1017 usi.
420 985 535 1023 Quare
569 984 748 1025 Augustus
783 992 815 1015 a.
844 992 879 1016 u.
911 992 943 1015 c.
974 984 1049 1016 739.
1078 985 1234 1026 primum
1265 985 1421 1017 Drusum
1452 985 1631 1017 Neronem

180 1040 275 1081 (tunc
299 1039 543 1080 quaestorem)
580 1041 701 1072 contra
734 1047 796 1071 eos
820 1048 903 1072 cum
932 1041 1089 1072 exercitu
1113 1040 1226 1080 misit,
1264 1040 1324 1081 qui
1357 1039 1404 1072 ad
1426 1038 1532 1081 Alpes
1555 1039 1633 1073 Tri-

178 1096 339 1128 dentinas
373 1094 516 1127 obviam
549 1094 617 1127 sibi
650 1094 762 1127 factos
795 1095 927 1136 ingenti
958 1094 1093 1136 proelio
1138 1095 1238 1135 vicit,
1281 1095 1431 1136 eiusque
1462 1095 1631 1127 victoriae

178 1159 285 1183 causa
315 1151 513 1192 praetorios
537 1150 691 1183 honores
715 1151 865 1192 adeptus
882 1152 948 1183 est.
987 1152 1121 1183 Verum
1147 1150 1193 1183 ab
1221 1150 1317 1183 Italia
1345 1151 1468 1183 reiecti
1486 1149 1631 1182 barbari

179 1215 263 1239 mox
301 1205 446 1238 Galliam
487 1206 605 1238 denuo
645 1208 836 1248 premunt,
887 1206 1006 1247 itaque
1047 1207 1226 1247 Augustus
1267 1205 1446 1238 Tiberium
1487 1214 1630 1247 quoque

177 1264 375 1301 Neronem,
415 1263 531 1294 Druso
566 1261 765 1294 adiutorem
799 1261 936 1302 datum,
973 1262 1145 1294 adversus
1168 1261 1244 1293 illos
1267 1261 1383 1294 mittit.
1430 1262 1521 1302 Ergo
1542 1262 1633 1294 Dru-

177 1325 239 1350 sus
259 1326 301 1349 ac
317 1316 478 1349 Tiberius
504 1316 622 1349 multis
645 1316 749 1349 simul
771 1316 858 1349 locis
895 1316 943 1358 [et
965 1317 1125 1349 Tiberius
1150 1316 1295 1359 quidem
1318 1325 1362 1349 ex
1385 1316 1543 1349 Helvetia
1567 1325 1633 1358 per

178 1372 297 1405 lacum
328 1371 582 1413 Brigantinum]
629 1372 663 1403 in
697 1380 823 1404 eorum
857 1372 947 1404 fines
993 1373 1186 1414 irruptione
1232 1372 1340 1413 sacta,
1391 1372 1523 1405 divisos
1557 1372 1632 1404 dis-

177 1429 382 1470 sipatosque
428 1427 546 1460 multis
591 1428 748 1469 aggressi
790 1427 932 1469 proeliis
975 1428 1254 1470 expugnatisque
1297 1436 1423 1460 eorum
1456 1426 1628 1468 castellis,

178 1484 304 1524 enguo
328 1491 411 1515 cum
435 1482 565 1515 damno
588 1483 735 1515 Romani
759 1484 934 1515 exercitus
958 1484 1061 1515 unica
1078 1485 1212 1516 aestate
1235 1483 1528 1525 perdomuerunt.
1565 1483 1630 1516 Dio

177 1539 237 1578 54,
262 1539 316 1570 22.
358 1537 476 1570 Strab.
505 1539 540 1570 et
570 1537 692 1571 Vellei.
718 1536 752 1570 ll.
784 1537 819 1570 ll.
871 1539 947 1577 Quo
981 1539 1072 1571 sacto
1106 1540 1226 1571 Raetia
1258 1539 1439 1581 provincia
1471 1539 1630 1571 Romano

177 1594 327 1635 imperio
350 1594 532 1632 adiuncta,
548 1602 662 1634 ‘quae
687 1595 723 1626 et
744 1595 903 1626 Raetiam
926 1595 1106 1636 propriam
1131 1595 1167 1626 et
1188 1592 1628 1635 Vindeliciamcomplexa

176 1650 237 1681 uni
264 1651 407 1690 pareret
434 1649 606 1690 praesidi:
647 1649 743 1681 unde
773 1658 880 1691 saepe
905 1651 1056 1691 uterque
1080 1649 1231 1692 populus
1253 1658 1325 1682 uno
1347 1650 1540 1682 Raetorum
1562 1658 1629 1681 no-

176 1705 272 1737 mine
296 1704 476 1746 appellati,
501 1703 585 1736 licet
606 1713 752 1746 semper
773 1704 904 1738 finibus
928 1705 1000 1738 suis
1017 1706 1053 1737 et
1067 1706 1221 1747 separati
1235 1705 1443 1738 manserint.
1489 1705 1628 1736 Seriore

177 1761 312 1799 aetate,
349 1768 433 1791 cum
467 1768 558 1791 nova
590 1760 855 1801 provinciarum
885 1760 1010 1793 divisio
1039 1761 1300 1800 institueretur,
1336 1760 1458 1793 Raetia
1485 1760 1629 1802 propria

175 1816 301 1848 vocata
324 1814 387 1847 fuit
409 1816 528 1847 Raetia
551 1815 686 1856 prima,
710 1814 903 1848 Vindelicia
926 1816 1047 1849 Raetia
1063 1816 1241 1855 secunda3
1265 1816 1350 1848 hinc
1365 1817 1401 1848 et
1422 1815 1629 1857 frequenter

175 1871 317 1903 Raetiae
332 1869 458 1912 plurali
474 1879 624 1902 numero
639 1870 753 1903 dictae
765 1896 772 1910 ,
795 1871 969 1913 imprimis
986 1871 1079 1913 apud
1100 1872 1338 1904 Ammianum.
1359 1889 1395 1894 -
1413 1870 1512 1903 Illam
1525 1871 1630 1912 igitur

175 1926 281 1959 Drusi
303 1925 504 1967 Tiberiique
527 1926 714 1959 victoriam
738 1926 924 1960 celebrare
947 1926 992 1959 ab
1015 1928 1173 1968 Augusto
1196 1927 1315 1959 iussus
1338 1926 1502 1959 Horatius
1524 1926 1629 1959 huius

175 1981 254 2013 libri
277 1991 422 2014 carmen
438 1982 506 2014 hoc
524 1983 559 2014 et
574 1983 740 2023 quartum
757 1982 956 2021 decimum,
983 1991 1101 2024 neque
1117 1983 1238 2014 tamen
1251 1982 1350 2023 prius
1365 1989 1474 2023 quam
1488 1990 1520 2014 a.
1538 1989 1574 2014 u.
1593 1990 1624 2014 c.

174 2037 250 2070 744.
270 2038 351 2078 post
361 2037 507 2078 Augusti
523 2037 679 2069 reditum
693 2038 903 2079 composuit.
931 2037 1066 2078 [Eidem
1082 2046 1176 2070 anno
1191 2037 1372 2078 assignant
1382 2036 1628 2078 Dillenburger

176 2094 212 2125 et
234 2092 426 2125 Grotefend
449 2093 613 2134 Schriftst.
630 2093 751 2134 Laufb.
770 2094 825 2125 des
838 2093 998 2125 Horatius
1011 2101 1046 2134 p.
1065 2092 1132 2134 34.]
1156 2093 1324 2125 Nostrum
1338 2093 1408 2125 hoc
1422 2093 1565 2135 proprie
1581 2092 1627 2125 ad

174 2149 343 2187 Drusum,
362 2148 667 2190 quemadmodum
682 2147 834 2180 alterum
851 2147 934 2180 illud
949 2149 1104 2180 maxime
1120 2147 1166 2180 ad
1181 2148 1362 2180 Tiberium
1375 2148 1627 2190 pertinet.---

175 2205 213 2235 In
240 2205 407 2236 universo
432 2206 552 2236 autem
578 2203 672 2236 bello
698 2205 841 2237 Raetico
866 2204 999 2245 primas
1024 2205 1145 2246 partes
1171 2205 1287 2236 Druso
1308 2203 1418 2236 ceteri
1433 2203 1627 2245 scriptores

173 2260 317 2300 praeter
332 2259 459 2292 Tiberii
476 2258 709 2299 adulatorem,
727 2258 911 2298 Velleium,
929 2258 1098 2291 tribuunt.
1116 2259 1204 2291 Vide
1218 2259 1325 2291 etiam
1337 2259 1480 2291 Sueton.
1499 2257 1622 2291 Claud.

176 2316 205 2346 4.
233 2314 329 2349 Unde
352 2314 452 2347 facile
476 2314 693 2356 intelligitur,
719 2314 900 2359 quomodo
923 2314 1056 2347 sactum
1071 2315 1134 2354 sit,
1159 2316 1198 2346 ut
1219 2315 1288 2346 hoc
1310 2314 1466 2347 carmine
1489 2314 1626 2346 Drusus

173 2371 347 2412 imprimis
364 2372 554 2403 Raetorum
569 2369 904 2412 Vindelicorumque
921 2371 1034 2403 victor
1049 2370 1247 2402 caneretur.
1273 2370 1465 2403 Raetorum
1480 2369 1624 2410 inquam

176 2428 210 2458 et
232 2425 513 2463 vindelicorum
546 2425 643 2467 quod
666 2426 761 2458 enim
783 2425 962 2458 Bentleius
985 2425 1156 2465 affirmat,
1182 2426 1336 2458 Drusum
1361 2433 1445 2457 cum
1467 2423 1624 2456 Vindeli-

176 2482 227 2514 cis
256 2483 409 2520 tantum,
446 2490 528 2513 cum
553 2481 668 2513 Raetis
691 2481 870 2513 Tiberium
899 2489 1094 2522 pugnasse,
1131 2480 1166 2512 id
1190 2488 1272 2513 cum
1301 2480 1337 2512 in
1359 2478 1481 2512 Velleii
1503 2478 1623 2512 verbis

174 2540 311 2576 uterque
334 2537 446 2568 divisis
462 2537 618 2576 partibus
634 2537 751 2568 Raetos
770 2536 1012 2576 Vindelicosque
1026 2536 1176 2578 ayqresst‘
1198 2535 1405 2576 neutiquam
1428 2535 1520 2574 insit,
1547 2535 1623 2566 tum

177 2593 211 2623 et
234 2592 393 2624 eiusdem
418 2590 538 2624 Velleii
562 2591 640 2624 loco
666 2591 732 2625 alio
759 2593 812 2633 (2,
840 2591 952 2634 ⁴22),
978 2591 1039 2624 ubi
1067 2591 1247 2624 Tiberium
1273 2590 1513 2623 Vindelicorum
1537 2590 1623 2622 Rae·
