1722 2904
252 115 333 157 402
756 115 927 148 nomm
952 115 1176 150 emmam

251 222 442 254 commissa
465 222 659 255 Maecenati
693 222 774 263 post
800 229 956 263 pugnam
978 222 1159 254 Actiacam
1181 219 1300 254 Italiae
1330 222 1367 254 et
1387 221 1487 256 urhis
1509 222 1687 256 Romanae

252 286 354 318 cura,
391 278 487 310 initio
511 286 543 309 a.
562 278 637 310 725.
655 277 823 309 recitatae
845 277 881 309 in
903 278 1031 309 senatu
1053 277 1098 310 de
1121 276 1274 311 Tiridate
1297 277 1334 309 et
1354 277 1505 311 Phraate
1526 276 1662 310 litterae
1677 303 1685 318 ‚

252 332 418 365 Cantabri
453 342 473 365 a
508 331 640 365 Statilio
674 333 788 365 Tauro
823 332 975 373 devicti,
1010 333 1095 365 Daci
1128 333 1174 374 et⁴
1196 333 1387 366 Bastarnae
1415 333 1567 375 Scythae
1597 341 1618 365 a
1640 334 1686 367 Μ.

251 390 379 422 Crasso
396 389 513 430 fugati.
560 390 674 422 Unum
697 389 750 428 te,
776 396 847 429 quo
871 389 989 421 minus
1005 389 1219 428 assentiare,
1242 387 1460 422 vocabulum
1473 389 1686 429 remoratur,

249 445 346 487 quod
376 446 480 487 poeta
506 443 723 477 Cantabrum
753 452 834 476 sera
858 445 982 476 catena
1006 443 1180 476 domitum
1207 442 1303 476 dicit.
1350 443 1421 476 Sed
1443 452 1508 476 cur
1529 452 1593 477 eos
1617 453 1687 477 non

249 501 344 534 dicat
365 502 437 534 iam
459 500 595 533 dudum
629 499 797 532 debuisse
832 497 962 541 populo
985 500 1144 532 Romano
1178 499 1416 533 servitutem?
1453 508 1540 533 num
1572 500 1689 533 Livius

249 556 350 589 aliter
371 556 433 596 28,
460 557 512 589 ⁴2.
526 557 544 588 ‘I
588 557 680 588 Num
702 554 803 588 aliter
826 554 870 587 de
894 555 1030 587 Parthis
1054 563 1126 586 non
1147 554 1258 587 modo
1279 555 1347 588 sed
1367 555 1462 589 Indis
1483 555 1689 598 Propertius

250 612 287 652 3,
313 611 350 652 4,
383 613 425 644 5:
466 612 574 652 Sera,
607 612 662 643 sed
683 610 836 643 Ausoniis
855 610 963 642 veniet
979 610 1159 650 provincia
1177 610 1294 652 virgis.
1307 611 1350 642 ‘P-
1409 609 1581 653 (Plerique
1605 610 1689 644 olim

249 667 454 701 referebant
476 667 522 699 ad
544 676 575 699 a.
600 676 636 699 u.
663 675 693 698 c.
719 666 808 707 734.)

337 726 443 757 Recte
467 724 586 755 Hoeck
609 722 631 755 l.
657 722 679 755 l.
698 733 704 754 ε
744 723 921 755 Maecenas
941 731 1018 754 war
1039 722 1237 764 keineswegys
1258 722 1422 764 &ffonllt’ch
1443 721 1601 755 bostonus·
1620 723 1690 754 und

250 780 475 813 anerkannter
501 779 726 821 Stadtpra'fect
752 797 787 802 -
811 779 874 811 mit
898 778 1037 810 Unrecht
1065 778 1124 810 hat
1147 787 1229 811 man
1259 778 1344 811 diess
1365 787 1428 811 aus
1448 776 1536 811 Vell.
1562 778 1583 811 2
1596 803 1606 819 ,
1630 777 1687 811 88.

248 836 464 879 ροεοὴῑοεεεη,
499 836 584 868 donn
617 835 701 867 diese
733 835 959 876 Magistratur
990 834 1108 866 warde
1138 837 1206 866 erst
1225 836 1338 875 spater
1359 834 1535 876 οἰηρσεοιπί
1559 851 1596 857 -
1618 833 1689 866 und

249 892 327 925 eben
348 901 384 924 so
405 892 515 933 weniq
535 893 634 934 floss,
668 900 742 923 was
763 890 916 932 Ayrippa
937 890 1031 931 that,
1066 899 1130 922 aus
1159 890 1219 928 dor
1237 890 1431 932 Hachtfflllo
1458 889 1577 932 iram
1603 889 1691 923 einos

249 948 453 990 &ffentlichen
474 947 592 980 Amtes.
