1722 2904
223 109 305 151 338

737 107 910 140 HORATII
934 106 1159 140 CARMINUM

509 213 615 256 Cum
646 211 814 255 famulis
843 211 1132 268 dominusque
1164 217 1304 255 terrae

398 318 677 363 Fastidiosu-s.

738 317 826 361 Sed
855 318 998 361 Timor
1027 324 1070 361 et
1099 317 1238 360 Minae

392 400 611 444 Scandunt
643 399 823 449 eodem,
856 412 943 456 quo
976 398 1197 449 dominus,
1229 411 1373 456 neque

449 481 631 525 Decedit
661 487 807 524 aerata
840 480 1000 523 triremi
1030 487 1073 523 et

509 564 610 606 Post
642 561 832 619 equitem
862 560 987 604 sedet
1016 567 1107 604 atra
1140 561 1282 605 Cura«

1622 561 1676 604 40

392 668 557 723 Quodsi
589 667 806 736 dolen-tem
835 680 916 710 nec
945 667 1159 726 Phrygius
1195 666 1305 725 lapis

309 817 363 850 39.
389 815 443 849 40.
473 815 603 847 triremi
629 815 769 854 Postque
791 811 946 845 malebat
972 810 1104 851 BentL,
1138 819 1221 844 cum
1244 814 1275 843 et
1296 810 1502 844 omitterent
1523 811 1633 854 ipsius

268 865 438 905 Codices,
464 866 504 897 ut
527 864 639 896 nostri
661 864 727 895 BT.
767 874 770 877 ·

221 1000 282 1039 qui
313 1003 402 1037 opus
437 995 505 1026 hoc
542 994 760 1026 immensum
790 993 924 1025 facien-

221 1046 308 1079 dum
332 1054 352 1077 a
376 1044 521 1076 domino
545 1044 619 1077 sive
647 1050 857 1085 possessore
881 1040 924 1072 il-

177 1136 186 1139 ,
220 1095 283 1128 lud
311 1094 449 1127 locante
490 1093 692 1126 conduxit.»
746 1091 797 1125 Cf.
833 1092 922 1133 Epp.

268 1194 322 1227 36.
361 1192 588 1234 dominusque]
626 1192 715 1234 «qui
748 1192 852 1232 urget
874 1191 926 1222 in-

222 1252 350 1277 sanum
373 1243 444 1275 hoc
468 1251 575 1284 opus3
616 1250 700 1274 eum
730 1240 821 1274 adeo
852 1242 926 1272 tae-

222 1293 284 1326 det
313 1294 430 1326 terrae
464 1292 691 1330 continentis,
727 1292 767 1323 ut
795 1291 864 1322 iam
890 1291 924 1322 in

221 1344 299 1385 ipso
323 1342 413 1374 mari
439 1340 601 1373 habitare
624 1340 742 1373 velit.»
789 1341 925 1373 Seneca

221 1394 286 1435 Ep.
304 1392 366 1426 89:
395 1391 583 1431 Ubicunque
605 1391 640 1423 in
656 1391 802 1431 aliquem
816 1390 926 1422 siniam

222 1443 300 1475 litus
324 1441 535 1481 curvabitur,
558 1449 617 1472 vos
634 1439 824 1481 (luxuriosi)
846 1449 929 1480 pro-

221 1493 310 1525 tinus
329 1491 550 1532 fundamenta
571 1490 700 1522 iacietis
721 1499 781 1522 nec
796 1492 928 1521 conten-

221 1543 248 1574 ti
270 1541 351 1581 solo,
375 1541 440 1572 nisi
456 1541 545 1580 quod
559 1549 665 1572 manu
678 1539 834 1581 feceritis,
855 1548 928 1571 ma-

221 1592 279 1624 ria
301 1590 407 1632 aqetis
429 1590 604 1622 introrsus.

267 1639 419 1673 37—40.
456 1639 521 1671 Sed
558 1638 649 1680 cet.]
676 1638 926 1680 «Quocunque

224 1691 346 1724 autem
374 1690 403 1721 is
431 1688 490 1721 vel
519 1688 564 1721 ab
588 1689 657 1720 hac
680 1687 927 1721 aedificatione

223 1739 281 1774 vel
309 1739 377 1772 alio
407 1738 452 1770 ab
484 1739 625 1780 negotio
649 1747 730 1771 sese
755 1739 930 1771 convertit

225 1790 271 1823 ad
293 1789 509 1822 oblivionem
525 1797 693 1821 curarum
715 1789 776 1820 aut
798 1797 929 1820 novam

224 1838 446 1881 voluptatem
470 1837 727 1879 quaerendam,
757 1836 931 1869 nihilomi-

225 1898 293 1922 nus
306 1897 390 1922 eum
400 1887 613 1920 comitantur
618 1887 756 1928 priores
765 1886 932 1919 sollicitu-

227 1938 363 1971 dines.»
399 1936 559 1970 Eandem
573 1937 788 1968 sententiam
803 1936 931 1969 iisdem

227 1988 303 2021 fere
325 1986 446 2020 verbis
475 1987 579 2028 poeta
609 1986 785 2027 expressit
808 1985 871 2018 Od.
896 1986 928 2025 2,

232 2038 287 2076 46,
304 2037 341 2069 24
359 2045 365 2068 :
391 2036 531 2069 Scandit
546 2038 682 2068 aeratas
695 2035 818 2067 vitiosa
832 2043 934 2067 naves

230 2087 324 2119 Cura
347 2094 406 2118 nec
433 2089 563 2118 turmas
587 2085 735 2124 equitum
759 2084 930 2124 relinquit.

231 2136 282 2169 Cf.
312 2136 451 2169 Lucret.
480 2136 518 2174 2,
547 2133 610 2167 46:
635 2135 743 2166 Metus
764 2134 934 2166 hominum

229 2194 396 2226 curaeque
418 2193 631 2225 sequaces--
644 2191 749 2223 neque
769 2183 934 2224 fulqorem

230 2238 426 2267 reverentur
443 2234 485 2266 ab
503 2242 589 2266 auro
606 2233 674 2265 Nee
692 2233 824 2264 clarum
838 2233 935 2264 vestis

230 2284 437 2325 splendorem
453 2285 655 2323 purpurea'i.
679 2300 716 2306 —-
743 2282 863 2324 Timor]
888 2291 933 2314 ne

233 2342 319 2366 casu
345 2332 499 2365 adverso
527 2331 584 2364 vel
607 2332 797 2364 immatura
819 2333 934 2364 morte

233 2382 337 2415 bonis
364 2382 437 2414 suis
462 2381 618 2421 excidat,
643 2381 738 2413 unde
762 2381 935 2423 perpetua

235 2431 393 2464 anxietas
410 2431 445 2462 et
460 2430 647 2472 trepidatio
666 2439 750 2462 eum
761 2430 876 2462 vexat.
896 2446 933 2452 —

235 2479 359 2522 Minae]
399 2479 558 2512 internae
597 2481 745 2522 propter
781 2479 936 2512 facinora

237 2529 441 2563 commissa.
469 2547 505 2551 —
530 2529 665 2571 aerata]
693 2537 804 2570 «quae
828 2528 938 2561 habet

236 2579 392 2612 rostrum
405 2586 586 2610 aereum.»
607 2595 643 2602 —
666 2578 807 2619 triremi]
830 2576 938 2610 Intel-

236 2627 303 2669 lige
317 2627 362 2660 de
375 2625 533 2669 qualibet
543 2635 671 2668 magna
683 2636 772 2660 nave
785 2627 938 2660 hominis

216 2674 217 2677 ’
237 2675 435 2718 locupletis.
483 2675 539 2708 Sic
563 2677 600 2708 C.
621 2677 720 2709 Verri
739 2676 937 2709 Mamertini

974 991 1147 1024 donarant
1162 1000 1282 1024 navem
1297 991 1456 1031 cybaeam
1469 991 1673 1031 mavimam,

973 1042 1120 1073 triremis
1134 1042 1254 1073 instar.
1287 1041 1360 1074 Cic.
1378 1041 1479 1073 Verr.
1497 1041 1624 1074 Aecus.
1642 1041 1675 1079 5.

975 1092 1028 1124 47.
1056 1091 1141 1133 Epp.
1162 1091 1194 1131 4,
1213 1091 1245 1130 4,
1262 1090 1324 1122 93;
1345 1090 1451 1130 priva
1463 1089 1619 1122 triremis.
1640 1106 1675 1113 —

975 1141 1084 1173 Curae
1113 1148 1289 1182 personae
1325 1141 1409 1173 sunt
1442 1139 1550 1172 etiam
1582 1139 1676 1180 Virg.

974 1191 1062 1223 Aen.
1081 1190 1118 1230 6,
1144 1188 1221 1223 274.
1247 1190 1284 1222 et
1306 1189 1450 1222 Horatio
1473 1188 1538 1221 Od.
1563 1189 1596 1228 2,
1623 1188 1677 1228 46,

974 1249 1032 1271 vv.
1049 1239 1085 1272 44
1105 1240 1141 1271 et
1152 1239 1206 1271 22.
1221 1238 1385 1272 Refertur
1396 1238 1550 1272 maxime
1562 1237 1610 1270 ad
1617 1238 1681 1270 ho-

975 1290 1080 1322 minis
1096 1289 1192 1321 avari
1204 1290 1397 1332 perpetuas
1414 1287 1677 1322 sollicitudines.

974 1339 1077 1372 Atrae
1099 1340 1239 1379 autem,
1276 1340 1300 1372 i.
1325 1348 1357 1372 e.
1384 1339 1543 1378 «tristes,
1575 1337 1680 1371 fune-

976 1391 1100 1430 stae»,
1125 1390 1300 1422 vocantur
1327 1390 1436 1422 etiam
1463 1388 1526 1421 Od.
1553 1387 1592 1428 3,
1619 1387 1678 1428 ⁴4,

977 1440 1030 1472 43.
1057 1439 1095 1479 4,
1123 1439 1182 1479 44,
1207 1439 1262 1471 35.
1287 1439 1357 1472 Sat.
1383 1440 1422 1479 2,
1447 1438 1487 1477 7,
1513 1438 1567 1470 45.

1020 1508 1075 1541 44.
1110 1507 1245 1549 Quodsi]
1277 1507 1349 1540 Cfr.
1375 1508 1438 1541 Od.
1473 1509 1512 1548 4,
1547 1512 1585 1551 4,
1618 1511 1673 1545 35.

977 1559 1061 1590 Post
1081 1557 1342 1599 praecedentes
1365 1555 1522 1601 γνώμας
1545 1562 1581 1592 et
1595 1561 1682 1594 ima-

978 1608 1076 1648 gines
1105 1607 1308 1649 propositas
1339 1607 1385 1639 ad
1417 1611 1534 1642 semet
1563 1610 1681 1652 ipsum

978 1666 1073 1690 nunc
1097 1666 1136 1690 se
1153 1658 1328 1690 convertit
1349 1658 1473 1699 poeta,
1498 1660 1538 1692 ut
1561 1660 1596 1692 in
1612 1660 1679 1693 hac

979 1702 1205 1753 αὐταρκείᾳ,
1229 1715 1340 1748 quam
1365 1707 1548 1750 tantopere
1572 1718 1681 1751 prae-

980 1757 1091 1798 dicat,
1128 1766 1168 1790 se
1204 1756 1402 1790 confirmet.
1438 1775 1475 1781 —
1508 1758 1679 1801 dolentem]

981 1815 1150 1848 «aegrum
1181 1806 1288 1839 animi
1321 1808 1357 1838 et
1387 1806 1610 1840 sollicitum.»
1642 1827 1679 1831 —

979 1857 1143 1898 Phrygius
1168 1856 1264 1898 lapis]
1291 1856 1373 1888 «Est
1395 1864 1555 1889 marmor
1576 1858 1683 1890 Doci-

981 1914 1129 1939 menum
1167 1906 1241 1939 sive
1280 1905 1538 1946 Synnadicum,
1578 1906 1682 1948 volgo

975 1958 1213 1996 paonazzetto,
1231 1956 1324 1987 inter
1337 1954 1540 1997 pulchriora
1553 1957 1589 1988 et
1602 1965 1685 1998 pre-

981 2006 1142 2044 tiosiora,
1175 2014 1218 2037 ex
1249 2013 1321 2046 quo
1343 2005 1557 2046 praesertim
1583 2005 1684 2039 colu-

982 2063 1088 2088 mnae
1111 2054 1262 2094 fiebant,
1288 2053 1412 2095 quales
1428 2055 1511 2086 sunt
1525 2054 1682 2096 peraltae

982 2104 1060 2137 illae
1084 2105 1120 2136 in
1135 2104 1292 2135 Pantheo
1307 2104 1351 2136 M.
1369 2104 1580 2145 Agrippae.»
1601 2105 1680 2138 FEA.

983 2154 1124 2188 poetice
1147 2152 1361 2186 describitur
1379 2162 1399 2185 a
1415 2154 1524 2186 Statio
1547 2153 1628 2187 Silv.
1647 2156 1679 2195 4,

983 2206 1003 2236 5
1016 2229 1023 2243 ,
1038 2203 1102 2236 36.·
1117 2204 1152 2235 in
1167 2201 1304 2235 balneis
1321 2202 1475 2235 Etrusci:
1500 2202 1583 2235 Sola
1603 2203 1684 2236 nitet

981 2254 1080 2297 flavis
1100 2252 1292 2284 Nomadum
1313 2251 1424 2283 decisa
1443 2252 1586 2284 metaliis
1598 2253 1685 2285 Pur—

978 2311 1088 2344 pura,
1135 2301 1208 2333 sola
1248 2309 1331 2332 cavo
1376 2300 1542 2342 Phrygiae
1581 2309 1684 2342 quam

983 2352 1160 2393 Synnados
1181 2354 1280 2382 antro
1301 2351 1372 2391 Ipse
1398 2351 1586 2383 cruentarint
1609 2361 1686 2384 ma-

984 2402 1067 2435 culis
1089 2400 1268 2433 lucentibus
1295 2400 1388 2432 Attis.
1430 2400 1680 2434 Pseudotibull.

986 2452 1024 2491 3,
1059 2451 1097 2491 3,
1131 2450 1191 2482 43ε
1233 2450 1357 2490 Quidve
1397 2450 1514 2482 domus
1549 2451 1686 2491 prodest

983 2501 1136 2542 Phrygiis
1168 2500 1290 2531 inm'aea
1318 2499 1504 2532 columnis?
1536 2499 1681 2533 Martial.

1032 2625 1086 2660 42.
1112 2624 1166 2658 43.
1201 2625 1308 2657 sidere
1334 2625 1471 2668 elacior]
1501 2625 1558 2658 Sic
1580 2624 1682 2658 Silius

988 2676 1025 2714 2,
1054 2674 1126 2706 467.
1154 2673 1198 2706 de
1226 2683 1402 2716 purpura:
1438 2674 1604 2707 radiantis
1633 2677 1683 2707 to—
