1722 2904
172 34 274 75 (338

833 28 1004 68 uonA'Tu

416 139 621 182 Romulae
652 140 769 196 genti
798 139 898 183 date
929 153 1111 196 remque
1147 139 1406 198 prolemque
1448 163 1449 166 =

531 221 582 262 Et
610 219 746 263 decus
778 221 933 263 omne!

418 332 629 389 Quaeque
659 346 741 375 vos
771 331 913 374 bobus

417 412 568 456 Clarus
596 412 812 455 Anchisae
844 412 1113 470 Venerisque
1143 413 1318 470 sanguis
1337 447 1346 463 ‚

944 338 1177 374 veneratur
1206 330 1314 375 albis

1589 416 1644 456 50

416 495 639 551 Impetret,
672 492 862 536 bellante
898 493 1042 549 prior,
1075 493 1286 537 iacentem

528 576 658 617 Lenis
690 574 734 615 in
771 573 963 617 hostem!

280 707 334 740 49.
363 707 492 747 Quique
514 707 602 738 Pott.
630 706 669 745 9,
690 706 751 745 45,
769 706 823 738 22.
842 731 848 744 ,
875 706 952 738 LtF.
981 706 1034 747 (Ut
1055 715 1141 747 nos,
1164 706 1253 748 Bbc,
1269 705 1312 746 β,
1337 715 1390 748 pr.
1415 718 1439 739 κ
1465 709 1522 740 «et
1543 707 1602 740 alii

239 757 350 795 duo»,
377 757 423 795 C,
448 755 575 795 BentL,
600 756 679 796 MJ.)
708 773 744 778 —
770 755 874 787 bubus
887 755 925 787 b.

947 774 984 779 —
1009 756 1063 788 54.
1087 756 1230 796 Imperet
1251 757 1342 789 Pott.
1365 755 1486 798 plures
1501 783 1509 797 ,
1534 758 1600 790 LtF

238 806 319 847 (non
335 805 435 846 Bbc).
462 806 511 838 Ex
525 816 605 847 μω,
631 814 684 847 pr.
710 816 733 837 κ
758 807 794 837 et
815 815 837 837 ν
860 806 942 847 post
965 805 1162 847 Cruquium
1185 806 1338 839 correxit
1353 806 1542 840 Bentleius.
1562 826 1597 830 —

234 856 288 887 52.
314 856 436 887 Laetus
458 855 497 887 Β.

189 980 337 1014 prorsus
368 973 533 1004 contenta
565 973 620 1004 est
650 972 719 1004 vita
745 973 780 1004 et
807 973 889 1004 ante

189 1023 267 1053 acta
297 1023 332 1053 et
361 1029 421 1060 ea,
459 1030 550 1062 quae
582 1021 786 1053 etiamnunc
822 1021 891 1063 ipsi

189 1078 362 1103 concessa
409 1072 473 1102 est.
488 1082 504 1099 n
551 1070 769 1103 Monendum
814 1072 892 1103 erat

187 1122 336 1162 propter
370 1129 561 1161 perversas
596 1119 767 1153 lectiones
797 1129 890 1153 sene—

186 1170 285 1202 ctutis
300 1170 458 1210 placidae
481 1171 517 1202 et
534 1170 707 1210 placidam
735 1171 887 1209 quietem.

192 1238 228 1242 —
253 1220 294 1251 V.
322 1219 353 1251 l.
391 1219 497 1260 igitur
522 1220 629 1252 huius
652 1220 820 1261 strophae
844 1219 891 1252 ad

187 1269 408 1300 iuventutem
424 1268 589 1309 refertur,
610 1278 644 1301 v.
659 1269 691 1301 2.
708 1269 753 1301 ad
769 1278 887 1309 senes,

187 1317 318 1358 quibus
348 1318 417 1350 hae
450 1318 548 1360 ipsae
580 1327 708 1360 preces
748 1319 888 1359 egregie

185 1367 328 1409 placere
353 1367 552 1407 debebant3
588 1377 622 1400 v.
647 1368 667 1400 3
691 1369 727 1399 et
749 1367 781 1400 4.
808 1368 890 1400 uni-

185 1425 332 1450 versum
344 1417 515 1458 populum
525 1419 721 1450 Romanum
733 1417 891 1459 comple-

185 1468 348 1505 ctuntur3
385 1475 456 1507 qua
479 1466 725 1499 distributione
760 1475 888 1508 magna

185 1524 270 1548 cum
298 1518 374 1548 arte
404 1525 492 1548 usus
523 1518 578 1548 est
612 1518 730 1558 poeta.
759 1533 795 1539 -
822 1517 890 1548 Ro-

183 1565 306 1606 mulae]
332 1574 397 1606 pro
414 1566 607 1605 Romuleae,
632 1567 671 1597 ut
693 1565 757 1597 Od.
782 1565 822 1604 4,
847 1567 886 1606 5,

185 1615 217 1646 ⁴.
246 1632 282 1637 -—
307 1615 453 1656 remque]
479 1623 610 1656 «opum
633 1615 885 1647 affluentiam.»

187 1680 223 1686 —
243 1664 450 1705 prolemque]
475 1673 538 1704 que
561 1663 783 1705 colliquescit
803 1673 886 1697 cum

182 1721 216 1745 v.
243 1722 320 1754 seq.
362 1714 413 1746 Cf.
433 1714 496 1746 Od.
515 1713 553 1753 4,
572 1715 612 1753 2,
631 1715 685 1746 22.
704 1714 759 1746 23.

225 1762 343 1795 49-52.
370 1763 537 1804 Quaeque]
558 1764 620 1795 «Et
643 1772 752 1804 quae,
772 1763 885 1796 boves

182 1811 280 1845 albas
305 1813 436 1853 (Verss.
462 1812 583 1853 Sibyll.
604 1813 670 1854 42.)
695 1813 798 1846 vobis
821 1814 887 1846 im-

181 1861 331 1901 molans,
356 1871 420 1895 vos
441 1864 609 1904 precatur
624 1864 815 1903 Augustus,
842 1871 884 1894 ea

182 1914 456 1952 consequatur.»
483 1913 645 1945 Caesaris
661 1912 807 1953 quidem
824 1921 886 1944 no-

181 1971 282 2001 men,
310 1962 388 2002 ipso
412 1963 488 1994 sine
512 1961 622 1994 dubio
647 1963 698 1994 sic
720 1961 881 2001 volente,

180 2019 247 2052 per
289 2013 403 2043 totum
448 2020 595 2044 carmen
642 2013 791 2043 tacetur.
843 2028 879 2033 —

179 2061 298 2101 Longe
322 2070 408 2093 vero
432 2061 616 2102 pulchrior
632 2063 687 2094 est
702 2062 779 2102 ipsa
796 2069 884 2101 quo—

180 2119 250 2151 que
274 2112 448 2143 sententia
470 2120 578 2143 verae
595 2111 700 2143 huius
722 2109 882 2142 lectionis

181 2160 300 2201 (etiam
324 2160 410 2192 Cod.
434 2161 595 2201 Franeq.)
630 2168 740 2201 quam
771 2160 883 2191 inter—

179 2208 335 2251 polatae:
363 2211 721 2250 Quique--lmperet3
747 2209 881 2242 namin

179 2259 236 2291 illa
259 2260 327 2291 hoc
350 2260 456 2292 inest:
486 2268 598 2300 «quae
622 2262 705 2291 vota
729 2258 784 2292 ille
801 2268 882 2292 sus-

179 2310 263 2350 cipit
295 2318 360 2350 pro
405 2309 516 2341 salute
560 2309 699 2351 imperii
732 2309 881 2341 Romani

178 2367 315 2400 proque
328 2360 565 2399 prosperitate
575 2360 722 2392 suorum
735 2359 879 2398 civium,

179 2416 222 2439 ea
245 2409 321 2439 rata
344 2407 473 2446 fiant;»
500 2408 536 2439 in
559 2409 626 2440 hac
649 2406 799 2449 simplex
828 2407 881 2439 rei

179 2457 318 2489 divinae
342 2457 527 2489 faciundae
557 2458 707 2495 mentio;
742 2457 882 2497 imperet

178 2508 298 2538 autem
332 2506 524 2548 explicant:
562 2507 786 2538 «dominetur
816 2506 879 2538 toti

179 2558 355 2588 terrarum
389 2555 510 2595 orbi»,
544 2557 586 2592 rut
616 2555 678 2592 ,0d.
703 2556 741 2595 3,
775 2556 812 2594 6,
842 2556 875 2588 5.

179 2605 488 2646 Interpolationem
522 2614 608 2638 vero
642 2607 757 2638 ortam
792 2613 874 2638 esse

941 975 1092 1015 apparet
1115 981 1159 1006 ex
1174 973 1394 1015 ignoratione
1408 975 1642 1008 constructio-

941 1022 996 1055 nis
1018 1023 1175 1055 venerari
1189 1023 1335 1063 aliquem
1349 1023 1479 1064 aliquid
1495 1024 1546 1064 (ut
1560 1032 1642 1065 pre-
1697 1063 1699 1066 .

941 1073 1027 1112 cari,
1039 1081 1188 1112 poscere,
1200 1072 1385 1113 postulare,
1404 1081 1528 1114 rogare
1543 1074 1640 1115 cet),

941 1130 1034 1162 quae
1068 1130 1111 1153 ex
1142 1122 1340 1164 antiquiore
1363 1122 1548 1155 Latinitate
1581 1132 1642 1156 re-

941 1172 1038 1203 tenta
1055 1172 1111 1203 est
1133 1172 1242 1204 etiam
1256 1171 1302 1204 ab
1318 1172 1358 1205 A.
1376 1172 1529 1205 Caecina
1543 1173 1640 1215 apud

942 1221 1013 1253 Cic.
1039 1221 1086 1253 ad
1109 1221 1204 1254 Fam.
1230 1222 1267 1262 6,
1293 1222 1333 1254 7:
1358 1222 1417 1262 qui
1437 1222 1545 1254 multa
1565 1223 1642 1255 deos

938 1271 1089 1302 venerati
1120 1273 1197 1302 sumt
1227 1274 1348 1303 contra
1379 1271 1449 1304 eius
1478 1271 1637 1311 salanum

941 1319 1064 1360 sicque
1088 1320 1158 1352 Sat.
1176 1320 1215 1359 2,
1239 1320 1278 1360 2,
1305 1319 1387 1354 ⁴24:
1410 1321 1458 1354 Ac
1477 1324 1642 1354 venerata

940 1368 1053 1408 Ceres,
1078 1369 1129 1401 ita
1149 1368 1258 1402 culmo
1279 1373 1431 1411 surgeret
1451 1371 1534 1403 alto.
1563 1372 1635 1404 Sat.

939 1419 978 1456 2,
1005 1418 1041 1457 6,
1066 1418 1106 1451 8:
1131 1418 1170 1451 Si
1189 1427 1332 1451 veneror
1354 1419 1505 1461 (precor)
1521 1420 1641 1453 matus

938 1467 1021 1498 nihil
1041 1467 1172 1499 horum.
1199 1485 1236 1490 —
1253 1467 1426 1509 Anchisae]
1450 1467 1638 1503 Pulchram

937 1517 1114 1549 Anchisae
1131 1516 1177 1549 ab
1193 1518 1312 1550 Aenea
1327 1518 1364 1551 in
1378 1517 1540 1551 humeris
1553 1527 1640 1560 por-

938 1566 999 1598 tati
1022 1566 1215 1607 imaginem
1236 1566 1319 1598 vide
1342 1567 1379 1599 in
1393 1566 1554 1600 Gen-hard
1572 1568 1640 1601 Va-

937 1625 1027 1657 senq.
1066 1617 1123 1648 111.
1157 1617 1196 1648 T.
1229 1616 1388 1649 CCXVII.
1426 1634 1464 1640 --
1500 1617 1640 1650 bellante

931 1666 1043 1706 prior,
1058 1665 1190 1707 wenis]
1210 1666 1357 1706 «itaque-
1365 1665 1419 1698 dis
1439 1665 1638 1701 faventibus

937 1723 1083 1756 semper
1093 1715 1207 1747 victor
1221 1714 1379 1747 hostium
1397 1714 1544 1755 evadat,
1562 1714 1639 1749 cle-

937 1766 1077 1796 menter
1091 1766 1212 1797 autem
1221 1789 1229 1804 ,
1253 1766 1294 1796 ut
1309 1764 1416 1797 decet
1429 1765 1548 1798 virum
1562 1765 1637 1798 for-

935 1815 1009 1846 tem
1024 1815 1158 1855 pariter
1172 1823 1215 1846 ac
1229 1822 1444 1855 generosum
1457 1839 1466 1854 ,
1491 1814 1636 1848 domitis

934 1864 1094 1904 parcat.»
1132 1863 1227 1904 Virg.
1251 1864 1339 1896 Aen.
1366 1864 1406 1903 6,
1431 1863 1517 1897 854:
1548 1865 1637 1897 Par-

934 1921 1008 1944 cere
1039 1912 1191 1944 subiectis
1213 1915 1244 1945 et
1272 1912 1435 1945 debellare
1464 1914 1633 1954 superbos.

934 1963 1038 2003 Prop.
1057 1961 1096 2002 3,
1115 1962 1174 2001 49,
1192 1961 1254 1994 28:
1281 1961 1414 2002 (Minos)
1434 1962 1546 1998 Victor
1560 1967 1636 1996 erae

933 2012 1103 2051 quamvis,
1128 2019 1256 2051 aequus
1275 2011 1313 2043 in
1333 2011 1423 2044 hoste
1442 2012 1518 2053 fuit.

976 2060 1088 2093 54-56.
1106 2060 1232 2100 Medus]
1246 2060 1408 2092 Parthus.
1421 2061 1512 2094 Nota
1523 2070 1634 2103 quam

933 2111 1035 2141 caute
1067 2110 1182 2141 totum
1214 2117 1281 2150 per
1309 2117 1455 2142 carmen
1485 2118 1633 2144 omnem

931 2159 1107 2193 bellorum
1128 2158 1301 2198 civilium,
1326 2168 1420 2201 quae
1442 2160 1633 2203 imperium

931 2208 1196 2248 laceraverant,
1245 2207 1304 2241 vel
1353 2208 1632 2251 occultissimam

932 2259 1151 2291 mentionem
1183 2257 1318 2290 devitet
1349 2266 1392 2290 ac
1425 2257 1471 2291 de
1501 2259 1632 2292 exteris

931 2308 1114 2340 dumtaxat
1151 2307 1353 2340 nationibus
1390 2307 1436 2340 ab
1473 2309 1632 2349 Augusto

931 2357 1074 2391 domitis
1108 2356 1293 2398 loquatur,
1328 2358 1406 2390 tum
1437 2366 1474 2390 v.
1503 2357 1559 2390 57.
1584 2357 1631 2390 de

930 2407 1000 2439 fide
1033 2416 1075 2439 ac
1106 2415 1196 2448 pace
1220 2405 1266 2438 ab
1294 2406 1427 2438 eodem
1454 2406 1629 2439 restituta.

933 2475 970 2480 -
999 2456 1160 2498 Albanas]
1185 2456 1448 2488 «Romanorum
1474 2463 1521 2489 ex
1539 2454 1630 2488 Alba

929 2507 1045 2547 Longa
1069 2507 1263 2538 ortorum.»
1290 2521 1327 2530 -
1345 2504 1516 2546 responsa]
1541 2505 1632 2537 «edi-

927 2558 983 2587 cta
1004 2553 1060 2587 illa
1081 2554 1172 2587 Iulia
1195 2554 1269 2596 (Od.
1291 2553 1331 2594 4,
1357 2554 1417 2594 ⁴5,
1441 2553 1524 2595 22),
1542 2561 1631 2595 quo-

927 2604 1036 2637 modo
1059 2604 1252 2638 seditiones
1274 2603 1458 2638 intestinas
1481 2610 1628 2644 compo—
