1722 2904
211 80 292 122 434

723 79 894 112 HORATII
921 79 946 111 C
954 78 1152 112 ARMINIJM

687 417 1000 460 cml-V
1038 417 1190 458 xv:-

379 533 590 576 Inclusam
619 533 796 574 Danaen
826 531 955 573 turris
987 534 1125 573 a‘enea

376 613 681 670 Robustaeque
711 612 824 655 fores
855 618 898 655 et
926 610 1102 668 vigilum
1131 624 1288 655 canum

375 694 533 738 Tristes
564 692 773 737 excubiae
803 692 1048 735 munierant
1077 692 1181 735 satis

488 774 715 818 Nocturnis
746 774 800 817 ab
835 772 1086 824 adulteris,v
1119 790 1234 816 aaa.
1251 775 1438 832 afmsssj„

1438 831 1468 860 Ἴ

376 881 420 924 Si
450 894 535 923 non
564 879 778 923 Acrisium
798 878 975 936 virginis
1008 877 1181 922 abditae
1637 881 1664 922 5
1707 889 1710 892 ’

294 1007 379 1039 XVI.
406 1007 515 1039 Inser.
540 1003 631 1046 volg.
657 1005 708 1037 Ad
731 1005 765 1037 C.
788 1006 1032 1045 Maecenatem,
1059 1005 1096 1037 et
1118 1004 1170 1037 sic
1191 1003 1328 1037 BbSTc.
1352 1022 1387 1028 -
1414 1005 1445 1037 4.
1471 1005 1600 1038 damin
1621 1006 1659 1038 T.

246 1118 333 1150 XVI.
382 1118 472 1150 Cum
507 1117 722 1149 mirarentur
755 1116 906 1150 fortasse

205 1166 381 1206 nonnulli,
419 1175 483 1198 cur
511 1166 676 1199 Horatius
700 1166 745 1198 ad
777 1174 907 1199 conse—

204 1217 364 1259 quendas
380 1225 468 1258 opes
484 1216 581 1249 haud
597 1215 724 1249 melius
746 1217 907 1248 uteretur

203 1268 343 1307 favore,
370 1275 441 1307 quo
465 1266 643 1307 gaudebat
669 1265 764 1307 apud
785 1267 907 1306 Augu-

204 1319 299 1350 stum
332 1317 367 1348 et
390 1317 652 1356 Maecenatem,
688 1315 743 1348 his
772 1315 816 1347 ita
846 1324 907 1347 re-

204 1366 378 1408 spondet,
416 1366 456 1397 ut
484 1374 549 1397 sua
577 1374 616 1398 se
641 1366 735 1397 sorte
759 1373 906 1406 prorsus

204 1417 413 1449 contentum
437 1423 517 1447 esse
534 1414 774 1454 demonstret,
801 1414 908 1446 adeo-

204 1474 274 1507 que
298 1474 316 1496 a
342 1463 538 1497 maioribus
561 1464 688 1496 divitiis
721 1465 905 1505 tamquam

203 1523 313 1548 onere
352 1514 511 1546 animum
546 1522 651 1546 suum
685 1513 906 1552 abhorrere:

202 1565 299 1607 quod
322 1565 352 1597 si
374 1565 495 1596 tamen
518 1572 678 1604 unquam
712 1563 903 1604 contingat,

202 1616 242 1647 ut
269 1613 370 1656 plura
404 1612 510 1652 velit,
551 1621 590 1645 se
623 1613 658 1645 in
692 1613 905 1646 Maecenatis

201 1665 284 1696 nota
303 1661 514 1695 liberalitate
539 1663 787 1703 acquieturum
811 1671 902 1695 esse.

204 1731 241 1737 -
268 1713 435 1745 «Constat
459 1713 541 1753 post
564 1720 596 1743 a.
621 1712 696 1744 722.
724 1713 906 1753 composi-

201 1764 278 1795 tum
308 1770 406 1801 esse,
443 1761 540 1802 quod
562 1762 668 1803 poeta
690 1760 810 1794 villam
833 1761 905 1794 iam

201 1811 372 1854 possedit.
400 1811 443 1852 (v.
467 1811 520 1842 25.
546 1811 614 1852 39.)
639 1812 829 1844 Praeterea
856 1810 905 1843 nil

202 1861 248 1894 de
272 1862 388 1893 aetate
412 1860 580 1893 scimus.»
606 1861 749 1893 Fuitne.

247 1912 278 1943 4.
295 1910 474 1952 Inclusam]
492 1911 755 1943 Sententiarum
771 1918 902 1943 nexus:

203 1961 369 1993 «Summa
381 1959 529 2001 quidem
542 1959 745 1992 divitiarum
759 1960 812 1992 vis
829 1961 902 1999 est;

204 2012 241 2042 at
264 2009 416 2042 eaedem
440 2010 476 2041 et
503 2008 722 2042 calamitates
754 2009 906 2042 afferunt

203 2061 240 2091 et
263 2067 386 2098 curas3
419 2059 587 2100 quocirca
608 2059 733 2101 paucis
756 2060 906 2091 conten—

203 2110 259 2141 tus
291 2117 357 2150 ego
388 2117 471 2141 cum
494 2109 619 2141 Stoicis
648 2107 732 2140 nihil
756 2109 906 2150 cupien-

203 2158 298 2191 tibus
332 2157 456 2190 sacio.»
492 2176 528 2181 -
559 2158 724 2200 Damae'n]
763 2157 906 2191 Fundus

204 2207 343 2240 fabulae
367 2207 465 2240 Iliad.
483 2204 506 2249 ξ
520 2232 529 2247 ,
547 2207 624 2241 349.
671 2209 761 2240 Tum
784 2207 907 2240 confer

204 2257 392 2290 Simonidis
407 2259 532 2290 notum
547 2256 738 2299 λείψανον
748 2282 757 2298 ,
775 2258 907 2291 Pseud-

204 2307 371 2348 euripidis
394 2308 533 2340 Danaes
560 2306 768 2349 Prologum,
797 2307 906 2350 Apol-

204 2356 274 2389 lod.
300 2358 337 2397 2,
364 2356 402 2396 4,
428 2358 459 2389 4.
498 2358 533 2390 et
555 2356 673 2390 locum
694 2357 905 2399 primarium

204 2407 353 2439 Pausan.
379 2407 417 2447 2,
443 2407 503 2447 23,
530 2408 562 2439 7.
609 2409 745 2440 Aurum
767 2407 804 2440 in
827 2408 904 2440 eius

205 2457 382 2497 gremium
406 2456 630 2490 descendens
644 2467 678 2490 v.
695 2458 783 2490 Mus.
800 2457 901 2490 Borb.

204 2506 245 2537 Il.
271 2506 308 2537 T.
334 2505 387 2538 36.
419 2507 455 2538 et
476 2506 532 2538 XI.
569 2507 606 2538 T.
635 2507 690 2539 2⁴.
724 2525 761 2531 —
800 2507 905 2539 tur-ris

206 2554 328 2596 aenea]
363 2554 526 2596 Sophocl.
555 2556 668 2597 Antig.
697 2555 774 2589 945.
799 2557 904 2589 vocat

206 2602 463 2645 χαλκοδέτους
485 2600 627 2646 αὐλάς,
667 2607 703 2638 et
731 2605 781 2639 El.
813 2606 899 2639 38⁴:

207 2652 405 2699 κατηρεφῆ
431 2655 580 2698 στέγην.
616 2688 619 2692 ,

1000 1117 1033 1149 2.
1058 1115 1232 1158 Robustae]
1259 1115 1542 1149 «firmissimae»
1577 1118 1661 1150 Post

951 1175 990 1200 εν.
1016 1168 1125 1198 aenea
1153 1166 1271 1199 minus
1295 1166 1465 1208 equidem
1479 1167 1661 1208 poeticum

958 1215 1174 1248 crediderim
1189 1215 1258 1248 hoc
1271 1224 1355 1248 cum
1366 1215 1560 1249 Forcellino
1573 1215 1666 1249 aliis?

958 1274 1028 1307 que
1052 1265 1253 1307 explicare:
1282 1274 1355 1298 «ex
1376 1265 1508 1300 robore
1531 1265 1657 1307 factae,

958 1323 1153 1356 quernae.»
1615 1338 1618 1342 .

1001 1364 1033 1397 3.
1058 1363 1091 1397 4.
1119 1365 1248 1407 Tristes]
1272 1373 1433 1398 severae.
1451 1364 1552 1397 Ovid.
1565 1365 1607 1399 A.
1617 1365 1658 1398 A.

957 1413 997 1453 3,
1034 1414 1121 1446 60⁴:
1161 1414 1265 1446 tristis
1296 1414 1448 1446 custodia
1478 1414 1576 1447 semi.
1619 1432 1657 1438 —

955 1463 1165 1505 munierant]
1217 1472 1262 1496 ex
1313 1463 1478 1506 opinione
1526 1462 1662 1497 scilicet

956 1513 1090 1546 Acrisii.
1146 1513 1282 1546 Eadem
1304 1513 1568 1546 constructione
1592 1513 1657 1547 Od.

956 1564 994 1603 2,
1021 1563 1081 1604 ⁴7,
1105 1563 1420 1603 28:81oetulerat,
1451 1562 1518 1595 nisi
1537 1580 1558 1587 -
1577 1562 1662 1595 -lo-

955 1616 1073 1645 nasset.
1114 1630 1151 1636 —-
1186 1612 1366 1655 multaris]
1406 1611 1515 1645 etiam
1542 1612 1589 1645 de
1617 1612 1660 1646 iis

957 1662 1103 1703 dicitur,
1140 1662 1201 1704 qui
1223 1662 1399 1704 virginum
1432 1662 1584 1696 castitati
1606 1662 1660 1695 in-

956 1712 1141 1745 sidiantur.

999 1762 1019 1794 6
1036 1779 1055 1785 -
1070 1761 1103 1794 8.
1151 1760 1332 1803 pavidum]
1372 1759 1508 1794 oraculi
1544 1761 1656 1796 metu,

955 1810 1116 1853 Apollod.
1134 1810 1158 1843 l.
1175 1806 1231 1843 1.;Δ
1245 1810 1610 1857 χρηστηριαζομένῳ
1637 1804 1660 1844 ὃ

954 1858 1048 1901 θεὸς
1062 1856 1140 1903 ἔφη
1151 1857 1389 1904 γενήσεσθαι
1401 1857 1522 1893 παῖδα
1534 1859 1579 1893 ἐκ
1590 1857 1662 1903 τῆς

955 1907 1148 1956 θυγατρός
1158 1934 1167 1950 ,
1185 1905 1232 1950 ὃς
1246 1905 1367 1942 αὐτὸν
1381 1905 1605 1956 ἀποκτείνῃ.
1619 1927 1657 1934 -

953 1961 1027 2002 fore
1041 1959 1140 2001 enim]
1155 1967 1226 1992 «sc.
1236 1958 1431 1991 sciebant.»
1451 1957 1502 1991 Gl.
1519 1958 1606 1992 Cod.
1620 1959 1659 1992 T.

958 2009 1091 2052 «probe
1119 2009 1215 2042 enim
1239 2008 1402 2042 sciebant
1421 2007 1660 2050 dicebantque

955 2060 1048 2092 inter
1063 2068 1103 2092 se
1119 2058 1260 2092 facilem
1279 2058 1355 2091 fore
1374 2057 1511 2091 aditum
1526 2057 1573 2091 ad
1587 2058 1662 2092 vir-

957 2110 1076 2151 ginem
1105 2109 1178 2142 Iovi
1204 2109 1241 2141 in
1271 2116 1399 2141 aurum
1421 2108 1594 2141 mutato.»
1620 2125 1658 2131 —

955 2160 992 2191 in
1001 2158 1160 2200 pretium]
1187 2158 1243 2191 «in
1254 2165 1394 2198 aurum,
1412 2165 1484 2199 quo
1501 2164 1662 2190 corrum-

954 2210 1128 2250 perentur
1142 2206 1345 2251 custodes.»
1374 2205 1605 2248 Asclepiades
1620 2206 1658 2239 in
1707 2226 1715 2230 -

955 2256 1141 2290 Anth.Pal.
1160 2258 1185 2289 Ι.
1203 2265 1239 2299 p.
1259 2257 1345 2289 402:
1370 2253 1462 2296 Ζεῦ,
1479 2251 1544 2288 διὰ
1563 2253 1660 2295 χαλ-

955 2308 1067 2340 κείων
1085 2303 1232 2352 χρυσὸς
1247 2302 1335 2346 ἔδυς
1349 2302 1551 2348 θαλάμων.
1567 2305 1660 2339 Cum

955 2356 1024 2390 levi
1048 2356 1221 2402 εἰρωνείᾳ
1249 2356 1361 2388 totam
1387 2355 1481 2389 hanc
1502 2353 1660 2389 fabulam

955 2407 1082 2438 tractat
1096 2406 1167 2438 iam
1183 2405 1367 2444 Horatium
1385 2405 1504 2438 minus
1518 2403 1657 2439 urbane

952 2456 1169 2498 posteriores
1202 2455 1331 2496 poetae
1362 2454 1478 2496 ipsam
1509 2454 1658 2489 Danaen

954 2515 1041 2539 auro
1066 2506 1272 2547 corruptam
1293 2506 1456 2546 narrant,
1487 2505 1528 2537 ut
1552 2502 1654 2538 ovid.

953 2555 1223 2596 Am.3‚8,33:
1256 2553 1658 2596 scapostquamsapiom
1721 2587 1722 2599 ζ

952 2606 988 2638 in
1016 2614 1160 2638 munera
1186 2605 1276 2638 vonit
1312 2605 1462 2644 adulter,
1500 2602 1657 2636 Prwbuu
1721 2615 1722 2640 i

952 2655 1027 2695 ipsa
1041 2655 1133 2688 sinus
1154 2658 1185 2688 et
1200 2655 1283 2687 dare
1296 2654 1388 2687 iussa
1402 2653 1501 2687 dedit.
1525 2649 1655 2685 Paulus
1720 2652 1722 2655 ’
