1722 2904
245 97 327 141 564-

773 100 944 132 HORATII
967 100 1192 134 CARMINUM

418 202 558 246 Sensit
587 209 630 245 et
660 203 811 246 Troiae
841 218 977 261 prope
1009 204 1144 248 victor
1174 203 1285 247 altae

530 282 705 327 Phthius
735 283 919 328 Achilles
934 319 942 335 ,

419 390 582 433 Ceteris
612 390 769 441 maior,
801 389 877 433 tibi
907 389 1031 433 miles
1063 391 1222 448 impar,

1673 393 1699 433 QG

416 470 546 513 Filius
577 471 773 528 quamvis
805 470 992 513 Thetidis
1023 471 1214 515 marinae

417 551 640 594 Dardanas
669 557 810 594 turres
841 556 1039 608 quateret
1068 551 1292 595 tremenda

535 631 723 689 Cuspide
754 646 938 689 pugnax.

419 737 515 788 Ille,
550 737 742 780 mordaci
772 737 886 780 velut
915 738 998 782 icta
1027 738 1141 782 ferro

416 819 548 862 Pinus
578 824 652 861 aut
680 818 864 875 impulsa
895 833 1131 876 cupressus
1162 821 1300 871 Euro,

1646 822 1698 866 lo

418 898 608 942 Procidit
636 898 719 942 late
750 899 980 956 posuitque
1010 899 1166 943 collum
1196 901 1239 943 in

339 1025 371 1058 6.
398 1033 605 1065 quamquam
627 1025 662 1057 F.
690 1024 740 1065 (Ut
763 1033 845 1062 nos,
872 1025 983 1057 nostri
1001 1026 1153 1067 omnes.)

1181 1043 1217 1049 —
1236 1026 1384 1060 Thetidos
1399 1028 1477 1060 CtF.
1505 1028 1558 1070 (Ut
1571 1038 1653 1068 nos,

289 1073 424 1115 nostri.)
441 1090 477 1097 —
505 1074 558 1106 40.
583 1074 746 1114 impressa
766 1075 792 1106 B
817 1074 853 1106 et
875 1075 1032 1116 quinque
1055 1076 1228 1116 Pottierii;
1253 1077 1390 1119 recepit
1405 1078 1578 1120 Cuningh.
1605 1080 1657 1121 (Ut

292 1133 375 1165 nos,
400 1123 548 1165 bSTcd.)
576 1142 612 1147 —
640 1125 693 1156 Μ.
719 1124 754 1156 in
778 1132 849 1157 om.
875 1123 917 1164 b,
942 1124 1065 1158 Aldus.

247 1237 397 1268 conatus
427 1236 526 1275 erat,
562 1236 602 1267 ut
624 1229 764 1274 ἕλκειν,
803 1230 947 1281 ῥυστά-

245 1288 332 1327 ζειν.
358 1286 506 1326 Egregia
529 1285 620 1326 Tityi
643 1285 795 1326 raptoris
809 1285 948 1326 pictura

246 1337 301 1368 est
322 1336 359 1367 in
382 1334 543 1367 Gerhard
569 1335 708 1376 Vasenq.
734 1335 759 1366 Ι.
786 1335 823 1366 T.
842 1335 943 1367 XXII.

244 1385 327 1417 Eius
361 1383 406 1416 ab
438 1383 597 1425 Apolline
631 1383 808 1416 interfecti
830 1384 946 1425 imago

244 1433 340 1476 apud
373 1433 502 1474 lnghir.
529 1433 615 1465 Gall.
643 1433 714 1465 Om.
739 1434 797 1465 111.
827 1433 864 1465 T.
890 1432 944 1466 84.

288 1483 320 1516 3.
357 1482 390 1515 4.
426 1482 550 1524 Sensit]
589 1491 697 1524 grave
723 1482 877 1515 verbum
900 1483 945 1515 de

243 1542 305 1572 eo,
342 1532 403 1573 qui
427 1531 574 1564 alicuius
597 1533 671 1564 vim
695 1532 857 1573 iramque
882 1541 947 1564 ex—

241 1583 389 1624 peritur.
408 1599 447 1604 —
466 1589 573 1621 prope
586 1581 705 1622 victor]
729 1581 944 1623 interempto

242 1632 406 1664 Hectore.
446 1648 483 1654 —
523 1630 629 1672 altae]
656 1631 758 1662 Hom.
787 1629 884 1662 Iliad.
902 1641 942 1670 ν,

241 1680 304 1712 773
319 1689 326 1711 :
343 1675 460 1720 Ἴλιος
471 1676 636 1722 αἰπεινή.
663 1679 792 1721 Odyss.
806 1691 841 1723 γ,
861 1679 942 1712 43οε

240 1727 437 1776 Πριάμοιο
471 1727 582 1761 πόλιν
605 1727 859 1775 διεπέρσαμεν
882 1729 944 1761 αἰ-

241 1777 330 1822 πήν.
350 1796 388 1803 -
405 1778 552 1820 Phthius]
578 1779 831 1819 Myrmidones,
851 1787 944 1820 quo-

240 1838 322 1861 rum
345 1828 418 1861 dux
441 1829 518 1860 erat
536 1827 709 1868 Achilles,
734 1828 942 1861 Phthiotidis

242 1878 397 1919 regionis
430 1878 467 1909 in
497 1876 679 1910 Thessalia
713 1879 814 1909 erant
842 1878 944 1909 inco-

243 1928 310 1960 lae.
332 1945 368 1950 —
394 1926 675 1959 Pulcherrimam
689 1925 833 1959 Achillis
856 1927 944 1959 ima-

243 1978 364 2018 ginem
386 1976 540 2018 praebet
561 1975 736 2017 Millingen
749 1976 830 2008 Ano.
847 1977 940 2008 Mon.

243 2028 280 2059 T.
312 2026 552 2065 XX-XXIV.,
601 2025 762 2058 Gerhard
802 2026 940 2067 Vaseny.

240 2076 361 2107 111.T.
388 2074 590 2107 CLXXXIV.

285 2126 318 2157 5.
345 2125 376 2156 6.
403 2124 524 2156 Ceteris
538 2123 660 2166 maior]
684 2123 780 2156 Iliad.
801 2123 939 2164 α,412.

239 2169 401 2219 ἄριστος
414 2169 574 2212 Ἀχαιῶν
596 2172 804 2215 appellatur.
825 2191 862 2196 —
886 2173 944 2205 tibi·

239 2224 333 2256 miles
354 2223 482 2264 impar]
507 2222 604 2254 Iliad.
629 2233 678 2262 χ,
703 2223 778 2255 358.
810 2223 943 2256 Hector

239 2272 384 2307 Achiui:
426 2270 570 2318 Φράζεο
605 2270 699 2310 νῦν,
734 2269 792 2314 μή
820 2272 883 2305 τοι
907 2281 944 2304 τι

239 2321 342 2356 θεῶν
362 2319 516 2365 μήνιμα
534 2322 705 2365 γένωμαι
714 2317 860 2365 ι’Ήματι
875 2319 941 2365 τῷ,

242 2367 307 2405 ὅτε
347 2382 389 2404 κε·
386 2373 414 2404 ’ν
455 2382 500 2404 σε
539 2369 664 2418 Πάρις
698 2372 765 2404 καὶ
799 2370 943 2412 Φοῖβος

237 2417 429 2455 Απόλλων
446 2418 611 2454 Εσθλὸν
630 2419 729 2454 ἐόντ’
755 2417 943 2453 ὀλέσωσιν

241 2471 299 2505 ἑνὶ
330 2469 498 2517 Σκαιῆσι
530 2469 715 2523 πύλῃσιν·
754 2471 800 2503 ad
834 2479 944 2512 quem

240 2521 361 2553 locum
383 2516 555 2561 Heynius
558 2520 781 2561 Cyclicorum
805 2522 841 2552 et
863 2521 945 2552 Tra-

241 2572 401 2612 gicorum
424 2569 469 2602 de
492 2569 635 2603 Achillis
660 2571 775 2602 morte
790 2567 943 2612 μύθους

242 2619 402 2661 collegit·
396 2644 403 2658 ,
430 2619 512 2652 addi
528 2621 669 2661 poterat
683 2619 846 2661 Sophocl.
865 2620 943 2652 Phi-

242 2669 324 2701 loct.
343 2669 429 2702 334:
456 2668 647 2711 Τέθνηκεν
670 2664 809 2714 ἀνδρὸς
833 2663 942 2702 οὐδε-

996 1227 1084 1271 νός,
1108 1229 1203 1264 θεοῦ
1228 1230 1259 1264 δ’
1281 1226 1380 1273 ὕπο,
1407 1230 1618 1275 Τοξευτός,
1642 1231 1696 1276 ὦς

997 1279 1175 1323 λέγουσιν
1188 1305 1197 1321 ,
1233 1281 1277 1315 ἐκ
1311 1281 1458 1322 Φοίβου
1481 1282 1627 1326 δαμείς.
1657 1303 1694 1308 -

995 1327 1156 1372 Μύθους
1171 1331 1216 1364 de
1232 1331 1373 1365 Achillis
1399 1333 1543 1366 interitu
1559 1333 1700 1375 collegit

997 1381 1105 1413 etiam
1115 1381 1284 1415 Welcker
1294 1383 1354 1415 Gr.
1371 1383 1531 1425 Traqoed.
1545 1393 1580 1426 p.
1596 1383 1695 1417 ΜΗ».

995 1431 1035 1462 In
1049 1432 1139 1472 Μαε.
1158 1432 1300 1474 Greqor.
1323 1433 1360 1465 T.
1378 1433 1466 1466 XIII.
1482 1432 1650 1474 Achflles,
1676 1443 1698 1467 a

995 1480 1152 1513 Minerva
1168 1481 1321 1522 adiutus,
1347 1482 1478 1515 occidit
1491 1483 1695 1524 Hectorem,

996 1529 1061 1562 sed
1083 1531 1209 1563 victori
1231 1531 1375 1564 iamiam
1401 1541 1487 1565 arcu
1515 1533 1697 1566 minitatur

995 1581 1149 1612 mortem
1165 1580 1300 1623 Apollo.
1325 1581 1468 1615 Achillis
1483 1582 1697 1615 interfectio-

995 1638 1079 1662 nem
1108 1629 1192 1662 vide
1214 1631 1251 1663 iu
1272 1631 1365 1664 Μοη.
1400 1631 1473 1663 dell’
1495 1633 1575 1664 Inst.
1600 1633 1690 1665 I..T.

994 1679 1049 1711 5⁴.
1087 1678 1172 1712 Arm.
1203 1680 1276 1712 dell'
1299 1680 1378 1713 Inst.
1404 1681 1497 1713 arch.
1523 1682 1561 1714 T.
1586 1682 1626 1714 V.
1652 1690 1688 1724 p.

993 1727 1070 1760 224.
1111 1728 1211 1761 Conf.
1245 1729 1291 1761 ad
1312 1738 1347 1761 v.
1374 1730 1428 1762 ⁴⁴.
1465 1748 1502 1753 —
1544 1730 1694 1773 Thetidis]
1715 1766 1722 1769 ,

995 1778 1252 1820 Quinquaginta
1265 1779 1406 1812 circiter
1420 1781 1559 1812 exstant
1574 1781 1698 1813 etiam-

993 1836 1089 1859 nunc
1102 1836 1188 1860 vasa
1203 1829 1311 1870 picta,
1337 1828 1523 1861 Thetidem
1546 1829 1694 1871 eiusque

992 1879 1175 1918 raptorem
1197 1876 1343 1910 Peleum
1370 1878 1468 1909 varie
1491 1879 1696 1919 exprimen-

992 1927 1050 1959 tia.
1069 1927 1157 1959 Vide
1172 1919 1479 1959 Raoul-Rochette
1493 1928 1585 1961 Mon.
1602 1927 1691 1960 inea.

1037 2026 1069 2057 7.
1087 2025 1119 2058 8.
1145 2025 1266 2067 turres]
1283 2023 1464 2072 πύργους.
1477 2044 1513 2050 —-
1527 2027 1692 2069 quateret]

994 2073 1264 2115 «labefactaret,
1311 2074 1370 2108 vel
1403 2076 1480 2108 sine
1514 2076 1666 2117 imagIne
1682 2101 1690 2115 ,

992 2125 1133 2156 ruinam
1176 2125 1219 2157 iis
1264 2125 1503 2165 minItaretur,
1545 2134 1693 2167 puqnaoe

988 2174 1166 2230 fit-spicio»,
1203 2174 1249 2207 de
1283 2183 1353 2216 qua
1386 2174 1483 2207 Iliad.
1517 2184 1559 2215 τ,
1595 2175 1684 2207 387:

988 2218 1053 2255 Ἕκ
1089 2222 1121 2255 δ’
1159 2219 1237 2281 ἄρα
1273 2221 1457 2270 σύριγγος
1493 2222 1688 2282 πατρώϊον
1718 2231 1722 2265 g

993 2271 1179 2305 ἐσπάσατ’
1213 2268 1351 2316 ἑγχος,
1386 2271 1531 2329 Βριθύ,
1566 2274 1690 2317 μέγα,
1717 2267 1722 2319 ξ

993 2319 1196 2378 στιβαρόν·
1232 2320 1278 2354 τὸ
1307 2321 1381 2365 μὲν
1404 2318 1450 2355 οὗ
1475 2320 1601 2356 δύνατ’
1623 2315 1722 2379 dii-¹

993 2371 1060 2412 λος
1089 2367 1248 2411 Ἀχαιῶν
1280 2370 1468 2413 Πάλλειν,
1504 2369 1603 2405 αλλά
1624 2382 1716 2415 μιν

994 2419 1077 2462 οἷος
1114 2421 1297 2454 ἐπίστατο
1334 2420 1454 2464 πῆλαι
1491 2418 1690 2463 Ἀχιλλεύς.

993 2470 1116 2504 Florus
1131 2472 1168 2510 2,
1195 2471 1236 2510 9,
1263 2472 1298 2503 4:
1323 2470 1464 2503 Fulvius
1478 2470 1691 2504 Ambraciam

991 2520 1202 2553 --machinis
1217 2521 1335 2560 quatit.
1363 2519 1437 2562 (Alii
1459 2521 1578 2553 minus
1592 2522 1690 2554 recte

993 2570 1162 2611 Iungunt:
1189 2570 1322 2610 cuspide
1344 2573 1510 2610 quateret,
1533 2578 1688 2611 pugnam,

993 2620 1050 2651 cui
1066 2618 1212 2660 quidem
1234 2620 1418 2651 iuncturae
1441 2620 1615 2661 repugnat
1632 2619 1690 2652 vel

992 2669 1067 2710 ipsa
1092 2677 1241 2701 caesura
1256 2694 1263 2708 ,
1288 2677 1356 2702 nec
1366 2677 1511 2711 puynax
1526 2669 1577 2702 sic
1593 2668 1688 2701 nude
1708 2666 1722 2708 ξ
