1722 2904
228 80 310 122 580

747 79 917 112 HORATII
942 79 1167 113 CARMINUM

398 183 689 241 Mavortisque
720 197 855 240 puer,
890 183 924 225 si
956 181 1221 225 taciturnitas

401 264 605 308 Obstaret
634 264 796 307 meritis
828 262 971 306 invida
1000 261 1201 306 Romuli?

398 347 603 403 Ereptum
633 345 793 402 Stygiis
825 343 1026 387 fluctibus
1055 344 1246 386 Aeacum

1629 342 1683 384 25

401 427 543 471 Virtus
576 432 618 469 et
647 426 768 469 favor
797 432 839 468 et
868 424 1014 481 lingua
1042 422 1281 480 potentium

400 509 553 551 Vatum
583 506 787 550 divitibus
818 511 1044 549 consecrat
1073 503 1236 547 insulis.

396 588 582 645 Dignum
611 587 739 630 laude
769 586 909 628 virum
938 586 1059 628 Musa
1088 591 1204 628 vetat
1231 585 1366 628 mori:

402 668 532 722 Caelo
563 669 685 711 Musa
713 667 826 710 beat.

399 749 566 807 Optatis
598 747 738 805 epulis
767 747 951 805 impiger
979 746 1210 796 Hercules,

887 666 959 709 Sic
989 666 1101 709 Iovis
1132 666 1310 709 interest

1628 746 1682 788 30

400 829 572 874 Clarum
603 827 875 887 Tyndaridae
906 827 1027 871 sidus
1057 827 1111 871 ab
1142 827 1297 870 infimis

398 912 590 963 Quassas
621 909 808 966 eripiunt
837 908 1103 966 aequoribus
1132 913 1247 952 rates
1265 943 1274 958 ‚
1316 933 1323 936 -

318 1044 373 1077 25.
397 1042 555 1084 Aeacum]
581 1050 725 1082 aequum
747 1042 784 1073 T.
815 1059 851 1064 —
876 1040 931 1073 26.
951 1049 1064 1081 pavor
1086 1040 1123 1071 T.
1153 1057 1189 1063 -
1215 1039 1269 1072 29.
1293 1039 1417 1072 beatus.
1443 1039 1499 1072 Sic
1522 1040 1558 1072 T.

226 1163 391 1194 maneret
405 1162 513 1194 etiam
528 1159 716 1200 Romulus,
742 1160 809 1192 nisi
833 1158 930 1191 cele-

228 1211 353 1244 bratus
378 1212 475 1243 esset
497 1219 518 1243 a
539 1210 677 1252 poetis,
716 1210 928 1252 praesertim

225 1261 271 1293 ab
289 1261 400 1293 Ennio
417 1259 513 1302 apud
530 1259 603 1292 Cic.
629 1259 674 1291 de
695 1260 780 1301 Rep.
806 1261 842 1299 4,
860 1258 896 1292 44
917 1268 925 1290 2

226 1311 253 1343 O
278 1310 439 1349 Romule,
463 1309 600 1341 Romule
631 1309 704 1349 die,
737 1309 875 1349 Qualem
899 1311 929 1340 te

218 1360 359 1401 patriae
392 1360 559 1391 custodem
589 1359 623 1390 di
652 1360 862 1400 genuerunt!
902 1358 928 1390 0

219 1413 345 1451 pater,
385 1418 404 1440 ο
437 1409 591 1450 qenitor!
641 1417 660 1440 ο
694 1417 844 1450 sanyuen
878 1409 928 1440 dis

222 1459 424 1492 oriundum!
439 1475 477 1481 —
494 1458 541 1490 Tu
551 1458 747 1498 produxisti
761 1467 821 1490 nos
835 1458 928 1490 intra

223 1509 360 1542 luminis
382 1516 471 1540 oras.
501 1525 537 1531 —
578 1507 606 1539 si
629 1508 843 1540 taciturnitas
866 1507 928 1539 Ob-

220 1561 325 1591 staret
339 1575 358 1580 —
372 1556 499 1598 invida]
527 1557 582 1588 «Si
596 1557 730 1598 posteri
752 1556 860 1589 invidi
881 1557 926 1589 de

223 1616 267 1640 eo
303 1607 531 1639 tacuissent.»
570 1605 639 1638 Cfr.
669 1606 732 1638 Od.
751 1605 791 1646 4,
809 1607 847 1646 9,
865 1606 923 1639 33;

222 1657 342 1689 lividas
370 1655 562 1687 obliviones.
588 1654 768 1687 Victorem
785 1664 806 1687 a
820 1658 927 1697 poeta

222 1705 444 1738 celebratum
460 1701 621 1747 σιγαλὸν
635 1700 859 1746 ἀμαχανίαν
869 1701 928 1751 ἕρ-

220 1766 275 1799 γῳ
299 1752 475 1798 φυγόντα
501 1756 605 1787 vocat
627 1754 798 1788 Pindarus
821 1756 923 1796 Pyth.

263 1854 306 1886 25
326 1871 347 1877 -
366 1854 420 1885 27.
467 1853 631 1893 Aeacum]
676 1853 737 1894 qui
774 1853 925 1886 immor-

220 1902 342 1936 talitati
388 1903 618 1935 consecratus
663 1911 771 1944 saepe
810 1902 926 1935 laudi-

219 1953 289 1985 bus
306 1951 544 1984 celebratura
560 1951 712 1984 Pindaro
723 1977 731 1991 ,
759 1951 838 1984 loco
857 1953 926 1985 im-

218 2002 343 2044 primis
379 2000 524 2034 notabili
565 2001 688 2034 Isthm.
728 2002 747 2034 7
785 2001 839 2043 (al.
877 2002 922 2043 8),

220 2051 275 2084 23.
288 2076 295 2090 ,
321 2050 384 2082 ubi
401 2050 445 2082 de
463 2059 506 2083 eo
523 2049 624 2082 dicit:
656 2046 679 2082 ὃ
695 2050 762 2083 καὶ
775 2049 925 2093 Δαιμό-

218 2109 330 2132 νεσσι
360 2097 469 2140 δίκας
488 2097 689 2145 ἐπείραινε.
722 2117 758 2122 -
798 2101 925 2142 Virtus]

221 2150 295 2182 «vis
326 2149 474 2190 ingenii,
511 2148 660 2181 facultas
689 2150 863 2190 poetica.»
884 2168 918 2174 -

213 2198 418 2239 potentiwm]
454 2199 495 2230 ut
527 2197 591 2230 Od.
618 2198 658 2238 3,
684 2198 745 2239 30,
773 2199 838 2231 ⁴2:
881 2208 925 2231 ex

219 2247 336 2280 humili
347 2250 474 2288 potens.
521 2248 670 2279 Potentes
684 2248 768 2280 sunt
780 2249 920 2289 poetae,

221 2298 398 2338 quatenus
446 2295 749 2329 immortalitatem
788 2297 922 2330 donare

219 2347 383 2388 possunt.
412 2364 449 2370 —
475 2346 661 2378 divitibus-
676 2346 803 2388 insulis]
831 2346 924 2379 «for-

219 2395 384 2427 tunatis».
432 2395 489 2427 Sic
519 2395 591 2428 iam
626 2396 738 2437 Epod.
776 2396 838 2436 ⁴6,
866 2396 920 2429 42.

219 2441 289 2484 τὰς
310 2441 497 2490 μακάρων
523 2442 670 2487 νήσους
699 2446 920 2477 vocarat.—

219 2494 401 2536 consecrat]
420 2495 568 2526 Sanctae
587 2495 682 2527 enim
697 2495 780 2527 sunt
797 2503 922 2526 omnes

220 2542 328 2583 Elysii
351 2543 513 2576 umbrae.
551 2543 623 2575 Cic.
653 2542 739 2575 Phil.
771 2543 831 2583 ⁴4,
857 2544 919 2576 42:

219 2592 411 2633 fortissimi,
447 2593 526 2625 dum
547 2593 695 2633 vixistis,
732 2602 821 2625 nunc
843 2601 922 2625 vero

221 2642 321 2674 etiam
343 2642 542 2674 sanctissimi
563 2642 693 2674 milites.
719 2643 854 2675 Seneca
877 2642 921 2674 de

978 1158 1118 1191 Provid.
1133 1159 1173 1191 2:
1197 1159 1292 1192 Mors
1305 1158 1378 1191 illos
1392 1162 1582 1199 consecrat,
1600 1168 1679 1200 quo-

977 1217 1055 1241 rwm
1083 1209 1212 1241 emitum
1238 1211 1270 1240 et
1296 1209 1354 1249 qui
1382 1208 1498 1241 timent
1524 1209 1676 1242 laudant.

1021 1258 1064 1290 28
1080 1276 1099 1281 -
1115 1257 1168 1291 34.
1193 1261 1284 1290 vetat
1296 1258 1400 1300 mori]
1427 1258 1529 1290 «Eius
1545 1267 1678 1291 nomen

978 1307 1121 1339 interire
1143 1315 1327 1348 nunquam
1342 1307 1459 1340 sinit.»
1479 1323 1515 1330 —
1547 1308 1645 1340 Caelo
1660 1326 1680 1332 -

977 1356 1061 1396 beat]
1099 1357 1155 1389 «in
1190 1356 1289 1389 caelo
1321 1356 1534 1390 collocatum
1561 1357 1680 1390 reddit

976 1405 1158 1438 beatum.»
1184 1407 1272 1448 Epp.
1292 1406 1324 1446 4,
1344 1406 1397 1446 48,
1416 1407 1477 1438 75;
1494 1408 1634 1440 Munere
1647 1411 1678 1440 te

971 1465 1082 1496 parvo
1106 1455 1183 1488 beet.
1226 1455 1335 1497 (ovid.
1363 1464 1406 1488 ex
1433 1457 1544 1489 Ponto
1570 1456 1613 1497 4,
1641 1457 1676 1497 8,

976 1507 1018 1538 55
1035 1515 1042 1536 :
1066 1506 1112 1537 Di
1128 1514 1258 1546 quoque
1271 1505 1492 1546 carminibus,
1516 1507 1544 1538 si
1557 1506 1612 1547 fas
1633 1510 1679 1539 est

976 1556 1098 1595 dicere,
1113 1554 1227 1597 fiunt.)
1253 1572 1289 1579 —
1318 1555 1385 1595 Sic]
1409 1564 1476 1597 per
1490 1557 1679 1597 poetarum

977 1605 1146 1636 carmina.
1175 1621 1211 1627 —
1249 1604 1394 1645 Optatis]
1421 1603 1487 1636 «ab
1511 1604 1677 1638 omnibus

975 1654 1060 1687 viris
1094 1654 1295 1695 generosis,
1347 1654 1407 1696 qui
1452 1653 1563 1687 rebus
1601 1655 1676 1688 suis

976 1704 1086 1745 gestis
1103 1704 1148 1736 ad
1164 1703 1467 1736 immortalitatem
1483 1704 1675 1746 aspirant.»

976 1754 1201 1791 Hermannus
1234 1754 1271 1786 in
1299 1762 1390 1786 nova
1422 1762 1486 1786 sua
1510 1754 1678 1787 carminis
1709 1764 1713 1768 ·

977 1804 1243 1836 constitutione:
1271 1802 1406 1835 oblatis.
1434 1821 1471 1827 —
1509 1803 1675 1846 Hercules]
1702 1803 1704 1806 '

975 1852 1254 1886 Pulcherrimam
1275 1852 1466 1894 imaginem
1477 1852 1638 1886 Herculis
1655 1862 1677 1885 a

974 1903 1056 1935 Iove
1071 1903 1107 1934 et
1117 1902 1270 1938 Victoria
1286 1902 1322 1933 in
1338 1900 1437 1934 caelo
1448 1903 1584 1944 recepti
1593 1902 1675 1935 vide

975 1951 1072 1993 apud
1088 1950 1248 1983 Gerhard
1264 1952 1400 1992 Vaseny.
1415 1951 1457 1983 Π.
1477 1952 1515 1984 Τ.
1531 1952 1673 1984 CXLIII.

977 2020 1013 2025 —
1052 2001 1280 2040 Tyndaridae]
1313 2000 1440 2033 Castor
1473 2002 1509 2033 et
1534 2000 1673 2042 Pollux,

972 2051 1097 2091 fratres
1128 2050 1288 2089 Helenae,
1315 2049 1427 2081 lucida
1448 2050 1579 2090 sidera,
1609 2051 1672 2083 Od.

975 2100 988 2131 4
1006 2125 1013 2139 ,
1033 2099 1072 2139 3,
1089 2100 1121 2132 2.
1151 2117 1187 2122 -
1213 2098 1256 2131 ab
1277 2099 1410 2140 infimis]
1434 2099 1568 2132 Eadem
1593 2109 1676 2133 con-

974 2149 1120 2181 structio
1156 2148 1264 2180 etiam
1297 2148 1333 2180 in
1360 2157 1469 2190 prosa
1500 2149 1672 2182 oratione.

973 2197 1119 2230 Rutilius
1142 2199 1229 2239 Lup.
1254 2198 1295 2237 2,
1321 2197 1364 2230 4:
1403 2201 1442 2230 ut
1469 2206 1503 2230 se
1531 2207 1555 2230 a
1577 2199 1675 2231 calu-

972 2247 1193 2279 mniatoribus
1215 2247 1378 2287 eripiatis.
1424 2247 1526 2280 Idem
1545 2248 1583 2288 2,
1607 2248 1670 2281 ⁴6:

972 2297 1076 2329 socios
1097 2300 1228 2329 nostros
1249 2298 1288 2329 de
1309 2297 1465 2329 servitute
1478 2298 1671 2337 eripuimus.

977 2365 1012 2369 —
1039 2346 1196 2402 eripiu‘nt]
1221 2346 1370 2378 Tbeocr.
1395 2347 1459 2387 22,
1489 2346 1547 2378 47ε
1584 2343 1673 2378 Ἀλλ’

972 2391 1097 2438 ἔμπας
1135 2391 1245 2438 ὑμεῖς
1281 2405 1323 2439 γε
1360 2395 1427 2428 καὶ
1463 2394 1507 2428 ἐκ
1543 2393 1671 2434 βυθοῦ

973 2439 1101 2477 ἕλκετε
1135 2443 1232 2485 νᾰας
1264 2440 1448 2485 Αὐτοῖσιν
1487 2443 1672 2492 ναύτῃσιν

973 2491 1169 2537 ὀὶομένοις
1180 2493 1402 2526 θανέεσθαι.
1418 2480 1668 2536 Eurip.E123ctr.

972 2543 1058 2576 99οε
1097 2541 1255 2599 κούροιν
1277 2540 1392 2584 Διός,
1417 2542 1457 2574 οἳ
1477 2540 1671 2589 φλογερὰν

972 2592 1093 2647 αἰθέρ’
1117 2591 1158 2625 ἐν
1170 2588 1341 2650 ἄστροις
1361 2592 1543 2632 Ναιουσι,
1575 2591 1671 2638 βρο-

972 2639 1047 2674 τῶν
1081 2641 1122 2674 ἐν
1157 2638 1251 2683 ἁλὸς
1273 2638 1424 2688 ῥοθίοις
1447 2638 1568 2685 Τιμὰς
1591 2651 1670 2674 σω-
