1722 2904
200 68 282 109 446

712 68 882 100 llORATll
908 68 1131 101 CARMINUM

645 413 959 455 cmlv
996 413 1208 453 xm

372 530 400 570 F
404 541 535 578 aune,
567 527 861 585 Nympharum
891 526 1127 583 fugientum
1157 532 1340 575 amator,

371 610 453 651 Per
482 622 603 651 meos
634 607 741 651 fines
772 614 815 651 et
843 607 989 664 aprica
1018 621 1121 650 rura

371 689 497 733 Lenis
528 689 707 732 incedas
738 688 960 746 abeasque
990 688 1134 746 parvis

484 771 660 827 Aequus
692 769 874 812 alumnis
892 803 900 820 ‚

372 876 415 919 Si
446 882 568 918 tener
597 874 724 932 pleno
755 874 870 919 cadit
899 873 1066 918 haedus
1097 888 1229 926 anno,
1627 877 1653 918 5

289 995 405 1027 XVIII.
431 995 540 1027 Inscr.
566 993 657 1036 volg.
681 994 732 1027 Ad
754 995 919 1027 Faunwm.
948 1012 986 1018 —
1010 994 1061 1027 Ad
1082 995 1238 1028 Faunum
1259 996 1356 1029 deum
1377 996 1449 1037 BT,
1480 995 1610 1038 quibus

246 1044 269 1076 b
294 1044 391 1076 addit
422 1048 603 1086 agrestem,
638 1053 658 1077 c
682 1045 875 1086 ayrestiwm.
911 1063 947 1067 ——
977 1045 1010 1078 2.
1033 1045 1111 1087 finis
1139 1046 1177 1078 B.
1206 1062 1244 1069 —
1270 1045 1301 1078 3.
1328 1046 1494 1086 adeasque
1514 1046 1607 1078 B.—

245 1095 278 1126 5.
304 1095 399 1126 cadet
422 1095 455 1126 S.
484 1094 565 1135 (non
588 1094 740 1135 Bchd.)

245 1199 361 1231 XVIII.
384 1200 544 1240 Hymnus
562 1199 596 1231 in
613 1200 783 1239 Faunum,
803 1199 903 1232 cuius

203 1249 279 1281 dies
305 1247 415 1281 festus
438 1249 545 1281 Nonis
568 1248 830 1281 Decembribus
847 1257 905 1280 ce-

202 1297 409 1330 lebrabatur
433 1298 476 1339 (v.
502 1298 566 1339 40).
604 1298 758 1330 Carmen
783 1299 903 1330 tamen

203 1348 441 1389 compositum
471 1347 612 1388 fingitur
644 1356 713 1379 non
742 1346 904 1379 Faunali-

203 1397 273 1430 bus
290 1397 393 1438 ipsis,
419 1397 485 1429 sed
500 1406 566 1438 per
581 1398 755 1429 aestatem
771 1397 900 1439 potius,

204 1446 239 1478 id
263 1446 361 1487 quod
384 1446 556 1487 colligitur
587 1456 630 1478 ex
652 1456 685 1478 v.
712 1447 751 1478 3:
784 1446 904 1487 parvis

203 1496 359 1528 alumnis.
387 1496 473 1537 (Quo
490 1498 652 1538 tempore
667 1496 904 1538 compositum

204 1546 263 1586 sit,
290 1546 520 1586 ignoramus.)

249 1596 279 1627 l.
305 1595 537 1635 Nympharum
557 1596 743 1637 fugientum
758 1595 902 1636 amator]

204 1645 345 1677 Servius
383 1645 417 1676 in
453 1645 671 1677 Centimetro
705 1653 785 1686 pag.
826 1644 901 1676 376.

204 1693 308 1726 Gaisf.
322 1703 328 1725 z
358 1695 489 1735 Faune,
506 1695 741 1735 Nympharum
755 1697 860 1726 metus
875 1697 905 1726 et

202 1744 366 1784 voluptas.
398 1745 454 1776 Sic
489 1744 534 1776 de
565 1745 712 1785 Syringe
741 1753 761 1775 a
790 1745 901 1783 Pane,

204 1801 361 1834 quocum
390 1794 501 1825 Latini
526 1795 684 1826 Faunum
707 1792 905 1825 confunde-

204 1842 307 1882 bant,
341 1844 479 1884 captata
511 1843 608 1875 Ovid.
638 1843 720 1876 Met.
747 1844 784 1883 l,
817 1842 901 1874 704:

203 1893 247 1924 Et
271 1892 427 1932 precibus
448 1893 565 1933 spretis
592 1893 716 1934 fuqisse
738 1901 803 1933 per
825 1892 906 1924 avia

204 1942 405 1982 Nympham.
427 1942 556 1984 (Eurip.
571 1941 647 1975 Hel.
663 1942 738 1975 ⁴87:
756 1939 905 1984 Νύμφα

205 2000 263 2031 τις
281 1986 346 2023 οἷα
360 1991 457 2032 Ναὶς
467 1987 595 2037 Όρεσι
610 1989 767 2034 φυγάδα
781 1988 904 2033 νόμον

207 2041 308 2073 ἱεῖσα
330 2038 485 2087 γοερόν,
506 2038 594 2073 Ὑπὸ
609 2039 651 2074 δε
666 2044 821 2097 πέτρινα
835 2037 907 2083 μύ-

206 2101 307 2130 χατα
339 2088 463 2134 γύαλα
493 2089 625 2131 Πανὸς
655 2086 808 2134 ἀναβοᾶ
836 2086 906 2133 γά-

204 2151 316 2183 μους.
357 2140 472 2173 Schol.
498 2141 575 2173 Vat.
609 2140 655 2172 ad
683 2140 841 2172 Rhesum
868 2148 903 2171 v.

206 2191 267 2223 36.
299 2189 340 2222 ἑν
361 2193 443 2230 τοῖς
466 2185 573 2236 ὄρεσι
588 2207 607 2213 -
622 2208 641 2213 -
655 2185 752 2221 {swa
775 2184 797 2220 ὁ
819 2185 906 2220 Πὰν

206 2234 290 2282 ἅμα
319 2243 403 2280 ταῖς
433 2237 617 2283 Νύμφαις
647 2240 799 2285 συρίζει.
847 2240 906 2270 In-

207 2290 350 2331 scriptio
389 2290 480 2322 antri
518 2290 658 2330 Corycii
690 2290 725 2321 in
758 2289 907 2321 Ausland

208 2339 304 2372 4840.
331 2347 410 2380 pag.
430 2339 512 2371 495:
538 2337 782 2371 ΕΤΚΡΑΤΗΣ
802 2341 806 2377 Ι
827 2335 907 2370 ΑΛ-

206 2387 421 2420 ΚΙΔΑΜΟΤ
443 2391 447 2427 Ι
473 2387 742 2421 ΑΜΒΡΤΣΙΟΣ
761 2391 766 2427 1
792 2387 906 2419 ΣΥΜ-

206 2438 508 2471 ΠΕΡΙΠΟΛΟΙΣ
524 2437 666 2476 ΙΠΑΝΙ
677 2436 905 2470 ΝΥΜΦΑΙΣ.

208 2487 491 2520 pulcherrimum
534 2489 641 2520 Fauni
679 2487 907 2520 simulacrum

210 2538 386 2578 Pompeiis
410 2538 592 2578 repertum
615 2538 650 2569 in
672 2538 785 2570 Museo
807 2537 906 2569 Borb.

211 2586 265 2617 IX.
292 2587 328 2618 T.
347 2585 415 2625 424
441 2586 527 2618 item
550 2587 687 2619 Faunus
707 2587 910 2628 Nympham

953 1198 1208 1232 Herculanensi
1243 1200 1279 1232 in
1323 1201 1436 1234 Muse‘e
1476 1204 1579 1234 secret
1615 1202 1655 1234 de

951 1249 1076 1289 Naples
1098 1249 1134 1281 T.
1154 1249 1222 1288 32:
1249 1250 1364 1292 Satyri
1387 1251 1570 1293 Nymphas
1599 1251 1655 1283 su-

953 1299 1089 1339 gientes
1112 1299 1349 1340 insequuntur
1367 1300 1463 1342 apud
1478 1299 1654 1342 Millingen

954 1347 1068 1380 Cohill.
1095 1348 1131 1380 T.
1158 1347 1204 1388 3.)

997 1397 1028 1429 3.
1047 1396 1078 1430 4.
1104 1397 1210 1439 Lenis]
1229 1393 1371 1444 πρᾷος,
1391 1397 1519 1439 ἱλεως,
1537 1399 1657 1441 propi-

952 1446 1032 1478 tius.
1071 1446 1111 1478 Hi
1128 1447 1223 1480 enim
1239 1447 1286 1479 dii
1303 1449 1460 1488 agrestes
1476 1447 1656 1480 interdum

951 1495 1112 1528 iracundi
1128 1498 1209 1529 sunt
1225 1498 1262 1529 et
1273 1498 1402 1530 acriter
1412 1498 1572 1539 puniunt,
1593 1497 1655 1539 qui

953 1546 993 1578 iis
1018 1545 1244 1587 displicuere.
1270 1548 1418 1580 Theocr.
1438 1547 1474 1587 4,
1502 1548 1560 1580 ⁴6:
1585 1546 1654 1580 τὸν

951 1593 1065 1627 Πᾶνα
1087 1593 1323 1639 δεδοίκαμες·
1348 1614 1367 1620 -
1389 1614 1409 1620 -
1430 1596 1510 1630 ἐντὶ
1531 1594 1573 1629 δὲ
1596 1606 1657 1630 πι-

952 1643 1044 1702 κρὸς
1060 1645 1135 1678 Καί
1153 1646 1193 1678 οἱ
1207 1641 1268 1679 ἀεὶ
1283 1645 1436 1693 δριμεῖα
1449 1643 1550 1685 χολὰ
1566 1647 1655 1679 ποτὶ

951 1691 1026 1741 ῥινὶ
1054 1693 1234 1739 κάθηται.
1258 1696 1388 1730 Plinius
1404 1697 1445 1730 H.
1463 1698 1504 1729 N.
1527 1697 1587 1737 25,
1613 1695 1653 1730 4:

952 1746 1041 1778 Haec
1059 1747 1228 1788 (paeonia)
1245 1748 1394 1779 medetur
1415 1750 1447 1779 et
1460 1747 1657 1780 Faunorum

951 1796 987 1827 in
1003 1796 1110 1836 quiete
1124 1796 1287 1829 ludibriis.
1305 1815 1342 1819 —
1356 1796 1501 1838 incedas]
1516 1797 1656 1830 Faunus

953 1842 1052 1887 (Πὰν
1086 1841 1216 1891 ἀγρῶν
1248 1846 1389 1887 ταμίας
1426 1845 1583 1888 Euripidi
1618 1847 1655 1880 in

953 1894 1003 1927 El.
1029 1894 1118 1935 704.)
1136 1904 1202 1936 pro
1218 1894 1331 1927 lubitu
1347 1895 1455 1928 modo
1471 1895 1530 1928 hic
1546 1895 1655 1929 modo

952 1944 1021 1976 illic
1052 1953 1134 1976 rura
1165 1943 1416 1986 perambulare
1431 1944 1651 1986 ‘fingebatum

954 2002 1071 2035 neque
1088 2002 1174 2026 vero
1191 1992 1243 2026 sic
1260 1993 1427 2036 explicari
1450 1993 1544 2034 licet,
1570 2003 1655 2028 eum

954 2042 1164 2076 Faunalibus
1188 2044 1223 2076 in
1247 2043 1339 2077 Urbe
1356 2043 1546 2078 celebratis
1562 2044 1651 2077 Idib.

955 2092 1056 2125 Febr.
1094 2092 1204 2134 (Ovid.
1238 2094 1329 2126 Fast.
1362 2095 1399 2134 2,
1427 2093 1510 2127 ⁴93:
1544 2094 1656 2126 Idibus

955 2142 1095 2183 agrestis
1118 2142 1250 2183 fwnant
1273 2143 1402 2176 altaria
1422 2143 1560 2186 Fauni.)
1590 2143 1656 2176 ad-

954 2192 1113 2233 venisse,
1161 2192 1278 2225 abisse
1321 2194 1428 2226 Nonis
1458 2192 1650 2226 Decembr.

958 2260 994 2265 -
1013 2242 1134 2282 parvis
1147 2260 1166 2266 -
1181 2242 1335 2284 alumnis]
1360 2243 1409 2275 Ex
1425 2242 1570 2284 antiquo
1591 2241 1656 2275 ali-

955 2300 1026 2332 quo
1076 2292 1270 2333 interprete
1319 2293 1470 2334 petitum
1514 2292 1655 2325 videtur

954 2341 1102 2374 Acronis
1135 2340 1220 2373 illud
1254 2342 1289 2374 et
1321 2342 1459 2375 Comm.
1489 2341 1655 2383 Cruquii:

957 2391 1068 2422 «ruris
1085 2390 1256 2431 vernulis,
1282 2399 1371 2432 quos
1388 2391 1496 2423 Fauni
1511 2389 1654 2424 laedere

956 2439 1167 2479 dicuntum»
1203 2440 1239 2472 id
1269 2440 1367 2482 quod
1395 2439 1525 2482 probat
1547 2441 1655 2473 etiam

955 2489 1122 2521 Bosscha.
1184 2489 1319 2522 Verum
1356 2489 1544 2522 manifesto
1582 2498 1654 2522 non

957 2538 1002 2570 de
1026 2539 1161 2578 vernis,
1195 2538 1260 2571 sed
1284 2538 1329 2571 de
1352 2538 1485 2579 vitulis,
1510 2538 1651 2580 haedis,

957 2587 1054 2628 agnis
1070 2586 1225 2629 loquitur
1245 2588 1367 2630 poeta,
1392 2589 1431 2620 ut
1447 2587 1510 2620 Od.
1527 2586 1565 2628 3,
1588 2587 1652 2627 23,

211 2634 353 2667 basians
392 2636 531 2677 egregie
569 2636 683 2677 pictus
721 2637 755 2667 in
791 2635 907 2668 tabula
958 2637 989 2668 7.
1017 2635 1141 2668 collato
1157 2635 1235 2669 loco
1252 2637 1314 2669 Od.
1335 2637 1371 2677 4,
1391 2637 1449 2677 47,
1467 2636 1499 2669 3.
1525 2637 1654 2669 Contra
