1722 2904
604 75 740 108 uasa.
785 75 915 108 cmii.
939 75 979 107 11.
1426 71 1502 114 66⁴

482 246 966 285 excunsus
1018 247 1076 283 ΙΙ.

688 336 741 367 ΑΒ
762 343 796 366 v.
824 335 877 368 ⁴6.

147 416 283 449 Acron:
325 415 477 455 utendae]
512 423 603 456 quae
626 415 663 448 in
685 416 786 448 aestu
808 413 999 448 velleribus
1021 416 1247 457 premantur,
1281 416 1343 447 aut
1365 414 1506 448 relictas

61 470 212 505 taedio.-
256 470 346 503 Hine
367 469 613 512 Dillenburger
634 471 860 512 interpretari
881 469 1036 503 mavolt:
1074 478 1181 510 «quac
1202 471 1238 502 in
1260 473 1354 503 aestu
1374 471 1508 503 velleri-

61 527 123 559 bus
137 529 380 568 promatur-n,
417 525 571 558 addens:
609 534 762 567 «easque
784 527 870 568 puto
893 534 980 558 oves
1003 525 1181 565 infirmas,
1218 534 1310 567 quae
1332 525 1506 558 vellerum

38 592 40 594 “
62 581 278 623 longitudine
309 582 469 623 et·oopia
493 590 538 613 ne
562 580 715 623 pedibus
738 580 850 613 libere
873 581 1011 623 possint
1031 581 1083 613 uti
1103 580 1377 623 prohihentur»;
1413 590 1506 623 quae

63 636 210 679 quidem
231 637 327 669 notio
350 636 531 678 quomodo
555 637 590 668 in
612 636 764 678 simplici
785 646 820 668 v.
846 637 998 678 infinum
1019 637 1137 669 inesse
1159 637 1294 678 possit,
1326 645 1397 669 uon
1420 637 1506 669 satis

64 692 252 735 perspicio.
298 692 381 726 Mihi
402 700 489 724 vero
511 692 628 724 Acron
651 692 720 724 hoc
741 692 859 733 potius
881 691 1000 724 dicere
1023 691 1178 724 voluisse
1201 692 1358 732 videtur,
1384 691 1507 734 quales

64 756 152 781 oves
182 746 292 780 Alfius
326 746 525 780 tondendas
558 746 626 779 sibi
658 748 851 788 proponat,
894 745 1102 779 incredibile
1136 755 1220 779 cum
1252 746 1450 787 videretur,
1485 756 1506 779 a

64 802 209 836 domino
230 803 308 844 ipso
328 803 444 836 totum
467 811 613 844 gregem
635 802 786 835 tonderi.
834 803 924 843 Ergo
947 802 1087 835 adiicit:
1112 810 1199 835 oves
1215 801 1387 844 (aliquot),
1413 812 1506 844 quae

66 859 102 891 in
124 859 228 891 aestu
248 856 439 891 velleribus
475 858 600 899 (nimis)
635 859 865 899 premantur,
906 859 967 890 aut
995 857 1136 890 relictas
1170 857 1248 899 (per
1269 866 1394 890 casum
1416 867 1508 900 qua-

66 912 292 954 lemcunque)
327 913 511 945 Ιωπίεοπάἰο
545 914 606 953 (sic
640 913 735 945 enim
759 913 913 945 emendo
936 914 1147 955 corruptum
1166 921 1202 945 V.
1227 913 1359 952 metim
1397 914 1507 946 utitur

63 967 121 1001 illa
142 976 232 1001 voce
255 969 394 1002 Comm.
418 968 542 1010 Cruq.)
568 968 690 1000 tondet
716 969 834 1009 (animi
855 969 972 1010 potius
994 977 1104 1010 quam
1126 968 1348 1000 necessitatis
1370 969 1503 1010 causa).

0 1059 1 1062 ,
63 1021 221 1066 Explicat
242 1024 346 1065 igitur
367 1023 559 1056 Scholiasta
582 1024 699 1065 potius
722 1033 756 1055 v
782 1024 892 1056 tondet
912 1033 988 1056 oves
1009 1032 1118 1065 quam
1140 1022 1317 1057 ἐπίθετον
1338 1023 1503 1065 generale

63 1079 226 1121 infimas.
254 1097 291 1102 —
315 1080 483 1112 Ceterum
507 1088 563 1111 vv.
589 1082 649 1111 auc
670 1080 803 1112 relictas
824 1081 934 1112 taedio
957 1088 1028 1112 om.
1054 1079 1117 1111 Ed
1143 1079 1276 1111 veneta
1302 1078 1397 1111 ⁴48⁴.
