1722 2904
630 47 765 80 LIBER.

813 48 943 81 mnu.
968 40 998 80 15
1423 46 1506 89 647

286 151 338 195 Ut
368 150 565 195 assidens
595 150 868 209 implumibus
898 150 1024 208 pullis
1053 152 1144 194 avis

350 231 623 289 Serpentium
638 230 840 294 ‘allapsus
868 232 987 275 timet

1450 234 1505 276 20

289 312 421 370 Magis
450 312 627 361 relictis,
659 306 765 361 non,
797 318 844 355 ut
872 312 1003 361 adsit,
1036 313 1162 355 auxili

343 394 499 436 Latura
527 392 625 450 plus
639 392 968 450 praesentibus:

290 472 493 518 Libenter
522 473 604 517 hoc
632 480 675 516 et
703 487 828 518 omne
858 474 1103 518 militabitur

351 553 514 598 Bellum
543 554 585 596 in
615 561 714 597 tuae
744 568 864 612 spem
895 556 1074 612 gratiae.

290 635 383 678 Non
412 642 458 676 ut
487 634 680 678 iuvencis
709 634 865 692 illigata
894 635 1087 692 pluribus

1450 640 1504 684 25

272 747 278 751 -
344 718 494 758 Aratra
523 715 708 758 nitantur
736 729 853 765 mea,

151 879 206 912 2⁴.
232 882 270 911 ut
290 879 395 918 adsit,
419 878 529 910 auxili
552 878 640 917 BSd,
665 878 787 911 Bland.
813 880 902 916 tres,
928 880 1016 911 Pott.
1044 880 1078 919 ⁴,
1097 880 1133 919 3,
1151 881 1190 920 7,
1208 882 1249 921 9,
1267 883 1315 921 7„
1338 882 1459 922 Aldus,

106 930 224 963 LCtF:
250 932 289 962 ιιι
314 929 358 961 sit
380 927 569 970 (superscr.
593 928 642 969 as)
666 928 702 968 b,
726 931 764 960 ut
784 929 826 960 sit
841 937 879 967 c,
904 930 993 961 Pott.
1017 928 1197 971 plerique,
1219 933 1271 964 uei
1290 933 1334 965 sit
1353 934 1465 966 measti

105 978 263 1012 Blandin.
297 978 476 1011 vetustiss.
490 1003 498 1017 ‚
523 986 615 1011 unus
639 977 842 1017 Pulmanni,
866 977 1002 1020 aliquot
1022 979 1166 1020 Lamh.,
1189 981 1367 1015 Bentleius
1381 1008 1389 1023 ,
1413 985 1464 1016 uti

106 1029 170 1068 είι,
193 1028 303 1061 aemili
334 1028 381 1061 Μ.
425 1028 478 1069 (Ut
498 1036 583 1067 nos,
606 1027 651 1068 J.)
687 1044 726 1050 —
761 1028 814 1060 26.
837 1028 921 1060 meis
950 1028 1071 1067 Bbcd,
1106 1029 1252 1063 Bentleii
1285 1031 1458 1074 plerique,

106 1078 205 1111 LCtJ.
239 1078 293 1118 (Ut
313 1086 378 1111 nos
393 1103 401 1117 ‚
427 1078 461 1117 S,
486 1087 535 1117 x,
559 1085 635 1109 var.
661 1076 741 1110 lect.
766 1088 819 1116 ω,
844 1078 999 1111 Pottierii
1022 1078 1082 1118 ⁴3,
1108 1079 1175 1120 ⁴6.)

60 1235 219 1268 praesens
234 1227 404 1268 praesenti
425 1227 521 1268 eripi.
542 1246 579 1251 —
601 1227 758 1270 allapsus]

62 1275 176 1316 lapan
197 1277 407 1320 serpentum·
427 1278 482 1309 est
495 1277 589 1317 Virg.
607 1278 695 1309 Aen.
719 1278 757 1317 2,

17 1346 27 1370 3
65 1326 142 1358 225.
170 1326 309 1367 Optime
331 1323 571 1372 παραφράζει
585 1325 687 1359 Silius
703 1327 756 1366 ⁴2,

62 1375 126 1407 56:
149 1375 251 1407 tacito
271 1375 301 1407 si
322 1376 368 1408 ad
387 1376 535 1408 cumana
555 1377 761 1409 nteuEvasit

62 1432 206 1464 mens.
226 1443 264 1448 —
279 1428 319 1457 ut
339 1426 437 1467 adsit]
464 1425 565 1458 «licet
587 1434 757 1467 praesens

57 1474 146 1512 ,sit;-
180 1474 231 1506 uti
252 1474 392 1508 omissis
414 1483 471 1507 vv.
494 1478 534 1507 ut
555 1476 642 1507 adsit
669 1475 758 1507 haec

62 1523 235 1556 sententia
250 1524 399 1565 exprimi
420 1525 575 1566 poterat:
598 1534 666 1556 non
680 1534 713 1556 a.
732 1525 753 1556 l.

58 1573 108 1613 pl.
119 1581 280 1613 praesens
294 1574 536 1614 praesentibus.
561 1576 637 1607 Non
656 1583 754 1614 vero,

61 1623 102 1654 ut
118 1621 193 1654 alii:
219 1624 400 1664 «quamvis
422 1625 544 1665 parata
567 1625 612 1656 sit
634 1623 681 1655 ad
703 1623 757 1656 fe-

0 1703 3 1706 ,
61 1671 212 1704 rendam
233 1680 374 1714 opem.»
412 1673 524 1705 Codd.
549 1674 669 1705 autem
691 1681 757 1704 au-

62 1721 206 1754 ctoritas
231 1722 317 1754 satis
339 1722 456 1755 firmat
485 1721 565 1754 lect.
590 1726 627 1754 ut
649 1723 754 1762 adsit,

49 1776 145 1803 ‘cum
173 1771 339 1803 vitiosum
369 1772 414 1804 sit
442 1771 591 1804 aliorum
621 1775 658 1803 ut
689 1772 753 1811 sit,

62 1820 163 1853 cuius
191 1820 365 1852 eorrectio
394 1829 522 1862 parum
552 1819 630 1852 felix
653 1821 755 1853 vide·

62 1871 120 1902 tur
138 1870 189 1902 uti
209 1870 270 1908 ³⁸²5
297 1870 398 1911 peior
420 1871 527 1902 etiam
550 1872 757 1912 interpreta-

62 1919 126 1951 tio:
151 1927 244 1951 -non
257 1919 358 1960 quasi
380 1921 478 1961 optet
492 1920 620 1952 adesse
638 1919 752 1961 pullis,

61 1969 101 2000 ut
131 1967 212 2009 plus
243 1967 359 2000 auxilii
393 1969 444 2001 eis
475 1968 598 2000 ferat.»
643 1969 755 2001 Video

62 2018 169 2050 etiam
183 2016 363 2058 distingui.
398 2018 449 2050 uti
469 2018 531 2057 sit,
555 2018 666 2050 auxili
686 2019 756 2050 La-

61 2070 157 2106 m,
187 2074 271 2099 cum
297 2065 474 2099 Bentleius
497 2068 752 2099 coniunxisset:

51 2116 115 2148 uti
133 2116 177 2147 sit
203 2116 318 2148 latura
336 2117 413 2155 plus
434 2117 555 2148 ata-vili.
597 2115 647 2148 Illi
670 2125 754 2158 ergo

61 2164 247 2198 volebant:
281 2169 320 2197 ut
339 2166 383 2197 sit
398 2175 558 2206 praesens
590 2166 625 2197 in
651 2167 752 2204 nido3

61 2224 187 2248 verum
200 2216 240 2247 ut
255 2215 303 2247 ita
316 2214 534 2257 explicemus
544 2241 551 2254 ,
577 2216 667 2248 haec
679 2217 755 2256 qui-

62 2263 145 2296 dem
167 2263 278 2295 verba
302 2272 368 2305 per
389 2272 430 2296 se
451 2272 522 2296 non
540 2264 750 2303 concedunt,

61 2312 127 2346 sed
148 2313 339 2354 requiritur
359 2316 397 2345 ut
422 2314 521 2345 adsit.

8 2388 11 2389 γ
106 2361 246 2394 23-26.
279 2362 445 2404 Libenter]
482 2363 620 2394 «Totius
649 2362 752 2394 huius

61 2409 144 2443 belli
165 2410 325 2443 laborem
348 2410 472 2450 adibo,
508 2410 602 2443 nullo
628 2411 693 2443 abs
717 2414 750 2443 te

11 2483 15 2487 -
62 2460 221 2502 praemio
240 2462 445 2502 exspectato
458 2485 465 2499 ,
490 2460 555 2492 sed
570 2462 652 2492 tuae
668 2469 751 2501 erga

62 2517 121 2540 me
155 2508 421 2541 benevolentiae
456 2517 520 2550 spe
561 2517 602 2540 ac
636 2509 751 2541 studio

63 2556 225 2590 ductusa»
252 2575 269 2580 -
322 2557 519 2589 militabitur
533 2557 668 2599 Bellmn]
705 2567 750 2590 «a

64 2613 172 2645 me»;
197 2615 287 2639 nove
312 2606 455 2639 dictum.
481 2607 601 2639 Senon.
619 2625 654 2630 —-
677 2608 752 2640 Non

807 1231 844 1259 ut
856 1228 940 1269 cet.]
967 1229 1063 1261 “Non
1073 1227 1201 1270 utplus
1213 1237 1321 1271 quam
1333 1231 1415 1262 ante
1431 1231 1504 1272 agri

807 1277 1045 1318 possideam.»
1075 1279 1237 1318 «Errant,
1265 1280 1325 1320 qui
1342 1280 1407 1312 ista
1427 1289 1504 1313 mu·

807 1323 1006 1360 nificentiffe
1035 1328 1319 1361 Maecenatianae
1353 1329 1501 1370 faciunt,

807 1384 898 1417 quae
910 1377 1056 1418 Augusti
1072 1379 1203 1410 essent.
1211 1389 1227 1406 n
1239 1378 1379 1410 Musca.
1398 1379 1502 1412 Certe

806 1427 926 1458 tamen
950 1435 1016 1468 per
1030 1427 1273 1459 Maecenatem
1296 1436 1338 1459 ea
1361 1427 1503 1460 militiae

806 1476 963 1517 praemia
979 1476 1024 1508 ab
1037 1477 1226 1508 Octaviano
1238 1478 1446 1519 accepisset.
1462 1497 1498 1502 ——

803 1525 972 1567 nitantur]
1021 1526 1247 1558 «incumbant
1293 1527 1330 1560 in
1369 1529 1498 1560 terram

803 1575 1103 1616 proscindendam
1141 1576 1176 1608 in
1214 1585 1302 1609 arvo
1340 1578 1436 1618 gravi
1464 1579 1500 1610 et

804 1624 940 1665 pingui,
987 1625 1150 1666 adeoque
1187 1625 1326 1658 fertili.»
1367 1627 1501 1660 Aratu-is

804 1673 902 1706 nisus
918 1675 1055 1715 poetice
1078 1674 1258 1713 tribuitur,
1283 1676 1343 1716 qui
1358 1677 1500 1718 proprie

804 1722 915 1755 boum
936 1724 1002 1755 est.
1029 1742 1065 1746 —
1085 1723 1251 1766 pluribus]
1273 1725 1387 1757 Varro
1402 1726 1440 1758 R.
1459 1726 1497 1758 R.

806 1772 843 1811 t,
872 1771 934 1804 ⁴9:
966 1772 1003 1804 Si
1028 1773 1176 1805 Saserna
1201 1774 1280 1805 dicit
1302 1783 1431 1815 venun,
1455 1777 1501 1807 ad

802 1825 932 1854 centum
962 1823 1082 1863 iuqera
1107 1823 1224 1864 iugum
1256 1832 1338 1863 opus
1370 1827 1434 1863 est,
1471 1826 1500 1856 si

803 1871 905 1910 Cato,
931 1872 976 1902 ad
996 1875 1166 1912 octogena.
1193 1891 1229 1895 —
1257 1874 1343 1913 mea]
1369 1873 1492 1907 Melius

803 1920 854 1952 sic
880 1919 1006 1961 legitur
1027 1929 1110 1952 cum
1133 1921 1219 1954 Cod.
1245 1922 1394 1963 sangall.
1419 1932 1493 1956 sec.

802 1969 842 2001 X.
856 1993 864 2008 ‚
891 1971 929 2001 ut
950 1978 984 2002 v,
1010 1973 1134 2002 aratra
1161 1970 1291 2003 habeat
1312 1972 1381 2004 hoc
1403 1974 1500 2005 attri-

803 2017 941 2050 butum.
966 2019 1121 2051 Alteram
1142 2019 1333 2053 lectionem
1354 2021 1500 2054 iuvencis

802 2085 820 2091 -
838 2067 993 2107 pluribus
1010 2085 1031 2091 -
1050 2085 1070 2091 -
1088 2069 1171 2101 nmis
1195 2068 1374 2102 Bentleius
1397 2080 1498 2112 upra-

801 2125 883 2148 vam
905 2118 941 2149 et
960 2116 1115 2149 luxatam
1130 2117 1398 2152 collocationem
1412 2129 1496 2152 ver-

801 2165 950 2198 borum»
974 2167 1101 2198 merito
1122 2169 1237 2199 vocat.
1274 2169 1395 2209 Nuper
1416 2170 1496 2210 qui-

802 2215 886 2247 dem
908 2214 1013 2256 Regel
1043 2218 1080 2247 et
1101 2217 1238 2249 Monich
1266 2218 1349 2249 meis
1369 2217 1494 2251 deren-

802 2264 887 2296 dere
911 2265 1027 2296 conati
1061 2267 1163 2304 sunt,
1198 2275 1268 2298 non
1301 2268 1422 2299 tamen
1455 2269 1495 2300 ut

801 2314 886 2345 mihi
903 2314 970 2345 hoc
987 2313 1113 2347 melius
1134 2323 1213 2347 esse
1229 2317 1491 2357 persuaserint;

800 2371 884 2394 nam
917 2363 1046 2395 iuvenci
1068 2363 1293 2404 plures—mei
1326 2365 1493 2398 inconditi

800 2414 906 2452 atque
936 2412 1135 2444 inconcinni
1167 2414 1287 2445 nescio
1314 2414 1399 2455 quid
1427 2415 1493 2447 ha—

799 2459 878 2500 bet,
903 2463 938 2493 et
961 2470 994 2493 V.
1020 2466 1143 2494 aratra
1157 2463 1233 2495 sine
1248 2462 1318 2495 ullo
1332 2462 1491 2508 ἐπιθέτῳ

800 2508 951 2550 languet.
976 2511 1197 2552 Quamquam
1209 2521 1275 2554 pro
1289 2512 1357 2544 hac
1371 2512 1491 2546 lectio-

800 2567 844 2590 ne
867 2559 984 2592 ass'erri
1006 2562 1128 2601 posset
1150 2561 1212 2602 Ep.
1230 2562 1267 2599 2,
1286 2561 1323 2593 3:
1347 2563 1490 2595 Paterna

798 2617 885 2640 rura
908 2608 1006 2641 bobus
1028 2613 1158 2642 exercet
1177 2611 1254 2642 suis.
