1722 2904
674 85 845 118 HORATlI
869 85 1094 119 CARMINUM

327 188 466 232 Verba
496 187 683 231 devolvit
713 189 994 246 numerisque
1024 189 1157 232 fertur

497 271 612 327 Lege
643 269 812 321 solutis,

330 377 416 418 Seu
447 374 553 418 deos
584 388 766 431 regesve
797 374 930 424 canit,
963 374 1146 417 deorum

330 455 613 512 Sanguinem,
646 469 725 512 per
754 468 864 511 quos
897 453 1097 497 cecidere
1128 454 1241 498 iusta

329 537 461 580 Morte
493 535 712 585 Centauri,
746 534 902 578 cecidit
931 534 1182 578 tremendae

1555 536 1611 579 45

498 616 687 660 Flamma
719 616 973 659 Chimaerae
988 630 997 667 3

249 757 301 789 43.
332 764 488 798 regesque
503 754 695 794 BbS,LCtJ.
724 755 775 796 (Ut
797 762 877 793 nos,

207 807 258 838 45.
284 807 369 838 iusto
392 806 503 838 Marte
525 805 665 837 Monch.

161 933 241 972 ptor
278 931 344 972 (VI.
370 938 449 971 pag.
478 929 554 961 763.
581 929 708 970 Reisk.)
741 929 862 970 dithy-

162 980 295 1012 rambis
319 977 472 1022 κόμπον
496 975 700 1021 ὀνομάτων
726 978 858 1011 tribuit.

162 1030 388 1063 Philodemus
412 1029 456 1061 de
476 1029 608 1062 Musica
624 1028 700 1061 Vol.
719 1028 859 1061 Hercul.

162 1081 187 1112 l.
214 1088 292 1122 pag.
312 1080 373 1111 95:
398 1077 590 1125 Πίνδαρος
613 1073 705 1122 οε’ςρη,
728 1076 862 1112 θύσων

163 1127 398 1171 ποιήσεσθαι
428 1126 683 1175 διθύραμβον.
725 1129 862 1171 (Dithy-

160 1178 309 1212 rambus
348 1179 454 1211 etiam
491 1178 528 1211 in
565 1179 713 1211 Genium
751 1179 865 1211 trans-

162 1229 334 1261 formatus
364 1229 419 1261 est
448 1228 484 1260 in
512 1236 598 1260 vase
623 1229 717 1269 picto
739 1227 859 1259 Annal.

162 1278 234 1310 dell'
264 1278 343 1310 Inst.
383 1278 525 1310 archeol.
572 1278 668 1310 4829.
702 1286 737 1319 p.
765 1278 861 1317 398.,

163 1328 254 1362 duce
283 1327 451 1367 fortasse,
483 1329 522 1359 ut
551 1327 742 1359 arbitratur
766 1326 864 1359 Wel-

162 1377 303 1417 ckerus‚
329 1376 521 1417 Aeschylo,
548 1378 608 1417 qui
629 1377 766 1416 Fragm.
785 1376 860 1408 384.

163 1426 280 1459 Dind.:
306 1423 507 1467 Μιξοβόαν
523 1444 575 1450 --
597 1427 730 1472 πρέπει
752 1423 864 1458 Διθύ-

163 1475 317 1522 ραμβον
340 1473 524 1522 ὁμαρτεῖν
544 1473 756 1519 Σύγκοινον
779 1475 864 1508 Διο-

162 1523 281 1569 νύσῳ.
323 1526 392 1558 Cfr.
428 1526 535 1558 etiam
565 1526 726 1558 Cinesiae
750 1521 863 1572 ῥῆσιν

164 1577 198 1608 in
228 1576 405 1617 Aristoph.
431 1578 495 1608 Av.
522 1576 606 1608 4387
630 1575 745 1617 seqq.)

208 1626 261 1658 44.
294 1626 347 1657 42.
389 1626 562 1657 devolvit·
577 1643 596 1648 -
610 1625 736 1666 fertur]
776 1627 864 1657 Per-

164 1678 286 1708 manet
301 1676 336 1707 in
360 1676 520 1717 proxime
544 1675 783 1718 praecedente
800 1676 866 1707 ssu-

164 1725 268 1757 minis
303 1724 541 1757 similitudine.
575 1744 611 1748 —
641 1725 862 1766 numerisque]

165 1774 305 1814 Quintil.
333 1775 369 1814 9,
388 1775 408 1807 li-
422 1800 429 1814 ‚
448 1775 510 1808 45:
559 1775 672 1807 Omnis
694 1777 866 1806 sttmtura

165 1834 206 1857 ac
230 1825 387 1856 dimensio
411 1828 442 1857 et
463 1825 630 1864 copulatio
651 1833 770 1856 vocum
785 1833 868 1856 con—

164 1877 231 1906 stat
253 1877 312 1906 aut
333 1874 481 1906 numeris
501 1873 670 1915 (numeros
690 1869 866 1919 ῥυθμοὺς

165 1925 272 1964 accipi
301 1923 395 1966 volo)
428 1927 490 1955 aut
520 1926 685 1969 μέτροις.
715 1941 751 1946 -
781 1924 866 1965 Leye

165 1973 288 2014 solutis]
314 1975 353 2004 ut
383 1975 479 2005 certe
504 1972 711 2007 iudicabant
733 1973 866 2005 Horatii

166 2022 332 2063 aequales
355 2024 447 2055 inter
466 2024 620 2055 Graecos
638 2025 674 2055 et
689 2025 866 2055 Romanos

166 2073 211 2104 de
247 2072 559 2112 dithyramborum
600 2072 866 2104 Pindaricorum

166 2122 307 2160 metris3
334 2122 431 2162 quod
455 2131 567 2163 genus
590 2124 737 2164 propter
759 2122 867 2154 vehe-

166 2172 378 2204 mentiorem
401 2173 509 2204 animi
532 2174 669 2204 motum
685 2172 868 2213 repetitio-

167 2230 250 2252 nem
262 2230 495 2254 numerorum
507 2221 776 2263 aspernabatur.
791 2220 869 2252 Illu-

167 2271 238 2302 stre
264 2272 504 2304 testimonium
520 2273 680 2313 perversi
696 2271 801 2303 huius
817 2271 869 2302 iu-

167 2319 248 2351 dicii
263 2320 367 2352 affert
378 2321 576 2353 Priscianus
589 2320 634 2352 de
652 2322 755 2353 metr.
770 2327 863 2352 com.

166 2378 200 2409 p.
227 2368 302 2401 449.
329 2370 454 2402 Gaisf.:
489 2371 672 2410 Pindarus,
703 2373 780 2402 teste
801 2369 868 2401 He-

167 2419 294 2450 liodoro
327 2420 463 2451 metrico
493 2420 636 2460 (Horatii
670 2419 800 2452 comite
832 2419 868 2450 in

167 2468 292 2500 itinere
327 2469 554 2511 Brundisino)
587 2465 865 2515 ἀπέστρεψεν,

167 2517 202 2547 id
217 2521 281 2557 est,
306 2519 513 2551 convertit
534 2520 724 2559 rhythmum
746 2518 868 2550 iwmbi-

167 2575 243 2598 cum
276 2568 336 2599 hoc
362 2569 479 2600 modo:
519 2568 672 2609 (Fragm.
707 2568 781 2601 442.
808 2568 864 2600 ed.

168 2617 281 2657 Bergk
305 2626 340 2658 p.
366 2617 456 2657 265.)
481 2619 664 2658 --ltaque
687 2620 771 2658 puto
797 2618 868 2649 Ho-

167 2667 293 2699 ratium
311 2672 451 2708 propter
466 2669 652 2700 huiusmodi
667 2677 780 2700 versus
794 2669 869 2701 Pin-

905 762 941 793 c,
966 750 1072 795 βιξ,χ
1095 752 1195 794 alter,
1221 753 1311 786 Pott.
1337 754 1425 795 sex.)
1453 772 1488 778 -
1515 754 1567 788 ⁴4.

911 929 1046 961 daricos
1071 928 1194 961 dixisse
1219 928 1314 961 Cum
1340 937 1452 969 per·
1466 947 1486 953 -
1506 930 1615 962 solu-

911 980 977 1011 tis.
1018 978 1088 1011 Cfr.
1114 979 1228 1020 Bergk
1256 979 1369 1012 Rhein.
1394 980 1480 1013 Mus.
1506 980 1549 1012 N.
1573 980 1610 1012 F.

956 1078 1088 1111 43-46.
1114 1078 1180 1111 Seu
1213 1078 1304 1120 deos]
1337 1080 1495 1112 Paeanes
1529 1078 1615 1112 dicit

912 1130 948 1161 et
969 1129 1140 1169 hymnos,
1173 1129 1213 1160 ut
1234 1128 1270 1160 in
1291 1129 1433 1169 Iovem,
1455 1124 1613 1172 Ἄμμων

906 1174 1098 1221 Ὀλύμπου
1136 1176 1307 1210 δέσποτα
1344 1179 1380 1210 et
1412 1176 1616 1211 Δωδωναῖε

910 1225 1165 1272 μεγάσθενες,
1200 1223 1456 1274 ἆριστότεχνα
1478 1225 1610 1275 πάτερ.

913 1278 992 1320 (Ed.
1023 1278 1115 1311 Diss.
1146 1286 1182 1319 p.
1212 1278 1288 1310 223.
1326 1279 1363 1310 et
1394 1277 1492 1319 224.)
1537 1279 1613 1311 Iam

912 1328 1036 1360 transit
1055 1326 1102 1359 ad
1117 1324 1299 1370 ἐγκώμια.
1319 1346 1355 1350 -
1370 1327 1514 1370 νθρεευε]
1531 1328 1614 1361 «he-

912 1386 1015 1418 roas,
1057 1373 1266 1420 ἦμιθέους,
1310 1377 1462 1410 deorum
1499 1376 1589 1410 filios
1606 1403 1613 1417 ,

913 1435 1067 1468 quorum
1083 1435 1126 1459 ex
1141 1435 1292 1459 numero
1315 1426 1542 1468 potissimum
1556 1427 1618 1459 Pi·-

912 1477 1079 1516 rithoum,
1094 1476 1284 1516 Theseum,
1299 1474 1445 1508 Peleum
1453 1475 1617 1509 Κενταυ-

913 1523 1123 1573 ροκτόνους
1138 1525 1211 1566 (Od.
1231 1526 1262 1563 4,
1281 1525 1335 1566 48,
1352 1525 1386 1558 8.
1411 1525 1511 1558 ovid.
1529 1526 1614 1559 Met.

914 1576 1042 1616 42,240
1055 1576 1122 1616 sq.)
1142 1576 1178 1606 et
1189 1573 1512 1616 Bellerophontem,
1530 1575 1614 1608 Chi-

914 1635 1058 1658 maerae
1089 1622 1164 1671 πῦρ
1192 1621 1384 1667 πνεούσης
1407 1624 1482 1666 (Od.
1501 1625 1540 1666 2,
1559 1625 1614 1664 47,

915 1675 986 1716 43.)
1025 1674 1307 1714 interfectorem,
1357 1675 1545 1707 memorat.
1576 1681 1613 1698 —‘—

914 1726 1027 1757 Etiam
1051 1733 1175 1765 regem
1190 1723 1258 1757 sibi
1281 1723 1469 1766 aequalem
1491 1723 1618 1756 Pinda-

914 1783 975 1806 rus
998 1773 1163 1806 laudibus
1186 1772 1392 1806 celebravit.
1422 1773 1488 1805 Dio
1505 1773 1618 1814 Chry—

915 1826 1001 1857 sost.
1035 1824 1093 1856 Or.
1125 1825 1157 1856 2.
1181 1832 1219 1865 p.
1250 1823 1304 1856 83.
1330 1824 1392 1855 R.:
1429 1820 1614 1868 ἐπῄνεσεν

911 1869 1152 1918 Ἁλέξανδρον
1189 1869 1259 1905 τὸν
1292 1870 1501 1915 Φιλέλληνα
1534 1872 1618 1906 ἐπι-

915 1921 1106 1966 κληθέντα
1119 1946 1129 1961 ,
1169 1919 1339 1964 ποιήσας
1374 1922 1430 1962 εἰς
1467 1917 1592 1954 αὐτόν
1607 1932 1615 1940 ·

912 1970 1068 2012 Ὀλβίων
1090 1969 1267 2014 ἐπώνυμε
1289 1969 1546 2017 Δαρδανίδων.
1578 1990 1615 1995 -—

914 2023 1004 2054 iusta
1025 2021 1143 2063 Morte]
1168 2022 1315 2063 propter
1337 2022 1514 2063 raptatam
1529 2021 1616 2063 Hip-

914 2071 1131 2113 podamiam,
1150 2071 1295 2103 Pirithoi
1310 2075 1443 2103 novam
1454 2072 1614 2113 nuptam.

916 2121 1014 2153 Ovid.
1033 2121 1114 2154 Met.
1134 2121 1191 2160 42,
1217 2120 1292 2153 223.
1319 2120 1532 2153 Referuntur
1545 2121 1617 2153 huc

917 2171 1053 2211 Fragm.
1079 2169 1133 2203 44.
1160 2171 1197 2202 et
1224 2169 1278 2203 45.
1310 2170 1401 2203 Diss.
1427 2178 1507 2212 pag.
1529 2169 1614 2203 244:

911 2216 1216 2266 Ἀνδροδάμαντα
1237 2218 1266 2252 δ’
1282 2218 1364 2252 ἐπεὶ
1386 2218 1509 2266 Φῆρες
1522 2216 1616 2252 δάεν

916 2266 1031 2316 ῥιπὰν
1052 2268 1252 2312 μελιαδέος
1275 2267 1403 2308 οἴνου,
1425 2265 1614 2312 Ἕσσυμέ-

916 2330 992 2361 νως
1021 2315 1100 2352 ἀπὸ
1130 2319 1203 2362 μὲν
1225 2315 1363 2351 λευκὸν
1385 2316 1485 2362 γάλα
1505 2319 1618 2365 χερσὶ

915 2367 1104 2415 τραπεζᾶν
1117 2365 1274 2408 ὖ’Ξ-Ωθεον,
1298 2364 1515 2411 αὐτόματοι
1527 2366 1559 2400 δ’
1575 2365 1618 2410 ἐξ

917 2415 1111 2465 ἀργυρέων
1126 2415 1295 2464 κεράτων
1309 2417 1492 2459 Πίνοντες
1506 2415 1620 2450 ἐπλά-

917 2471 1039 2510 ζοντο.
1058 2469 1109 2501 De
1123 2469 1308 2501 Centauris
1321 2476 1518 2509 eorumque
1533 2476 1616 2500 cum

917 2519 1071 2561 Lapithis
1110 2527 1226 2560 pugna
1266 2519 1330 2551 ctr.
1370 2517 1543 2559 imprimis
1579 2526 1614 2550 v.

918 2567 1145 2609 Stackelherg
1161 2568 1220 2600 der
1229 2567 1464 2608 Apollotempel
1477 2575 1523 2599 zu
1532 2567 1616 2598 Bas-

917 2626 974 2650 sae
996 2626 1030 2659 p.
1057 2617 1110 2649 66.
1138 2616 1438 2659 (Bellerophontes
1454 2616 1617 2648 Chimae-

918 2676 1012 2708 ram,
1038 2666 1274 2700 Amazonibus
1298 2666 1397 2698 heroi
1421 2663 1618 2707 opitulanti—
