1722 2904
664 118 745 152 un.
769 120 826 153 m.
874 121 914 154 C.
938 122 964 154 1.

237 218 326 262 Nec
357 233 646 278 purpurarum
674 222 819 267 sidere
845 224 1002 269 clarior

295 299 464 344 Delenit
492 316 598 345 usus
626 316 707 346 nec
738 304 919 349 Falerna

354 380 458 424 Vitis
487 382 910 444 Achaemeniumque
941 395 1126 440 costum,

238 484 327 529 Cur
353 485 594 532 invidendis
623 490 820 547 postibus
849 499 892 536 et
921 507 1034 564 rbovo

1459 500 1514 543 45

237 565 431 611 Sublime
458 569 540 612 ritu
570 569 723 614 moliar
759 572 914 616 atrium
926 575 949 615 ⁴?

293 647 379 691 Cur
406 648 516 693 valle
549 658 790 708 permutem
819 653 979 698 Sabina

156 807 212 842 43.
236 808 290 842 44.
315 786 596 850 Delenit'BmCt:
633 814 757 847 Delim't
778 815 917 856 hSTcd‚
943 818 1053 851 Bentl.
1080 820 1148 853 ΡΜ.
1177 822 1228 862 (Ut
1250 831 1330 863 nos,
1360 825 1403 866 J.)
1431 844 1467 849 ——

108 858 260 899 salomae
285 859 370 892 Vites
383 860 421 892 T.
442 877 477 883 —
504 862 796 897 Achaemeniumve
818 866 963 899 Bentleii
979 870 1070 901 coni.
1092 888 1129 894 -
1156 870 1209 904 46.
1234 874 1357 906 molior
1370 876 1406 908 T.
1429 893 1465 899 —

64 1000 182 1041 mina
203 1001 331 1034 laeuae.
360 1019 396 1025 —
422 1004 563 1046 Delma]
588 1006 765 1046 «permul-

65 1050 135 1089 cet,
160 1049 246 1082 dum
266 1050 424 1084 internos
439 1053 609 1086 tumultus
625 1055 761 1087 sedat.»

67 1098 230 1139 (Utraque
254 1100 427 1142 scriptura
451 1102 576 1134 delanio
592 1106 628 1135 et
643 1105 763 1137 delinio

66 1147 206 1180 videtur
221 1149 256 1181 in
271 1157 339 1182 usu
356 1150 476 1183 fuisse.
502 1153 651 1186 Secutus
668 1163 763 1187 nunc

65 1205 145 1231 sum
180 1198 464 1240 antiquissimum
499 1202 586 1235 Cod.
622 1204 683 1242 B.‚
724 1205 763 1236 ut

67 1247 161 1279 Bach
191 1247 238 1279 ad
266 1248 364 1281 ovid.
396 1250 478 1282 Met.
505 1251 564 1291 44,
598 1252 687 1293 463.)
723 1272 760 1277 —-

65 1294 199 1328 clm-ior
217 1298 337 1330 autem
354 1307 435 1330 usus
442 1308 678 1340 purpurarum
697 1310 764 1334 au-

63 1343 185 1378 dacius
201 1342 334 1379 dictum
344 1355 409 1390 pro
424 1348 496 1382 his:
524 1359 759 1392 «purpureae,

63 1393 193 1435 quibus
229 1397 392 1436 utuntur,
437 1399 558 1432 vestes
595 1399 761 1434 clariores

61 1443 220 1477 siderum
247 1445 479 1487 splendore.»
522 1449 615 1490 virg.
640 1451 700 1482 Ge.
725 1452 758 1491 2,

62 1492 144 1526 466:
176 1495 245 1526 Nec
273 1496 367 1528 casia
394 1497 512 1537 liquidi
533 1501 762 1540 corrumpitur

61 1551 142 1575 mus
154 1543 245 1584 olivi,
261 1544 298 1578 id
314 1547 385 1585 est,
402 1545 521 1580 oleum
531 1573 540 1587 ,
564 1557 636 1590 quo
651 1551 760 1582 utun-

104 1640 158 1674 44.
186 1642 514 1687 Achomeniumque]
544 1646 590 1679 ab
619 1648 759 1681 Achae-

63 1699 187 1731 mene,
205 1694 349 1725 auctore
369 1696 510 1735 generis
530 1698 616 1738 regii
637 1700 760 1742 Persa-

60 1747 153 1779 rum,
171 1741 228 1773 cui
242 1741 278 1774 in
297 1742 467 1786 inscriptt.
486 1746 584 1778 Pers.
599 1749 757 1782 cuneatis

58 1788 307 1823 Hakhomanish
327 1792 349 1824 i.
369 1801 401 1825 e.
418 1794 474 1826 vir
488 1796 601 1828 animo
619 1797 757 1840 benigno

58 1845 190 1871 nomen
205 1841 277 1879 est,
301 1840 430 1874 dicitur
443 1846 594 1885 costum,
615 1846 695 1888 quia
713 1858 757 1881 ex

58 1887 156 1920 India
184 1889 294 1931 (ovid.
311 1891 402 1924 Fast.
423 1893 459 1932 4,
481 1893 540 1926 344
558 1905 566 1926 :
592 1897 682 1929 Tura
696 1907 756 1931 nec

57 1937 246 1978 Euphrates
258 1948 318 1972 nec
330 1942 469 1974 miserat
485 1944 582 1976 India
601 1949 756 1990 costum.)

58 1987 95 2018 et
108 1986 238 2020 Arabia
257 1997 324 2030 per
342 1991 551 2026 Parthorum
572 1994 662 2028 fines
685 1997 756 2029 Ro-

57 2043 154 2068 mam
175 2036 303 2069 advehi
326 2038 475 2073 solebat.
516 2043 615 2076 conf.
639 2045 752 2087 Epod.

58 2084 120 2124 43,
137 2085 180 2118 8:
202 2087 418 2122 Achaemenio
432 2108 452 2114 —
466 2093 586 2124 nardo.
616 2112 652 2117 —
677 2097 753 2129 Iam

56 2142 140 2167 cum
162 2135 238 2168 sine
261 2135 330 2169 ulla
353 2141 572 2180 oppositione
588 2146 754 2184 quattuor

56 2183 164 2224 haec,
181 2193 361 2219 marmora
380 2189 540 2233 nitentia,
558 2200 748 2234 purpurae,

55 2232 138 2265 vina
161 2242 352 2277 generosa,
386 2241 566 2279 unguenta
595 2241 640 2273 ad
663 2242 751 2275 bea-

57 2283 130 2315 tam
144 2281 372 2325 locupletium
387 2287 628 2322 Romanorum
643 2292 750 2325 vitam

55 2339 170 2373 aeque
206 2334 444 2374 pertinerent,
484 2339 590 2371 etiam
627 2343 750 2373 contra

57 2388 158 2414 meos
174 2382 284 2415 Codd.
303 2385 485 2426 antiquiss.
504 2388 650 2421 minime
666 2398 748 2422 cum

56 2429 212 2462 Bentleio
245 2432 473 2467 scribendum
508 2445 588 2469 esse
621 2439 750 2470 Achae-

55 2479 239 2511 menimnve
267 2482 492 2516 manifestum
523 2487 587 2517 est.
623 2505 660 2509 ——
691 2496 749 2518 co—

55 2527 152 2569 stum]
177 2529 259 2561 Stat.
278 2529 357 2562 Silv.
375 2532 413 2570 2,
439 2533 476 2572 4,
502 2534 583 2566 46οῑ
607 2544 749 2568 munera

54 2577 219 2617 graminis
246 2579 332 2610 Indi.
379 2580 438 2613 Est
474 2586 693 2623 unguentum
726 2594 747 2617 e

55 2624 176 2658 radice
198 2626 342 2667 fruticis,
366 2630 426 2670 qui
441 2638 461 2661 a
476 2631 630 2664 Linnaeo
644 2642 750 2666 voca-

55 2675 113 2706 tus
135 2677 191 2708 est
210 2680 318 2709 costus
331 2675 498 2721 (κόστος)
513 2681 686 2722 Arabicus,
711 2685 748 2715 et

814 1007 922 1041 Plinio
939 1010 1026 1043 Hist.
1045 1013 1122 1045 Nat.
1142 1014 1202 1053 42,
1227 1015 1282 1048 25.
1308 1020 1453 1052 auctore
1478 1021 1512 1053 in

814 1058 949 1098 Patale,
968 1061 1087 1094 Indiae
1103 1062 1228 1102 insula,
1241 1069 1414 1106 provenit.
1432 1069 1510 1102 vid.

813 1108 1022 1142 Excursum.

856 1181 910 1215 45.
936 1183 990 1216 46.
1015 1185 1200 1219 invidendis
1216 1190 1376 1233 postibus]
1392 1192 1456 1224 Od.
1474 1194 1507 1233 2,

814 1231 868 1269 40,
886 1232 924 1263 7:
949 1237 1042 1266 com
1062 1235 1243 1269 invidenda
1256 1238 1396 1272 Sobrius
1416 1243 1509 1275 aula.

811 1281 1014 1316 invidendis
1029 1286 1171 1326 autem,
1196 1288 1278 1328 quia
1301 1288 1359 1321 vel
1375 1291 1510 1324 nitente

811 1338 991 1364 marmore
1016 1334 1100 1366 tecti
1122 1338 1226 1369 erant
1246 1336 1303 1370 vel
1317 1340 1409 1371 varii
1424 1341 1508 1380 pul-

810 1379 893 1412 chra
907 1383 1067 1415 testudine
1090 1384 1194 1427 (Virg.
1214 1387 1275 1419 Ge.
1292 1388 1333 1427 2,
1358 1389 1449 1431 463.)
1470 1408 1507 1414 -ν

810 1431 1006 1473 novo-ritu]
1031 1433 1097 1465 «ad
1120 1443 1231 1468 novas
1247 1437 1507 1485 architecturae

810 1479 949 1520 regulas
969 1484 1258 1526 accommodato,
1284 1488 1344 1528 qui
1367 1488 1512 1523 invaluit

810 1536 854 1559 ex
877 1538 948 1570 quo
976 1530 1102 1564 domos
1131 1537 1415 1580 sumptuosiores
1446 1547 1510 1571 ex-

809 1578 947 1611 struere
982 1585 1178 1622 coeperunt
1211 1584 1375 1619 homines
1407 1586 1511 1621 locu-

807 1625 956 1667 pletes.»
1002 1629 1068 1662 Alii
1098 1631 1292 1673 explicant:
1334 1645 1505 1677 annovam,

808 1675 845 1707 id
873 1678 945 1716 est,
980 1679 1182 1714 mirandam
1212 1684 1372 1724 speciem
1400 1694 1509 1726 prae—

806 1725 951 1758 bente.»
971 1728 1105 1762 Verum
1120 1730 1178 1763 hic
1193 1735 1290 1765 certe
1306 1735 1341 1766 in
1357 1735 1509 1777 simplici

806 1783 884 1807 voc.
909 1786 995 1809 novo
1016 1778 1107 1811 haec
1123 1783 1297 1814 sententia
1313 1792 1386 1816 non
1401 1785 1505 1824 inest;

806 1824 871 1856 sed
895 1827 1086 1868 opponitur
1110 1831 1256 1862 «atrium
1278 1841 1322 1863 m:
1342 1842 1437 1866 more
1453 1844 1508 1867 ve-

805 1877 945 1915 terum»,
963 1876 1157 1918 simplicius
1168 1889 1236 1912 nec
1247 1882 1321 1913 tam
1332 1882 1503 1924 amplum.

805 1922 891 1956 Plin.
916 1925 1004 1966 Epp.
1021 1927 1058 1965 5,
1084 1927 1123 1966 6,
1150 1929 1202 1961 45.
1231 1948 1268 1952 -
1285 1931 1423 1973 atrium]
1443 1931 1505 1964 ubi

805 1973 1082 2007 consulebantur
1103 1977 1179 2008 iure
1196 1978 1363 2018 consulti,
1389 1989 1506 2014 asser—

802 2021 979 2054 vabantur
1008 2025 1184 2058 maiorum
1207 2027 1380 2068 imagines
1406 2032 1503 2062 erat-

803 2079 873 2112 que
889 2073 997 2104 etiam
1020 2072 1134 2106 lectus
1150 2075 1295 2115 genialis
1311 2078 1406 2119 apud
1424 2088 1499 2120 eos,

802 2121 861 2161 qui
874 2129 1004 2154 uxores
1016 2122 1209 2156 habebant.
1223 2124 1503 2167 (Hochyewolbaes

799 2171 1088 2204 Audienzzimnaer
1110 2174 1169 2205 der
1190 2175 1374 2208 romische-n
1395 2178 1502 2211 Gros-

798 2228 872 2259 sen,
895 2229 949 2252 wo
972 2222 1025 2253 die
1045 2222 1190 2254 clienter·
1211 2224 1317 2256 mrem
1333 2226 1500 2260 Patroni&

799 2268 852 2299 die
873 2268 1040 2301 salutatio
1064 2271 1230 2304 brac-men.
1266 2274 1344 2306 Voss
1363 2284 1410 2308 zu
1427 2277 1499 2309 Vir-

797 2317 856 2358 9⁴1·
876 2318 932 2350 Ge.
953 2319 990 2358 2,
1015 2318 1093 2351 464.
1110 2321 1171 2353 mit
1186 2323 1384 2365 prae-hugon
1401 2326 1497 2358 Mar-

797 2368 987 2399 morsaulen
1016 2369 1086 2400 und
1113 2371 1288 2413 sonstiqem
1315 2373 1493 2415 Schmuck;

798 2416 927 2447 atrium
955 2417 1100 2449 „dinzich
1121 2419 1181 2451 der
1206 2423 1290 2453 erste
1311 2421 1392 2454 oder
1411 2432 1494 2455 vor—

798 2465 903 2495 aerste
921 2466 990 2496 mid
1010 2467 1158 2507 zuylet’ch
1183 2470 1244 2501 der
1263 2474 1389 2511 yro'sste
1409 2473 1494 2504 Saul

796 2512 843 2543 im
874 2513 984 2546 Hau-30
1011 2516 1097 2547 nach
1125 2517 1287 2552 Becker’s
1318 2521 1434 2553 Gallus
1462 2523 1488 2554 I.

798 2561 875 2593 76.»
900 2563 1015 2604 Liinx.)

839 2635 893 2668 47.
932 2640 1128 2682 permutem]
1163 2642 1389 2676 Recentiores
1422 2643 1488 2677 lin—

795 2693 885 2724 guae
920 2691 1129 2728 respuentes
1161 2690 1257 2723 hunc
1285 2692 1487 2726 Latinorum
