1722 2904
0 282 154 346 lma<

590 75 669 108 uu.
694 75 750 108 ΙΙΙ.
798 73 836 106 C.
861 74 948 106 XVI.

1428 112 1439 115 -
1450 71 1533 114 435

315 178 548 223 Custodem
576 177 780 236 pavidum
815 177 1007 235 Iuppiter
1036 184 1079 221 et
1108 179 1250 221 Venus

314 259 553 333 Risissentjg
572 258 665 302 fore
693 258 808 302 enim
836 264 972 301 tutum
1001 258 1082 301 iter
1110 265 1152 302 et
1180 265 1330 315 patens

427 340 646 383 Converso
676 339 719 381 in
749 339 934 396 pretium
962 337 1060 381 deo.

311 447 474 488 Aurum
502 458 583 502 per
611 443 778 488 medios
815 444 878 487 ire
907 442 1111 487 satellites

316 526 367 568 Et
394 538 676 583 perrumpere
705 531 819 577 amat
846 538 950 568 saxa
979 525 1195 582 potentius
1220 506 1315 582 J2'f'*

1487 526 1534 569 10

319 607 408 650 Ictu
438 606 662 649 fulmineo:
693 604 880 649 concidit
907 605 1083 670 auguris

424 687 566 744 Argivi
597 687 753 730 domus
783 685 839 729 ob
869 685 1037 729 lucrum

267 807 283 823 ·
314 793 524 837 Demersa
553 791 703 854 exiti93
734 791 887 835 diffidit
914 791 1086 835 urbium

177 906 210 939 6.
235 906 336 939 Hunc
358 914 392 938 v.
418 906 580 947 sequitur
602 906 655 938 28.
682 907 718 937 et
739 903 874 946 reliqua
899 904 1027 937 desunt
1051 905 1085 937 in
1107 905 1146 937 B.
1166 922 1205 928 —
1224 906 1255 938 7.
1274 906 1398 939 risisset
1419 916 1494 940 ma-

133 955 231 989 lebat
250 955 441 989 Bentleius.
469 974 505 979 —
532 955 584 988 43.
608 956 764 988 Dimersa
786 955 823 986 Τ.
852 973 887 977 -
912 954 1042 986 accidie
1062 963 1122 991 cac
1148 956 1203 987 net
1225 953 1302 987 alii»
1327 955 1492 995 Bentleii,

131 1006 221 1039 Pott.
250 1013 331 1045 sex,
357 1006 408 1038 Lt.
437 1005 519 1046 (non
542 1004 642 1045 bST.)

90 1096 210 1130 Silent.
237 1097 340 1131 Anth.
370 1077 439 1130 Pal.
458 1098 483 1130 1.
508 1105 544 1139 p.
572 1096 657 1130 ⁴47:
682 1094 789 1155 Χρύ-

90 1157 181 1188 σεος
202 1142 428 1188 ἅψαόστοιο
453 1145 653 1190 διέτμαγεν
675 1141 790 1190 ἅμμα

90 1197 244 1243 κορείας
263 1192 358 1237 Ζευς
378 1193 511 1237 διαδὺς
525 1193 679 1237 Δανάας
693 1195 789 1235 χαλ-

90 1206 276 1287 κελάτους
289 1242 504 1289 θαλάμους.
544 1245 648 1288 Φαμὶ
667 1244 789 1290 λέγειν

90 1292 162 1328 τὸν
175 1293 305 1338 μῦθον
319 1294 392 1339 ἐγώ
407 1293 509 1328 ταδε·
532 1293 679 1335 χάλκεα
701 1294 788 1340 νικᾷ

93 1345 229 1384 Τείχεα
275 1345 343 1378 καὶ
378 1341 545 1388 δεσμοὺς
580 1342 727 1392 χρυσὸς
765 1342 788 1378 ὁ

91 1393 360 1442 πανδαμάτωρ.
390 1395 536 1429 Rutilius
553 1396 589 1436 4,
607 1396 689 1428 360:
718 1397 791 1428 Vir-

90 1453 319 1528 mm
298 1445 689 1536 8’,’·’“,.,;ῑ“,;’Μ
698 1449 791 1527 0¹¹2.-

90 1544 170 1577 dori
194 1544 331 1585 Fragm.
357 1543 516 1576 Dindorf.
554 1552 592 1585 p.
621 1543 707 1576 ⁴35:
741 1537 789 1576 Ὦ

89 1593 232 1651 χρυσέ,
267 1589 478 1635 βλάστημα
499 1590 664 1633 χθονός,
697 1588 789 1625 Οἷον

89 1638 215 1700 ἔρωτα
235 1641 414 1688 βροτοῖσι
427 1640 603 1685 φλέγεις,
626 1639 790 1675 Πάντων

151 1689 290 1732 ’,τιστε
322 1689 474 1724 πάντων
496 1689 677 1737 τύραννε·
706 1691 790 1724 Πο-

89 1740 217 1784 λεμεΐς
245 1740 277 1774 δ’
291 1736 423 1787 ’Ἄρεος
453 1740 654 1787 erwoov’
690 1751 789 1780 εχων

89 1789 264 1834 δύναμιν.
287 1789 425 1824 Πάντα
445 1789 614 1834 θέλγεις·
638 1789 701 1823 ἐπὶ
715 1788 789 1837 γὰρ

89 1837 287 1888 Ὀρφείαις
318 1839 521 1884 μελῳδίαις
542 1839 683 1873 Εἵπετο
704 1839 790 1874 δέν-

89 1889 181 1937 δρεα
219 1891 286 1924 καὶ
318 1889 455 1948 Θηρῶν
487 1886 639 1933 ἀνόητα
671 1891 786 1934 γένη,

90 1940 161 1973 Σοὶ
182 1939 224 1973 δὲ
245 1940 313 1973 καὶ
333 1936 443 1979 χθών
465 1938 574 1972 πᾶσα
606 1941 671 1973 καὶ
694 1938 789 1973 πόν-

91 1999 159 2031 τος
171 1990 239 2023 καὶ
254 1985 278 2022 ὅ
293 1987 538 2037 παμμήστωρ
542 1986 666 2036 Ἄρης.
684 1989 786 2032 Apul.

90 2040 173 2074 Met.
197 2039 236 2080 9,
262 2040 326 2072 48·
318 2064 326 2071 .
365 2043 476 2072 certus
503 2040 701 2081 fragilitatis
724 2040 789 2072 hu-

89 2098 213 2122 manae
231 2089 328 2130 fidei,
363 2091 394 2121 et
415 2089 503 2128 quod
519 2089 683 2129 pecuniae
704 2098 790 2121 cun-

91 2141 165 2171 ctae
192 2139 259 2170 sint
288 2138 497 2181 difficultates
522 2139 663 2179 perviae
684 2147 791 2170 auro-

92 2197 156 2229 que
176 2188 304 2220 soleant
324 2188 563 2220 adamantinae
588 2188 689 2220 etiam
712 2197 793 2228 per—

90 2237 196 2279 fringi
218 2237 318 2278 fores.
349 2255 386 2260 —
409 2237 574 2279 satellites]
600 2237 791 2277 «tyranno-

91 2294 174 2318 rum
195 2285 363 2319 custodes
378 2311 386 2326 ,
421 2286 483 2327 qui
515 2294 602 2318 auro
636 2287 790 2328 corrupti

92 2334 232 2368 illorum
253 2334 535 2367 interfectoribus
558 2335 710 2367 favent.»

136 2385 191 2417 40.
230 2385 339 2426 amat]
395 2382 543 2424 «φιλεῖ,
585 2382 716 2416 solet.»
750 2402 787 2407 —

37 2440 42 2444 ·
91 2433 196 2476 swa]
218 2434 259 2466 In
274 2435 376 2475 tropo
392 2433 488 2466 haud
503 2433 607 2465 nimis
623 2435 790 2474 argutan-

93 2483 197 2523 dum,
228 2484 349 2515 utrum
375 2491 434 2515 res
455 2482 661 2515 durissimas
685 2490 791 2523 quas-

93 2541 181 2575 que,
225 2541 271 2564 an
310 2531 556 2564 tantummodo
579 2529 722 2563 castella
752 2531 788 2563 in

92 2581 242 2623 rupibus
251 2581 366 2623 posita
381 2583 462 2613 ante
478 2579 599 2613 oculos
609 2579 784 2613 habuerit.

93 2631 145 2663 De
160 2630 216 2666 his
231 2630 377 2672 quidem
391 2629 552 2672 plerique
571 2628 782 2671 intelligunt;

838 1096 904 1129 sed
930 1097 983 1129 sic
1013 1097 1117 1130 nimis
1140 1096 1263 1131 similis
1286 1100 1342 1131 est
1364 1101 1537 1133 sententia

838 1147 958 1189 diffidit
978 1146 1113 1179 urbium
1132 1147 1252 1180 Portas
1273 1150 1342 1181 cet.

883 1197 936 1229 44.
952 1197 1005 1228 42.
1030 1197 1305 1240 ααρυήεΑν-ρόυἱ]
1320 1199 1536 1241 Amphiarai,

839 1246 900 1287 qui
933 1245 1098 1279 inductus
1126 1246 1173 1278 ab
1204 1255 1315 1280 uxore
1347 1248 1536 1290 Eriphyla,

839 1303 931 1336 quae
955 1304 976 1327 a
1000 1294 1165 1336 Polynice
1189 1304 1299 1329 aureo
1322 1297 1444 1330 monili
1461 1307 1542 1331 eor-

839 1345 955 1386 rumpi
978 1353 1018 1377 se
1041 1354 1148 1386 passa
1172 1346 1266 1385 erat,
1291 1354 1375 1379 cum
1390 1347 1541 1381 Adrasto

840 1393 1103 1435 expeditionem
1118 1394 1290 1427 adversus
1305 1395 1446 1429 Thebas
1462 1405 1541 1430 sus-

839 1443 957 1484 cepit,
996 1442 1059 1475 ubi
1103 1445 1222 1476 terrae
1258 1445 1356 1478 hiatu
1395 1445 1542 1480 absum-

837 1494 920 1533 ptus
944 1493 1021 1530 est;
1061 1492 1228 1534 Eriphyla
1257 1495 1379 1528 autem
1405 1496 1442 1528 in
1474 1505 1542 1538 pa-

839 1541 901 1574 tris
923 1540 1095 1574 ultionem
1119 1542 1165 1574 ab
1191 1542 1407 1577 Alcmaeone
1431 1554 1542 1578 neca-

838 1593 874 1624 ta
899 1592 964 1624 est.
1010 1591 1153 1625 Fundus
1180 1592 1321 1626 fabulae
1350 1595 1477 1636 Odyss.
1503 1594 1538 1635 λ,

839 1641 903 1673 326
927 1649 981 1682 sq.
1029 1640 1100 1673 Cfr.
1124 1641 1284 1683 Apollod.
1303 1642 1341 1683 3,
1370 1643 1403 1676 6.
1437 1645 1537 1677 Ovid.

838 1691 920 1723 Met.
946 1691 985 1730 9,
1011 1689 1087 1723 406.
1128 1691 1213 1723 Stat.
1241 1691 1353 1726 Theb.
1388 1694 1427 1733 2,
1461 1695 1537 1727 267.

839 1739 1055 1781 (Eriphylam
1086 1740 1256 1781 precibus
1288 1743 1325 1774 et
1351 1742 1472 1775 monili
1503 1744 1540 1777 in

838 1790 955 1822 mariti
986 1790 1183 1831 perniciem
1217 1799 1237 1823 a
1260 1791 1427 1833 Polynice
1462 1792 1541 1826 ille-

839 1840 934 1871 ctam
949 1841 1124 1872 monstrat
1148 1840 1338 1881 Inghirami
1358 1842 1446 1874 Gall.
1465 1843 1537 1876 Om.

837 1889 894 1920 111.
919 1888 956 1920 T.
982 1888 1036 1920 74.
1063 1889 1098 1920 et
1121 1889 1196 1927 72.;
1232 1888 1318 1922 alias
1348 1891 1425 1924 eius
1453 1892 1541 1924 ima-

838 1938 937 1979 gines
958 1937 1090 1970 videsis
1124 1939 1160 1970 in
1182 1937 1306 1971 Miiller
1326 1940 1468 1972 Denlcm.
1494 1942 1535 1974 11.

837 1988 878 2019 N.
904 1987 957 2019 98.
984 1988 1020 2018 et
1041 1987 1200 2019 Gerhard
1220 1988 1408 2029 Vasenyem.
1426 1990 1465 2022 T.
1483 1990 1537 2023 94.

838 2037 890 2068 De
905 2035 1109 2077 Amphiarai
1132 2037 1254 2068 autem
1276 2037 1419 2070 interitu
1443 2039 1539 2072 eius-

839 2094 909 2126 que
933 2084 1029 2126 apud
1052 2085 1197 2127 Oropios
1221 2085 1317 2118 cultu
1345 2086 1406 2119 cir.
1433 2089 1536 2121 Paus.

841 2135 879 2173 4,
904 2133 966 2174 34,
992 2134 1037 2175 2.)
1066 2153 1102 2157 —
1127 2135 1253 2177 donnus]
1277 2144 1349 2168 non
1373 2136 1537 2179 «aedes»,

839 2183 905 2217 sed
929 2192 1079 2225 «genus,
1106 2183 1269 2216 familia.»

884 2233 937 2265 43.
965 2233 1017 2266 44.
1041 2235 1203 2265 Demersa
1224 2234 1339 2276 exitio]
1361 2234 1426 2267 Alii
1448 2237 1540 2268 evei-

839 2283 894 2315 αἰο
909 2292 916 2322 ;
942 2282 1007 2315 sed
1023 2284 1098 2315 tum
1114 2284 1231 2324 potius
1247 2283 1440 2316 dicendum
1456 2285 1538 2318 fuis-

840 2333 894 2365 set
910 2341 1025 2364 eversa
1040 2333 1181 2364 amidio.
1220 2332 1309 2365 Vide
1324 2333 1533 2367 Bentleium.

843 2400 879 2404 —
902 2381 1038 2423 diffidit]
1062 2380 1159 2414 velut
1180 2381 1344 2421 fulmine3
1377 2383 1537 2424 “perfre-

838 2431 922 2472 git.»
938 2448 976 2454 -
995 2431 1141 2473 urbium]
1164 2431 1318 2472 Olynthi,
1332 2432 1533 2472 Potidaeae,

837 2479 1077 2522 Amphipolis,
1101 2479 1246 2522 Pydnae
1263 2482 1331 2514 cet.
1356 2480 1532 2514 Plutarch.

837 2529 924 2562 inL.
942 2529 1061 2562 Paullo
1072 2529 1219 2563 Aemilio
1236 2539 1313 2572 cap.
1332 2531 1390 2562 ⁴2:
1413 2526 1536 2576 Ἔόῥέ-

831 2577 888 2633 θη
903 2576 1020 2622 γοῦν,
1044 2574 1106 2613 ὅτι
1120 2576 1189 2620 τὰς
1203 2577 1332 2620 πόλεις
1346 2579 1449 2635 αἱρεῖ
1459 2577 1535 2612 τῶν

831 2621 1021 2671 Ελλήνων
1054 2625 1101 2662 οὖ
1125 2627 1328 2670 Φίλιππος,
1366 2624 1465 2661 ἀλλὰ
1487 2626 1534 2661 τὸ
