<?xml version="1.0" encoding="UTF-8"?>
<!DOCTYPE html PUBLIC "-//W3C//DTD XHTML 1.0 Transitional//EN"
    "http://www.w3.org/TR/xhtml1/DTD/xhtml1-transitional.dtd">
<html xmlns="http://www.w3.org/1999/xhtml" xml:lang="en" lang="en">
 <head>
  <title>
</title>
<meta http-equiv="Content-Type" content="text/html;charset=utf-8" />
  <meta name='ocr-system' content='tesseract 3.04.00' />
  <meta name='ocr-capabilities' content='ocr_page ocr_carea ocr_par ocr_line ocrx_word'/>
</head>
<body>
  <div class='ocr_page' id='page_1' title='image "./qhoratiusflaccus12horauoft_0761.png"; bbox 0 0 1722 2904; ppageno 0'>
   <div class='ocr_carea' id='block_1_1' title="bbox 0 1743 30 2904">
    <p class='ocr_par' dir='ltr' id='par_1_1' title="bbox 0 1743 30 2904">
     <span class='ocr_line' id='line_1_1' title="bbox 0 1743 30 2904; baseline 0 0"><span class='ocrx_word' id='word_1_1' title='bbox 0 1743 30 2904; x_wconf 95' lang='lat' dir='ltr'><strong> </strong></span> 
     </span>
    </p>
   </div>
   <div class='ocr_carea' id='block_1_2' title="bbox 610 114 1018 147">
    <p class='ocr_par' dir='ltr' id='par_1_2' title="bbox 610 114 1018 147">
     <span class='ocr_line' id='line_1_2' title="bbox 610 114 1018 147; baseline -0.002 0"><span class='ocrx_word' id='word_1_2' title='bbox 610 114 744 147; x_wconf 79' lang='lat' dir='ltr'><strong>LIBER.</strong></span> <span class='ocrx_word' id='word_1_3' title='bbox 791 114 922 146; x_wconf 75' lang='lat' dir='ltr'><strong>CARM.</strong></span> <span class='ocrx_word' id='word_1_4' title='bbox 947 114 1018 146; x_wconf 80' lang='lat' dir='ltr'><strong>xil.</strong></span> 
     </span>
    </p>
   </div>
   <div class='ocr_carea' id='block_1_3' title="bbox 1480 110 1561 153">
    <p class='ocr_par' dir='ltr' id='par_1_3' title="bbox 1480 110 1561 153">
     <span class='ocr_line' id='line_1_3' title="bbox 1480 110 1561 153; baseline 0.012 -1"><span class='ocrx_word' id='word_1_5' title='bbox 1480 110 1561 153; x_wconf 87' lang='grc'><strong>709</strong></span> 
     </span>
    </p>
   </div>
   <div class='ocr_carea' id='block_1_4' title="bbox 588 451 1069 494">
    <p class='ocr_par' dir='ltr' id='par_1_4' title="bbox 588 451 1069 494">
     <span class='ocr_line' id='line_1_4' title="bbox 588 451 1069 494; baseline -0.004 0"><span class='ocrx_word' id='word_1_6' title='bbox 588 451 1069 494; x_wconf 67' lang='lat' dir='ltr'><strong>mm</strong></span> 
     </span>
    </p>
   </div>
   <div class='ocr_carea' id='block_1_5' title="bbox 166 594 1334 814">
    <p class='ocr_par' dir='ltr' id='par_1_5' title="bbox 166 594 1334 814">
     <span class='ocr_line' id='line_1_5' title="bbox 168 594 1334 653; baseline -0.003 -13"><span class='ocrx_word' id='word_1_7' title='bbox 168 595 283 649; x_wconf 87' lang='lat' dir='ltr'>Quid</span> <span class='ocrx_word' id='word_1_8' title='bbox 310 594 387 639; x_wconf 87' lang='lat' dir='ltr'><strong>tibi</strong></span> <span class='ocrx_word' id='word_1_9' title='bbox 413 595 500 645; x_wconf 88' lang='lat' dir='ltr'><strong>vis,</strong></span> <span class='ocrx_word' id='word_1_10' title='bbox 532 594 689 639; x_wconf 88' lang='lat' dir='ltr'><strong>mulier</strong></span> <span class='ocrx_word' id='word_1_11' title='bbox 717 595 854 653; x_wconf 83' lang='lat' dir='ltr'><strong>nigris</strong></span> <span class='ocrx_word' id='word_1_12' title='bbox 883 594 1134 653; x_wconf 86' lang='lat' dir='ltr'><strong>dignissima</strong></span> <span class='ocrx_word' id='word_1_13' title='bbox 1160 594 1334 639; x_wconf 75' lang='lat' dir='ltr'><strong>barris?</strong></span> 
     </span>
     <span class='ocr_line' id='line_1_6' title="bbox 222 675 1063 734; baseline -0.001 -14"><span class='ocrx_word' id='word_1_14' title='bbox 222 677 399 720; x_wconf 78' lang='lat' dir='ltr'><strong>Munera</strong></span> <span class='ocrx_word' id='word_1_15' title='bbox 427 675 534 734; x_wconf 89' lang='lat' dir='ltr'><strong>quid</strong></span> <span class='ocrx_word' id='word_1_16' title='bbox 561 675 663 719; x_wconf 87' lang='lat' dir='ltr'><strong>mihi</strong></span> <span class='ocrx_word' id='word_1_17' title='bbox 693 675 855 734; x_wconf 85' lang='lat' dir='ltr'><strong>quidve</strong></span> <span class='ocrx_word' id='word_1_18' title='bbox 884 675 1063 719; x_wconf 87' lang='lat' dir='ltr'><strong>tabellas</strong></span> 
     </span>
     <span class='ocr_line' id='line_1_7' title="bbox 166 755 1282 814; baseline 0.001 -14"><span class='ocrx_word' id='word_1_19' title='bbox 166 757 293 801; x_wconf 70' lang='lat' dir='ltr'><strong>Mittis</strong></span> <span class='ocrx_word' id='word_1_20' title='bbox 322 770 406 801; x_wconf 87' lang='lat' dir='ltr'><strong>nec</strong></span> <span class='ocrx_word' id='word_1_21' title='bbox 435 755 560 800; x_wconf 90' lang='lat' dir='ltr'><strong>firmo</strong></span> <span class='ocrx_word' id='word_1_22' title='bbox 590 756 735 800; x_wconf 87' lang='lat' dir='ltr'><strong>iuveni</strong></span> <span class='ocrx_word' id='word_1_23' title='bbox 764 770 909 814; x_wconf 86' lang='lat' dir='ltr'><strong>neque</strong></span> <span class='ocrx_word' id='word_1_24' title='bbox 938 757 1054 800; x_wconf 85' lang='lat' dir='ltr'><strong>naris</strong></span> <span class='ocrx_word' id='word_1_25' title='bbox 1083 756 1244 801; x_wconf 86' lang='lat' dir='ltr'><strong>obesae</strong></span> <span class='ocrx_word' id='word_1_26' title='bbox 1258 757 1282 800; x_wconf 68' lang='lat'><strong>‘2</strong></span> 
     </span>
    </p>
   </div>
   <div class='ocr_carea' id='block_1_6' title="bbox 152 887 1515 1101">
    <p class='ocr_par' dir='ltr' id='par_1_6' title="bbox 152 887 1515 1079">
     <span class='ocr_line' id='line_1_8' title="bbox 195 887 1513 929; baseline 0.001 -8"><span class='ocrx_word' id='word_1_27' title='bbox 195 888 268 921; x_wconf 72' lang='grc' dir='ltr'><strong>ΧΠ.</strong></span> <span class='ocrx_word' id='word_1_28' title='bbox 292 889 402 921; x_wconf 85' lang='lat' dir='ltr'><strong>Inscr.</strong></span> <span class='ocrx_word' id='word_1_29' title='bbox 416 887 518 929; x_wconf 63' lang='lat' dir='ltr'><strong>volg.</strong></span> <span class='ocrx_word' id='word_1_30' title='bbox 542 888 582 920; x_wconf 80' lang='lat' dir='ltr'><strong>In</strong></span> <span class='ocrx_word' id='word_1_31' title='bbox 603 897 709 920; x_wconf 80' lang='lat' dir='ltr'><strong>anum</strong></span> <span class='ocrx_word' id='word_1_32' title='bbox 731 888 951 920; x_wconf 55' lang='lat' dir='ltr'><strong>libidinosam.</strong></span> <span class='ocrx_word' id='word_1_33' title='bbox 993 906 1029 912; x_wconf 94' lang='lat'><strong>—</strong></span> <span class='ocrx_word' id='word_1_34' title='bbox 1060 889 1220 921; x_wconf 71' lang='lat' dir='ltr'><strong>Summu</strong></span> <span class='ocrx_word' id='word_1_35' title='bbox 1240 889 1415 922; x_wconf 67' lang='lat' dir='ltr'><strong>nuntioram</strong></span> <span class='ocrx_word' id='word_1_36' title='bbox 1435 890 1513 922; x_wconf 65' lang='lat' dir='ltr'><strong>libi-</strong></span> 
     </span>
     <span class='ocr_line' id='line_1_9' title="bbox 153 937 1514 980; baseline 0.001 -9"><span class='ocrx_word' id='word_1_37' title='bbox 153 937 1119 980; x_wconf 67' lang='lat' dir='ltr'><strong>ainisrepeuit.1)i9=namessoaicdephantisl3b.-</strong></span> <span class='ocrx_word' id='word_1_38' title='bbox 1155 939 1514 972; x_wconf 69' lang='lat' dir='ltr'><strong>InGratidiamcon-</strong></span> 
     </span>
     <span class='ocr_line' id='line_1_10' title="bbox 152 987 1508 1029; baseline 0.001 -8"><span class='ocrx_word' id='word_1_39' title='bbox 152 989 454 1021; x_wconf 63' lang='lat' dir='ltr'><strong>vor-sominae</strong></span> <span class='ocrx_word' id='word_1_40' title='bbox 482 988 621 1020; x_wconf 90' lang='lat' dir='ltr'><strong>—0m.</strong></span> <span class='ocrx_word' id='word_1_41' title='bbox 646 989 683 1020; x_wconf 89' lang='lat' dir='ltr'><strong>T.</strong></span> <span class='ocrx_word' id='word_1_42' title='bbox 713 1007 749 1012; x_wconf 91' lang='lat'>—</span> <span class='ocrx_word' id='word_1_43' title='bbox 788 988 821 1020; x_wconf 78' lang='lat'><strong>2.</strong></span> <span class='ocrx_word' id='word_1_44' title='bbox 846 987 1152 1027; x_wconf 68' lang='lat' dir='ltr'><strong>curmihihs&#39;rc,</strong></span> <span class='ocrx_word' id='word_1_45' title='bbox 1183 987 1309 1021; x_wconf 85' lang='lat' dir='ltr'><strong>LCtFJ.</strong></span> <span class='ocrx_word' id='word_1_46' title='bbox 1351 988 1508 1029; x_wconf 82' lang='lat' dir='ltr'><strong>(Utnos,</strong></span> 
     </span>
     <span class='ocr_line' id='line_1_11' title="bbox 152 1036 1515 1101; baseline 0.001 -31"><span class='ocrx_word' id='word_1_47' title='bbox 152 1037 197 1077; x_wconf 92' lang='lat' dir='ltr'><strong>B,</strong></span> <span class='ocrx_word' id='word_1_48' title='bbox 221 1036 462 1070; x_wconf 65' lang='lat' dir='ltr'><strong>metunus</strong></span> <span class='ocrx_word' id='word_1_49' title='bbox 496 1038 664 1078; x_wconf 88' lang='lat' dir='ltr'><strong>Canteri.)</strong></span> <span class='ocrx_word' id='word_1_50' title='bbox 700 1055 737 1061; x_wconf 95' lang='lat'><strong>—</strong></span> <span class='ocrx_word' id='word_1_51' title='bbox 774 1037 806 1070; x_wconf 93' lang='lat'><strong>3.</strong></span> <span class='ocrx_word' id='word_1_52' title='bbox 841 1037 951 1069; x_wconf 65' lang='lat' dir='ltr'><strong>Mittas</strong></span> <span class='ocrx_word' id='word_1_53' title='bbox 983 1037 1021 1101; x_wconf 90' lang='grc' dir='ltr'><strong>Β.</strong></span> <span class='ocrx_word' id='word_1_54' title='bbox 1062 1055 1099 1060; x_wconf 97' lang='grc'>-</span> <span class='ocrx_word' id='word_1_55' title='bbox 1138 1037 1249 1070; x_wconf 73' lang='lat' dir='ltr'><strong>iuveni</strong></span> <span class='ocrx_word' id='word_1_56' title='bbox 1280 1039 1380 1079; x_wconf 69' lang='lat' dir='ltr'><strong>firmo</strong></span> <span class='ocrx_word' id='word_1_57' title='bbox 1408 1037 1515 1079; x_wconf 89' lang='lat' dir='ltr'><strong>bSc,J</strong></span> 
     </span>
    </p>
   </div>
   <div class='ocr_carea' id='block_1_7' title="bbox 158 1086 680 1128">
    <p class='ocr_par' dir='ltr' id='par_1_7' title="bbox 158 1086 680 1128">
     <span class='ocr_line' id='line_1_12' title="bbox 158 1086 680 1128; baseline -0.002 -8"><span class='ocrx_word' id='word_1_58' title='bbox 158 1086 242 1127; x_wconf 91' lang='lat' dir='ltr'><strong>(non</strong></span> <span class='ocrx_word' id='word_1_59' title='bbox 274 1086 355 1128; x_wconf 88' lang='lat' dir='ltr'>BT).</span> <span class='ocrx_word' id='word_1_60' title='bbox 382 1087 680 1119; x_wconf 73' lang='lat' dir='ltr'><strong>-mcnarisB,</strong></span> 
     </span>
    </p>
   </div>
   <div class='ocr_carea' id='block_1_8' title="bbox 67 1204 808 2722">
    <p class='ocr_par' dir='ltr' id='par_1_8' title="bbox 108 1204 808 1642">
     <span class='ocr_line' id='line_1_13' title="bbox 154 1204 808 1246; baseline 0.002 -9"><span class='ocrx_word' id='word_1_61' title='bbox 154 1204 228 1237; x_wconf 82' lang='grc' dir='ltr'><strong>ΧΠ.</strong></span> <span class='ocrx_word' id='word_1_62' title='bbox 262 1206 380 1237; x_wconf 80' lang='lat' dir='ltr'><strong>Anum</strong></span> <span class='ocrx_word' id='word_1_63' title='bbox 408 1204 587 1246; x_wconf 86' lang='lat' dir='ltr'><strong>quandam</strong></span> <span class='ocrx_word' id='word_1_64' title='bbox 615 1204 808 1246; x_wconf 82' lang='lat' dir='ltr'>(Canidiam</span> 
     </span>
     <span class='ocr_line' id='line_1_14' title="bbox 108 1253 807 1297; baseline 0 -10"><span class='ocrx_word' id='word_1_65' title='bbox 108 1253 205 1287; x_wconf 86' lang='lat' dir='ltr'><strong>haud</strong></span> <span class='ocrx_word' id='word_1_66' title='bbox 240 1254 345 1287; x_wconf 76' lang='lat' dir='ltr'><strong>nimiS</strong></span> <span class='ocrx_word' id='word_1_67' title='bbox 380 1253 612 1296; x_wconf 81' lang='lat' dir='ltr'>probabiliter</span> <span class='ocrx_word' id='word_1_68' title='bbox 645 1263 732 1297; x_wconf 90' lang='lat' dir='ltr'><strong>prae</strong></span> <span class='ocrx_word' id='word_1_69' title='bbox 767 1263 807 1287; x_wconf 88' lang='lat' dir='ltr'><strong>se</strong></span> 
     </span>
     <span class='ocr_line' id='line_1_15' title="bbox 110 1303 805 1346; baseline 0 -10"><span class='ocrx_word' id='word_1_70' title='bbox 110 1303 180 1336; x_wconf 76' lang='lat' dir='ltr'><strong>fert</strong></span> <span class='ocrx_word' id='word_1_71' title='bbox 202 1303 288 1337; x_wconf 79' lang='lat' dir='ltr'><strong>Cld.</strong></span> <span class='ocrx_word' id='word_1_72' title='bbox 313 1303 471 1337; x_wconf 90' lang='lat' dir='ltr'><strong>Blandin.</strong></span> <span class='ocrx_word' id='word_1_73' title='bbox 498 1306 534 1336; x_wconf 92' lang='lat' dir='ltr'><strong>et</strong></span> <span class='ocrx_word' id='word_1_74' title='bbox 555 1313 587 1336; x_wconf 90' lang='lat' dir='ltr'><strong>c.</strong></span> <span class='ocrx_word' id='word_1_75' title='bbox 606 1304 676 1336; x_wconf 81' lang='lat' dir='ltr'><strong>Cl&#39;r.</strong></span> <span class='ocrx_word' id='word_1_76' title='bbox 695 1304 805 1346; x_wconf 92' lang='lat' dir='ltr'><strong>Epod.</strong></span> 
     </span>
     <span class='ocr_line' id='line_1_16' title="bbox 108 1352 808 1395; baseline 0.001 -10"><span class='ocrx_word' id='word_1_77' title='bbox 108 1353 168 1394; x_wconf 82' lang='lat'><strong>8.)‚</strong></span> <span class='ocrx_word' id='word_1_78' title='bbox 191 1352 382 1395; x_wconf 85' lang='lat' dir='ltr'><strong>pudendae</strong></span> <span class='ocrx_word' id='word_1_79' title='bbox 405 1353 451 1386; x_wconf 88' lang='lat' dir='ltr'><strong>ab</strong></span> <span class='ocrx_word' id='word_1_80' title='bbox 467 1362 510 1386; x_wconf 88' lang='lat' dir='ltr'><strong>ea</strong></span> <span class='ocrx_word' id='word_1_81' title='bbox 533 1352 690 1386; x_wconf 87' lang='lat' dir='ltr'><strong>mollitiei</strong></span> <span class='ocrx_word' id='word_1_82' title='bbox 705 1362 808 1386; x_wconf 86' lang='lat' dir='ltr'><strong>accu-</strong></span> 
     </span>
     <span class='ocr_line' id='line_1_17' title="bbox 109 1403 808 1445; baseline 0 -10"><span class='ocrx_word' id='word_1_83' title='bbox 109 1404 221 1442; x_wconf 85' lang='lat' dir='ltr'><strong>satus,</strong></span> <span class='ocrx_word' id='word_1_84' title='bbox 238 1404 356 1444; x_wconf 53' lang='lat' dir='ltr'><strong>poeta</strong></span> <span class='ocrx_word' id='word_1_85' title='bbox 378 1403 447 1436; x_wconf 85' lang='lat' dir='ltr'><strong>hoc</strong></span> <span class='ocrx_word' id='word_1_86' title='bbox 470 1405 628 1436; x_wconf 82' lang='lat' dir='ltr'><strong>carmine</strong></span> <span class='ocrx_word' id='word_1_87' title='bbox 644 1404 808 1445; x_wconf 88' lang='lat' dir='ltr'><strong>proscin-</strong></span> 
     </span>
     <span class='ocr_line' id='line_1_18' title="bbox 109 1451 808 1494; baseline -0.001 -9"><span class='ocrx_word' id='word_1_88' title='bbox 109 1451 179 1491; x_wconf 82' lang='lat' dir='ltr'><strong>dit,</strong></span> <span class='ocrx_word' id='word_1_89' title='bbox 202 1452 240 1485; x_wconf 90' lang='lat' dir='ltr'><strong>in</strong></span> <span class='ocrx_word' id='word_1_90' title='bbox 261 1460 512 1494; x_wconf 83' lang='lat' dir='ltr'><strong>summamque</strong></span> <span class='ocrx_word' id='word_1_91' title='bbox 536 1461 619 1485; x_wconf 92' lang='lat' dir='ltr'><strong>cum</strong></span> <span class='ocrx_word' id='word_1_92' title='bbox 642 1452 808 1485; x_wconf 80' lang='lat' dir='ltr'><strong>foedissi-</strong></span> 
     </span>
     <span class='ocr_line' id='line_1_19' title="bbox 108 1501 805 1543; baseline 0 -9"><span class='ocrx_word' id='word_1_93' title='bbox 108 1510 190 1534; x_wconf 83' lang='lat' dir='ltr'><strong>mae</strong></span> <span class='ocrx_word' id='word_1_94' title='bbox 222 1502 465 1543; x_wconf 79' lang='lat' dir='ltr'><strong>turpitudinis,</strong></span> <span class='ocrx_word' id='word_1_95' title='bbox 501 1504 578 1534; x_wconf 87' lang='lat' dir='ltr'><strong>tum</strong></span> <span class='ocrx_word' id='word_1_96' title='bbox 611 1501 805 1543; x_wconf 86' lang='lat' dir='ltr'><strong>flagitiosae</strong></span> 
     </span>
     <span class='ocr_line' id='line_1_20' title="bbox 110 1549 807 1584; baseline 0.003 -2"><span class='ocrx_word' id='word_1_97' title='bbox 110 1549 264 1583; x_wconf 83' lang='lat' dir='ltr'><strong>libidinis</strong></span> <span class='ocrx_word' id='word_1_98' title='bbox 286 1550 466 1583; x_wconf 79' lang='lat' dir='ltr'><strong>infamiam</strong></span> <span class='ocrx_word' id='word_1_99' title='bbox 482 1550 704 1583; x_wconf 86' lang='lat' dir='ltr'><strong>Archilochio</strong></span> <span class='ocrx_word' id='word_1_100' title='bbox 726 1560 807 1584; x_wconf 91' lang='lat' dir='ltr'><strong>mo-</strong></span> 
     </span>
     <span class='ocr_line' id='line_1_21' title="bbox 112 1599 808 1642; baseline 0.004 -11"><span class='ocrx_word' id='word_1_101' title='bbox 112 1599 164 1632; x_wconf 89' lang='lat' dir='ltr'><strong>do</strong></span> <span class='ocrx_word' id='word_1_102' title='bbox 186 1599 366 1632; x_wconf 79' lang='lat' dir='ltr'><strong>adducere</strong></span> <span class='ocrx_word' id='word_1_103' title='bbox 388 1599 537 1633; x_wconf 89' lang='lat' dir='ltr'><strong>laborat.</strong></span> <span class='ocrx_word' id='word_1_104' title='bbox 594 1602 657 1634; x_wconf 90' lang='lat' dir='ltr'><strong>Est</strong></span> <span class='ocrx_word' id='word_1_105' title='bbox 678 1610 723 1633; x_wconf 82' lang='lat' dir='ltr'><strong>ex</strong></span> <span class='ocrx_word' id='word_1_106' title='bbox 744 1610 808 1642; x_wconf 86' lang='lat' dir='ltr'><strong>ge-</strong></span> 
     </span>
    </p>

    <p class='ocr_par' dir='ltr' id='par_1_9' title="bbox 67 1648 807 2428">
     <span class='ocr_line' id='line_1_22' title="bbox 110 1648 806 1691; baseline 0.003 -10.075"><span class='ocrx_word' id='word_1_107' title='bbox 110 1657 198 1681; x_wconf 90' lang='lat' dir='ltr'><strong>nere</strong></span> <span class='ocrx_word' id='word_1_108' title='bbox 220 1650 361 1691; x_wconf 86' lang='lat' dir='ltr'><strong>priscae</strong></span> <span class='ocrx_word' id='word_1_109' title='bbox 387 1648 478 1682; x_wconf 91' lang='lat' dir='ltr'><strong>illius</strong></span> <span class='ocrx_word' id='word_1_110' title='bbox 510 1651 731 1683; x_wconf 75' lang='lat' dir='ltr'><strong>Fescenninae</strong></span> <span class='ocrx_word' id='word_1_111' title='bbox 762 1651 806 1682; x_wconf 79' lang='lat' dir='ltr'><strong>li-</strong></span> 
     </span>
     <span class='ocr_line' id='line_1_23' title="bbox 109 1698 806 1740; baseline 0.003 -10"><span class='ocrx_word' id='word_1_112' title='bbox 109 1698 259 1738; x_wconf 76' lang='grc' dir='ltr'><strong>οσηιίασ,</strong></span> <span class='ocrx_word' id='word_1_113' title='bbox 282 1699 320 1730; x_wconf 89' lang='lat' dir='ltr'><strong>iu</strong></span> <span class='ocrx_word' id='word_1_114' title='bbox 343 1707 414 1740; x_wconf 86' lang='lat' dir='ltr'><strong>qua</strong></span> <span class='ocrx_word' id='word_1_115' title='bbox 436 1699 506 1731; x_wconf 74' lang='lat' dir='ltr'><strong>iam</strong></span> <span class='ocrx_word' id='word_1_116' title='bbox 519 1708 637 1731; x_wconf 62' lang='lat' dir='ltr'><strong>saevus</strong></span> <span class='ocrx_word' id='word_1_117' title='bbox 651 1709 736 1740; x_wconf 79' lang='lat' dir='ltr'><strong>aper</strong></span> <span class='ocrx_word' id='word_1_118' title='bbox 735 1703 806 1732; x_wconf 82' lang='lat' dir='ltr'><strong>tam</strong></span> 
     </span>
     <span class='ocr_line' id='line_1_24' title="bbox 109 1746 803 1791; baseline 0.003 -12"><span class='ocrx_word' id='word_1_119' title='bbox 109 1748 146 1779; x_wconf 80' lang='lat' dir='ltr'><strong>ln</strong></span> <span class='ocrx_word' id='word_1_120' title='bbox 163 1746 292 1779; x_wconf 73' lang='lat' dir='ltr'><strong>rabiem</strong></span> <span class='ocrx_word' id='word_1_121' title='bbox 305 1748 411 1788; x_wconf 71' lang='lat' dir='ltr'><strong>coepit</strong></span> <span class='ocrx_word' id='word_1_122' title='bbox 430 1749 515 1780; x_wconf 74' lang='lat' dir='ltr'><strong>verti</strong></span> <span class='ocrx_word' id='word_1_123' title='bbox 534 1749 626 1781; x_wconf 67' lang='lat' dir='ltr'><strong>iocm</strong></span> <span class='ocrx_word' id='word_1_124' title='bbox 646 1749 743 1791; x_wconf 88' lang='lat' dir='ltr'><strong>(Epp.</strong></span> <span class='ocrx_word' id='word_1_125' title='bbox 770 1750 803 1789; x_wconf 81' lang='lat'><strong>2,</strong></span> 
     </span>
     <span class='ocr_line' id='line_1_25' title="bbox 109 1795 802 1838; baseline 0.003 -10"><span class='ocrx_word' id='word_1_126' title='bbox 109 1796 147 1836; x_wconf 84' lang='grc'><strong>4,</strong></span> <span class='ocrx_word' id='word_1_127' title='bbox 171 1795 280 1837; x_wconf 87' lang='grc'><strong>448.);</strong></span> <span class='ocrx_word' id='word_1_128' title='bbox 316 1805 384 1829; x_wconf 85' lang='lat' dir='ltr'><strong>nec</strong></span> <span class='ocrx_word' id='word_1_129' title='bbox 410 1797 493 1830; x_wconf 85' lang='lat' dir='ltr'><strong>ficta</strong></span> <span class='ocrx_word' id='word_1_130' title='bbox 515 1806 624 1830; x_wconf 87' lang='lat' dir='ltr'><strong>scena</strong></span> <span class='ocrx_word' id='word_1_131' title='bbox 645 1798 802 1838; x_wconf 86' lang='lat' dir='ltr'><strong>videtur,</strong></span> 
     </span>
     <span class='ocr_line' id='line_1_26' title="bbox 108 1846 805 1889; baseline 0.006 -12"><span class='ocrx_word' id='word_1_132' title='bbox 108 1846 276 1886; x_wconf 88' lang='lat' dir='ltr'><strong>quoniam</strong></span> <span class='ocrx_word' id='word_1_133' title='bbox 296 1846 380 1879; x_wconf 90' lang='lat' dir='ltr'><strong>nihil</strong></span> <span class='ocrx_word' id='word_1_134' title='bbox 401 1847 571 1889; x_wconf 88' lang='lat' dir='ltr'><strong>impedit,</strong></span> <span class='ocrx_word' id='word_1_135' title='bbox 595 1856 666 1889; x_wconf 88' lang='lat' dir='ltr'><strong>quo</strong></span> <span class='ocrx_word' id='word_1_136' title='bbox 687 1848 805 1881; x_wconf 88' lang='lat' dir='ltr'><strong>minus</strong></span> 
     </span>
     <span class='ocr_line' id='line_1_27' title="bbox 107 1895 805 1938; baseline 0.004 -12"><span class='ocrx_word' id='word_1_137' title='bbox 107 1895 305 1928; x_wconf 86' lang='lat' dir='ltr'><strong>statuamus</strong></span> <span class='ocrx_word' id='word_1_138' title='bbox 337 1904 446 1928; x_wconf 88' lang='lat' dir='ltr'><strong>anum</strong></span> <span class='ocrx_word' id='word_1_139' title='bbox 480 1896 659 1938; x_wconf 89' lang='lat' dir='ltr'><strong>quandam</strong></span> <span class='ocrx_word' id='word_1_140' title='bbox 686 1896 805 1929; x_wconf 88' lang='lat' dir='ltr'><strong>libidi-</strong></span> 
     </span>
     <span class='ocr_line' id='line_1_28' title="bbox 109 1944 806 1989; baseline 0.004 -13"><span class='ocrx_word' id='word_1_141' title='bbox 109 1952 234 1977; x_wconf 85' lang='lat' dir='ltr'><strong>nosam</strong></span> <span class='ocrx_word' id='word_1_142' title='bbox 255 1944 466 1989; x_wconf 12' lang='lat' dir='ltr'><strong>molestiam*</strong></span> <span class='ocrx_word' id='word_1_143' title='bbox 477 1945 666 1987; x_wconf 81' lang='lat' dir='ltr'><strong>aliquando</strong></span> <span class='ocrx_word' id='word_1_144' title='bbox 689 1955 806 1979; x_wconf 86' lang='lat' dir='ltr'><strong>creas-</strong></span> 
     </span>
     <span class='ocr_line' id='line_1_29' title="bbox 107 1992 805 2037; baseline 0.004 -12"><span class='ocrx_word' id='word_1_145' title='bbox 107 2002 147 2026; x_wconf 88' lang='lat' dir='ltr'><strong>se</strong></span> <span class='ocrx_word' id='word_1_146' title='bbox 169 1992 288 2026; x_wconf 81' lang='lat' dir='ltr'><strong>verbis</strong></span> <span class='ocrx_word' id='word_1_147' title='bbox 310 1993 451 2026; x_wconf 89' lang='lat' dir='ltr'><strong>lascivis</strong></span> <span class='ocrx_word' id='word_1_148' title='bbox 467 1994 639 2037; x_wconf 88' lang='lat' dir='ltr'><strong>donisque</strong></span> <span class='ocrx_word' id='word_1_149' title='bbox 662 1996 805 2037; x_wconf 85' lang='lat' dir='ltr'><strong>ingratis</strong></span> 
     </span>
     <span class='ocr_line' id='line_1_30' title="bbox 67 2041 807 2084; baseline 0.004 -10"><span class='ocrx_word' id='word_1_150' title='bbox 67 2055 73 2059; x_wconf 96' lang='lat'><em>·</em></span> <span class='ocrx_word' id='word_1_151' title='bbox 107 2041 325 2075; x_wconf 87' lang='lat' dir='ltr'><strong>adolescenti</strong></span> <span class='ocrx_word' id='word_1_152' title='bbox 339 2043 481 2076; x_wconf 88' lang='lat' dir='ltr'><strong>Horatio</strong></span> <span class='ocrx_word' id='word_1_153' title='bbox 491 2068 500 2084; x_wconf 90' lang='lat'><strong>,</strong></span> <span class='ocrx_word' id='word_1_154' title='bbox 521 2052 604 2077; x_wconf 88' lang='lat' dir='ltr'><strong>cum</strong></span> <span class='ocrx_word' id='word_1_155' title='bbox 619 2044 716 2077; x_wconf 90' lang='lat' dir='ltr'><strong>inviti</strong></span> <span class='ocrx_word' id='word_1_156' title='bbox 731 2053 807 2077; x_wconf 87' lang='lat' dir='ltr'><strong>am-</strong></span> 
     </span>
     <span class='ocr_line' id='line_1_31' title="bbox 106 2090 805 2134; baseline 0.003 -10"><span class='ocrx_word' id='word_1_157' title='bbox 106 2090 232 2134; x_wconf 85' lang='lat' dir='ltr'><strong>plexus</strong></span> <span class='ocrx_word' id='word_1_158' title='bbox 258 2093 460 2134; x_wconf 87' lang='lat' dir='ltr'><strong>appeteret,</strong></span> <span class='ocrx_word' id='word_1_159' title='bbox 497 2094 711 2134; x_wconf 63' lang='lat' dir='ltr'><strong>politamque</strong></span> <span class='ocrx_word' id='word_1_160' title='bbox 734 2095 805 2126; x_wconf 89' lang='lat' dir='ltr'><strong>hoc</strong></span> 
     </span>
     <span class='ocr_line' id='line_1_32' title="bbox 107 2140 802 2175; baseline 0.004 -3"><span class='ocrx_word' id='word_1_161' title='bbox 107 2141 264 2173; x_wconf 88' lang='lat' dir='ltr'><strong>carmine</strong></span> <span class='ocrx_word' id='word_1_162' title='bbox 285 2140 461 2174; x_wconf 87' lang='lat' dir='ltr'><strong>virulento</strong></span> <span class='ocrx_word' id='word_1_163' title='bbox 484 2151 566 2175; x_wconf 90' lang='lat' dir='ltr'><strong>sese</strong></span> <span class='ocrx_word' id='word_1_164' title='bbox 589 2141 704 2175; x_wconf 89' lang='lat' dir='ltr'><strong>ultum</strong></span> <span class='ocrx_word' id='word_1_165' title='bbox 719 2143 802 2175; x_wconf 90' lang='lat' dir='ltr'><strong>isse.</strong></span> 
     </span>
     <span class='ocr_line' id='line_1_33' title="bbox 106 2190 802 2232; baseline 0.003 -10"><span class='ocrx_word' id='word_1_166' title='bbox 106 2190 260 2231; x_wconf 87' lang='lat' dir='ltr'><strong>Tempus</strong></span> <span class='ocrx_word' id='word_1_167' title='bbox 274 2191 537 2232; x_wconf 85' lang='lat' dir='ltr'><strong>compositionis</strong></span> <span class='ocrx_word' id='word_1_168' title='bbox 549 2192 724 2224; x_wconf 89' lang='lat' dir='ltr'><strong>incertum</strong></span> <span class='ocrx_word' id='word_1_169' title='bbox 737 2194 802 2224; x_wconf 85' lang='lat' dir='ltr'><strong>est.</strong></span> 
     </span>
     <span class='ocr_line' id='line_1_34' title="bbox 108 2237 801 2274; baseline 0.003 -3"><span class='ocrx_word' id='word_1_170' title='bbox 108 2237 289 2272; x_wconf 87' lang='lat' dir='ltr'><strong>Fluctuant</strong></span> <span class='ocrx_word' id='word_1_171' title='bbox 318 2239 410 2272; x_wconf 88' lang='lat' dir='ltr'><strong>inter</strong></span> <span class='ocrx_word' id='word_1_172' title='bbox 448 2249 559 2273; x_wconf 89' lang='lat' dir='ltr'><strong>annos</strong></span> <span class='ocrx_word' id='word_1_173' title='bbox 592 2242 656 2273; x_wconf 77' lang='lat'><strong>7⁴5</strong></span> <span class='ocrx_word' id='word_1_174' title='bbox 679 2259 699 2264; x_wconf 98' lang='lat'>-</span> <span class='ocrx_word' id='word_1_175' title='bbox 724 2241 801 2274; x_wconf 87' lang='grc'><strong>749.</strong></span> 
     </span>
     <span class='ocr_line' id='line_1_35' title="bbox 106 2288 804 2331; baseline 0.003 -11"><span class='ocrx_word' id='word_1_176' title='bbox 106 2288 252 2321; x_wconf 89' lang='lat' dir='ltr'><strong>Biennio</strong></span> <span class='ocrx_word' id='word_1_177' title='bbox 282 2288 410 2321; x_wconf 90' lang='lat' dir='ltr'><strong>saltem</strong></span> <span class='ocrx_word' id='word_1_178' title='bbox 436 2290 716 2331; x_wconf 83' lang='lat' dir='ltr'><strong>praecedentem</strong></span> <span class='ocrx_word' id='word_1_179' title='bbox 747 2291 804 2322; x_wconf 90' lang='lat' dir='ltr'><strong>hic</strong></span> 
     </span>
     <span class='ocr_line' id='line_1_36' title="bbox 107 2337 801 2380; baseline 0.004 -11"><span class='ocrx_word' id='word_1_180' title='bbox 107 2337 244 2378; x_wconf 87' lang='lat' dir='ltr'><strong>epodus</strong></span> <span class='ocrx_word' id='word_1_181' title='bbox 267 2339 468 2371; x_wconf 80' lang='lat' dir='ltr'><strong>antecessit.</strong></span> <span class='ocrx_word' id='word_1_182' title='bbox 507 2339 586 2371; x_wconf 89' lang='lat' dir='ltr'><strong>Vid.</strong></span> <span class='ocrx_word' id='word_1_183' title='bbox 614 2348 648 2371; x_wconf 87' lang='lat' dir='ltr'><strong>v.</strong></span> <span class='ocrx_word' id='word_1_184' title='bbox 678 2338 720 2372; x_wconf 84' lang='grc'><strong>44</strong></span> <span class='ocrx_word' id='word_1_185' title='bbox 747 2348 801 2380; x_wconf 89' lang='lat' dir='ltr'><strong>sq.</strong></span> 
     </span>
     <span class='ocr_line' id='line_1_37' title="bbox 107 2385 520 2428; baseline 0.002 -10"><span class='ocrx_word' id='word_1_186' title='bbox 107 2385 186 2418; x_wconf 91' lang='lat' dir='ltr'><strong>coll.</strong></span> <span class='ocrx_word' id='word_1_187' title='bbox 210 2386 321 2428; x_wconf 91' lang='lat' dir='ltr'><strong>Epod.</strong></span> <span class='ocrx_word' id='word_1_188' title='bbox 346 2388 405 2426; x_wconf 86' lang='grc'><strong>44,</strong></span> <span class='ocrx_word' id='word_1_189' title='bbox 429 2389 520 2428; x_wconf 83' lang='lat' dir='ltr'><strong>5sq.</strong></span> 
     </span>
    </p>

    <p class='ocr_par' dir='ltr' id='par_1_10' title="bbox 107 2436 804 2722">
     <span class='ocr_line' id='line_1_38' title="bbox 151 2436 804 2478; baseline 0.003 -10"><span class='ocrx_word' id='word_1_190' title='bbox 151 2436 224 2468; x_wconf 83' lang='grc'><strong>4-6.</strong></span> <span class='ocrx_word' id='word_1_191' title='bbox 250 2437 336 2476; x_wconf 70' lang='lat' dir='ltr'><strong>Quid</strong></span> <span class='ocrx_word' id='word_1_192' title='bbox 358 2436 415 2468; x_wconf 72' lang='lat' dir='ltr'><strong>tibi</strong></span> <span class='ocrx_word' id='word_1_193' title='bbox 436 2437 496 2478; x_wconf 73' lang='lat' dir='ltr'><strong>vis]</strong></span> <span class='ocrx_word' id='word_1_194' title='bbox 521 2439 577 2470; x_wconf 89' lang='lat' dir='ltr'><strong>Pr.</strong></span> <span class='ocrx_word' id='word_1_195' title='bbox 602 2437 804 2478; x_wconf 74' lang='lat' dir='ltr'><strong>«quodnam</strong></span> 
     </span>
     <span class='ocr_line' id='line_1_39' title="bbox 107 2484 803 2518; baseline 0.004 -3"><span class='ocrx_word' id='word_1_196' title='bbox 107 2485 209 2516; x_wconf 87' lang='lat' dir='ltr'><strong>tuum</strong></span> <span class='ocrx_word' id='word_1_197' title='bbox 238 2486 294 2517; x_wconf 79' lang='lat' dir='ltr'><strong>est</strong></span> <span class='ocrx_word' id='word_1_198' title='bbox 322 2484 558 2518; x_wconf 70' lang='lat' dir='ltr'><strong>consilium‘b</strong></span> <span class='ocrx_word' id='word_1_199' title='bbox 597 2487 673 2518; x_wconf 90' lang='lat' dir='ltr'><strong>tum</strong></span> <span class='ocrx_word' id='word_1_200' title='bbox 706 2486 803 2518; x_wconf 90' lang='lat' dir='ltr'><strong>idem</strong></span> 
     </span>
     <span class='ocr_line' id='line_1_40' title="bbox 108 2532 802 2575; baseline 0.001 -10"><span class='ocrx_word' id='word_1_201' title='bbox 108 2532 182 2565; x_wconf 79' lang='lat' dir='ltr'><strong>rere</strong></span> <span class='ocrx_word' id='word_1_202' title='bbox 204 2542 262 2565; x_wconf 91' lang='lat' dir='ltr'><strong>ac:</strong></span> <span class='ocrx_word' id='word_1_203' title='bbox 290 2534 395 2575; x_wconf 73' lang='lat' dir='ltr'><strong>aquid</strong></span> <span class='ocrx_word' id='word_1_204' title='bbox 418 2534 574 2567; x_wconf 72' lang='lat' dir='ltr'><strong>insanis?</strong></span> <span class='ocrx_word' id='word_1_205' title='bbox 603 2535 694 2567; x_wconf 81' lang='lat' dir='ltr'><strong>satin</strong></span> <span class='ocrx_word' id='word_1_206' title='bbox 716 2543 802 2567; x_wconf 90' lang='lat' dir='ltr'><strong>sana</strong></span> 
     </span>
     <span class='ocr_line' id='line_1_41' title="bbox 108 2582 801 2624; baseline 0 -11"><span class='ocrx_word' id='word_1_207' title='bbox 108 2583 171 2614; x_wconf 69' lang='lat' dir='ltr'><strong>es?</strong></span> <span class='ocrx_word' id='word_1_208' title='bbox 186 2582 274 2614; x_wconf 90' lang='lat' dir='ltr'><strong>Nihil</strong></span> <span class='ocrx_word' id='word_1_209' title='bbox 289 2583 448 2624; x_wconf 78' lang='lat' dir='ltr'><strong>profecto</strong></span> <span class='ocrx_word' id='word_1_210' title='bbox 464 2583 628 2624; x_wconf 87' lang='lat' dir='ltr'><strong>proficies</strong></span> <span class='ocrx_word' id='word_1_211' title='bbox 638 2608 646 2622; x_wconf 86' lang='lat'><strong>,</strong></span> <span class='ocrx_word' id='word_1_212' title='bbox 668 2583 801 2615; x_wconf 65' lang='lat' dir='ltr'><strong>fatuas»</strong></span> 
     </span>
     <span class='ocr_line' id='line_1_42' title="bbox 109 2631 800 2673; baseline 0.004 -12"><span class='ocrx_word' id='word_1_213' title='bbox 109 2632 147 2662; x_wconf 87' lang='lat' dir='ltr'><strong>nt</strong></span> <span class='ocrx_word' id='word_1_214' title='bbox 169 2631 272 2673; x_wconf 87' lang='lat' dir='ltr'><strong>Prop.</strong></span> <span class='ocrx_word' id='word_1_215' title='bbox 298 2632 337 2670; x_wconf 94' lang='grc'><strong>4,</strong></span> <span class='ocrx_word' id='word_1_216' title='bbox 370 2633 410 2671; x_wconf 82' lang='grc'><strong>5,</strong></span> <span class='ocrx_word' id='word_1_217' title='bbox 443 2632 481 2664; x_wconf 87' lang='grc'><strong>3;</strong></span> <span class='ocrx_word' id='word_1_218' title='bbox 518 2633 604 2673; x_wconf 75' lang='lat' dir='ltr'><strong>Quid</strong></span> <span class='ocrx_word' id='word_1_219' title='bbox 637 2632 696 2664; x_wconf 74' lang='lat' dir='ltr'><strong>tibi</strong></span> <span class='ocrx_word' id='word_1_220' title='bbox 728 2633 800 2672; x_wconf 76' lang='lat' dir='ltr'><strong>vis,</strong></span> 
     </span>
     <span class='ocr_line' id='line_1_43' title="bbox 108 2679 799 2722; baseline 0.006 -12"><span class='ocrx_word' id='word_1_221' title='bbox 108 2679 247 2712; x_wconf 79' lang='lat' dir='ltr'><strong>insane?</strong></span> <span class='ocrx_word' id='word_1_222' title='bbox 267 2689 356 2714; x_wconf 77' lang='lat' dir='ltr'><strong>meos</strong></span> <span class='ocrx_word' id='word_1_223' title='bbox 371 2682 492 2713; x_wconf 74' lang='lat' dir='ltr'><strong>sentire</strong></span> <span class='ocrx_word' id='word_1_224' title='bbox 503 2681 659 2722; x_wconf 75' lang='lat' dir='ltr'><strong>furores?</strong></span> <span class='ocrx_word' id='word_1_225' title='bbox 672 2681 799 2715; x_wconf 83' lang='lat' dir='ltr'><strong>Archil.</strong></span> 
     </span>
    </p>
   </div>
   <div class='ocr_carea' id='block_1_9' title="bbox 851 1202 1558 2724">
    <p class='ocr_par' dir='ltr' id='par_1_11' title="bbox 851 1202 1558 2724">
     <span class='ocr_line' id='line_1_44' title="bbox 858 1202 1558 1252; baseline 0.001 -15"><span class='ocrx_word' id='word_1_226' title='bbox 858 1205 913 1237; x_wconf 81' lang='lat' dir='ltr'><strong>Fr.</strong></span> <span class='ocrx_word' id='word_1_227' title='bbox 938 1205 993 1237; x_wconf 87' lang='grc'><strong>84.</strong></span> <span class='ocrx_word' id='word_1_228' title='bbox 1019 1205 1144 1237; x_wconf 85' lang='lat' dir='ltr'><strong>Schn.:</strong></span> <span class='ocrx_word' id='word_1_229' title='bbox 1182 1205 1247 1246; x_wconf 81' lang='grc' dir='ltr'><strong>Τίς</strong></span> <span class='ocrx_word' id='word_1_230' title='bbox 1274 1202 1347 1246; x_wconf 85' lang='grc' dir='ltr'><strong>σὰς</strong></span> <span class='ocrx_word' id='word_1_231' title='bbox 1375 1202 1558 1252; x_wconf 72' lang='grc' dir='ltr'><strong>παρήειρε</strong></span> 
     </span>
     <span class='ocr_line' id='line_1_45' title="bbox 857 1253 1558 1300; baseline 0.003 -14"><span class='ocrx_word' id='word_1_232' title='bbox 857 1255 1024 1300; x_wconf 78' lang='grc' dir='ltr'><em>φρένας;</em></span> <span class='ocrx_word' id='word_1_233' title='bbox 1050 1272 1086 1278; x_wconf 90' lang='grc'><strong>-</strong></span> <span class='ocrx_word' id='word_1_234' title='bbox 1114 1253 1243 1297; x_wconf 72' lang='lat' dir='ltr'><strong>ban-is]</strong></span> <span class='ocrx_word' id='word_1_235' title='bbox 1269 1254 1396 1297; x_wconf 76' lang='lat' dir='ltr'><strong>«Apud</strong></span> <span class='ocrx_word' id='word_1_236' title='bbox 1418 1255 1558 1288; x_wconf 88' lang='lat' dir='ltr'><strong>ludos-</strong></span> 
     </span>
     <span class='ocr_line' id='line_1_46' title="bbox 858 1303 1558 1346; baseline 0.001 -11"><span class='ocrx_word' id='word_1_237' title='bbox 858 1303 1067 1346; x_wconf 88' lang='lat' dir='ltr'><strong>elephantus</strong></span> <span class='ocrx_word' id='word_1_238' title='bbox 1083 1312 1104 1336; x_wconf 90' lang='lat' dir='ltr'><strong>a</strong></span> <span class='ocrx_word' id='word_1_239' title='bbox 1115 1312 1205 1336; x_wconf 86' lang='lat' dir='ltr'><strong>voce</strong></span> <span class='ocrx_word' id='word_1_240' title='bbox 1221 1303 1323 1336; x_wconf 71' lang='lat' dir='ltr'><strong>barro</strong></span> <span class='ocrx_word' id='word_1_241' title='bbox 1334 1305 1483 1336; x_wconf 87' lang='lat' dir='ltr'><strong>vocatm·</strong></span> <span class='ocrx_word' id='word_1_242' title='bbox 1496 1314 1503 1343; x_wconf 92' lang='lat'>;</span> <span class='ocrx_word' id='word_1_243' title='bbox 1517 1321 1533 1328; x_wconf 96' lang='lat'>-</span> <span class='ocrx_word' id='word_1_244' title='bbox 1542 1321 1558 1327; x_wconf 96' lang='lat'>-</span> 
     </span>
     <span class='ocr_line' id='line_1_47' title="bbox 855 1352 1555 1395; baseline 0.003 -11"><span class='ocrx_word' id='word_1_245' title='bbox 855 1362 925 1385; x_wconf 80' lang='lat' dir='ltr'><strong>vox</strong></span> <span class='ocrx_word' id='word_1_246' title='bbox 947 1353 1024 1385; x_wconf 84' lang='lat' dir='ltr'><strong>eius</strong></span> <span class='ocrx_word' id='word_1_247' title='bbox 1058 1352 1245 1384; x_wconf 74' lang='lat' dir='ltr'><strong>barritus.»</strong></span> <span class='ocrx_word' id='word_1_248' title='bbox 1278 1353 1404 1386; x_wconf 89' lang='lat' dir='ltr'><strong>Isidor.</strong></span> <span class='ocrx_word' id='word_1_249' title='bbox 1439 1354 1555 1395; x_wconf 84' lang='lat' dir='ltr'><strong>Origg.</strong></span> 
     </span>
     <span class='ocr_line' id='line_1_48' title="bbox 857 1401 1558 1445; baseline 0.003 -11"><span class='ocrx_word' id='word_1_250' title='bbox 857 1403 915 1441; x_wconf 78' lang='lat'><strong>⁴2,</strong></span> <span class='ocrx_word' id='word_1_251' title='bbox 929 1403 971 1442; x_wconf 76' lang='lat'><strong>2,</strong></span> <span class='ocrx_word' id='word_1_252' title='bbox 986 1401 1062 1442; x_wconf 93' lang='grc'><strong>44.</strong></span> <span class='ocrx_word' id='word_1_253' title='bbox 1081 1402 1140 1434; x_wconf 83' lang='lat' dir='ltr'><strong>vix</strong></span> <span class='ocrx_word' id='word_1_254' title='bbox 1154 1403 1264 1434; x_wconf 88' lang='lat' dir='ltr'><strong>recte.</strong></span> <span class='ocrx_word' id='word_1_255' title='bbox 1290 1403 1438 1444; x_wconf 85' lang='lat' dir='ltr'><strong>Dignam</strong></span> <span class='ocrx_word' id='word_1_256' title='bbox 1454 1404 1558 1445; x_wconf 83' lang='lat' dir='ltr'><strong>igitur</strong></span> 
     </span>
     <span class='ocr_line' id='line_1_49' title="bbox 856 1451 1556 1494; baseline 0.006 -11"><span class='ocrx_word' id='word_1_257' title='bbox 856 1451 956 1491; x_wconf 90' lang='lat' dir='ltr'><strong>dicit,</strong></span> <span class='ocrx_word' id='word_1_258' title='bbox 982 1460 1075 1493; x_wconf 86' lang='lat' dir='ltr'><strong>quae</strong></span> <span class='ocrx_word' id='word_1_259' title='bbox 1092 1459 1171 1484; x_wconf 87' lang='lat' dir='ltr'><strong>rem</strong></span> <span class='ocrx_word' id='word_1_260' title='bbox 1190 1451 1323 1484; x_wconf 88' lang='lat' dir='ltr'><strong>habeat</strong></span> <span class='ocrx_word' id='word_1_261' title='bbox 1340 1454 1458 1494; x_wconf 92' lang='lat' dir='ltr'><strong>potius</strong></span> <span class='ocrx_word' id='word_1_262' title='bbox 1472 1462 1556 1487; x_wconf 88' lang='lat' dir='ltr'><strong>cum</strong></span> 
     </span>
     <span class='ocr_line' id='line_1_50' title="bbox 855 1499 1557 1542; baseline 0.004 -10"><span class='ocrx_word' id='word_1_263' title='bbox 855 1499 1071 1542; x_wconf 87' lang='lat' dir='ltr'><strong>elephantis,</strong></span> <span class='ocrx_word' id='word_1_264' title='bbox 1104 1500 1217 1542; x_wconf 76' lang='lat' dir='ltr'><strong>forma</strong></span> <span class='ocrx_word' id='word_1_265' title='bbox 1250 1501 1419 1542; x_wconf 50' lang='lat' dir='ltr'><strong>trucibus,</strong></span> <span class='ocrx_word' id='word_1_266' title='bbox 1455 1503 1557 1535; x_wconf 75' lang='lat' dir='ltr'><strong>odore</strong></span> 
     </span>
     <span class='ocr_line' id='line_1_51' title="bbox 854 1549 1552 1592; baseline 0.004 -10"><span class='ocrx_word' id='word_1_267' title='bbox 854 1549 1029 1591; x_wconf 64' lang='lat' dir='ltr'><strong>gravibus,</strong></span> <span class='ocrx_word' id='word_1_268' title='bbox 1052 1550 1139 1582; x_wconf 80' lang='lat' dir='ltr'><strong>mole</strong></span> <span class='ocrx_word' id='word_1_269' title='bbox 1159 1550 1360 1583; x_wconf 73' lang='lat' dir='ltr'><strong>terribilibus</strong></span> <span class='ocrx_word' id='word_1_270' title='bbox 1383 1551 1495 1592; x_wconf 88' lang='lat' dir='ltr'><strong>(Oros.</strong></span> <span class='ocrx_word' id='word_1_271' title='bbox 1512 1552 1552 1591; x_wconf 89' lang='grc'><strong>4,</strong></span> 
     </span>
     <span class='ocr_line' id='line_1_52' title="bbox 856 1599 1555 1641; baseline 0.001 -9"><span class='ocrx_word' id='word_1_272' title='bbox 856 1600 925 1641; x_wconf 88' lang='grc'><strong>4.),</strong></span> <span class='ocrx_word' id='word_1_273' title='bbox 961 1609 1070 1641; x_wconf 90' lang='lat' dir='ltr'><strong>quam</strong></span> <span class='ocrx_word' id='word_1_274' title='bbox 1103 1608 1187 1632; x_wconf 91' lang='lat' dir='ltr'><strong>cum</strong></span> <span class='ocrx_word' id='word_1_275' title='bbox 1219 1599 1447 1633; x_wconf 84' lang='lat' dir='ltr'><strong>adolescente</strong></span> <span class='ocrx_word' id='word_1_276' title='bbox 1482 1601 1555 1634; x_wconf 83' lang='lat' dir='ltr'><strong>for-</strong></span> 
     </span>
     <span class='ocr_line' id='line_1_53' title="bbox 854 1648 1556 1691; baseline 0.003 -10"><span class='ocrx_word' id='word_1_277' title='bbox 854 1658 967 1681; x_wconf 90' lang='lat' dir='ltr'><strong>moso.</strong></span> <span class='ocrx_word' id='word_1_278' title='bbox 998 1648 1063 1681; x_wconf 88' lang='lat' dir='ltr'><strong>Alii</strong></span> <span class='ocrx_word' id='word_1_279' title='bbox 1086 1650 1249 1690; x_wconf 88' lang='lat' dir='ltr'><strong>precario</strong></span> <span class='ocrx_word' id='word_1_280' title='bbox 1273 1649 1319 1682; x_wconf 87' lang='lat' dir='ltr'><strong>de</strong></span> <span class='ocrx_word' id='word_1_281' title='bbox 1341 1651 1472 1691; x_wconf 89' lang='lat' dir='ltr'><strong>simiis,</strong></span> <span class='ocrx_word' id='word_1_282' title='bbox 1498 1650 1556 1683; x_wconf 85' lang='lat' dir='ltr'><strong>alii</strong></span> 
     </span>
     <span class='ocr_line' id='line_1_54' title="bbox 854 1698 1554 1740; baseline 0.004 -10"><span class='ocrx_word' id='word_1_283' title='bbox 854 1699 966 1739; x_wconf 87' lang='lat' dir='ltr'><strong>magis</strong></span> <span class='ocrx_word' id='word_1_284' title='bbox 983 1699 1091 1731; x_wconf 84' lang='lat' dir='ltr'><strong>etiam</strong></span> <span class='ocrx_word' id='word_1_285' title='bbox 1105 1698 1253 1731; x_wconf 87' lang='lat' dir='ltr'><strong>ridicule</strong></span> <span class='ocrx_word' id='word_1_286' title='bbox 1269 1699 1315 1732; x_wconf 93' lang='lat' dir='ltr'><strong>de</strong></span> <span class='ocrx_word' id='word_1_287' title='bbox 1330 1701 1451 1740; x_wconf 81' lang='lat' dir='ltr'><strong>Barro,</strong></span> <span class='ocrx_word' id='word_1_288' title='bbox 1469 1702 1554 1733; x_wconf 88' lang='lat' dir='ltr'><strong>noto</strong></span> 
     </span>
     <span class='ocr_line' id='line_1_55' title="bbox 853 1748 1555 1791; baseline 0.003 -11"><span class='ocrx_word' id='word_1_289' title='bbox 853 1748 1004 1780; x_wconf 89' lang='lat' dir='ltr'><strong>moecho</strong></span> <span class='ocrx_word' id='word_1_290' title='bbox 1029 1748 1112 1789; x_wconf 91' lang='lat' dir='ltr'><strong>(Sat.</strong></span> <span class='ocrx_word' id='word_1_291' title='bbox 1131 1748 1168 1787; x_wconf 84' lang='grc'><strong>4,</strong></span> <span class='ocrx_word' id='word_1_292' title='bbox 1194 1748 1232 1788; x_wconf 87' lang='grc'><strong>6,</strong></span> <span class='ocrx_word' id='word_1_293' title='bbox 1257 1748 1325 1789; x_wconf 87' lang='grc'><strong>30.)</strong></span> <span class='ocrx_word' id='word_1_294' title='bbox 1340 1775 1348 1788; x_wconf 88' lang='grc'><strong>,</strong></span> <span class='ocrx_word' id='word_1_295' title='bbox 1374 1750 1555 1791; x_wconf 90' lang='lat' dir='ltr'><strong>interpre-</strong></span> 
     </span>
     <span class='ocr_line' id='line_1_56' title="bbox 853 1798 1555 1836; baseline 0.003 -7"><span class='ocrx_word' id='word_1_296' title='bbox 853 1798 915 1830; x_wconf 84' lang='lat' dir='ltr'><strong>tati</strong></span> <span class='ocrx_word' id='word_1_297' title='bbox 938 1798 1032 1830; x_wconf 88' lang='lat' dir='ltr'><strong>sunt.</strong></span> <span class='ocrx_word' id='word_1_298' title='bbox 1058 1815 1095 1820; x_wconf 98' lang='lat'><strong>—</strong></span> <span class='ocrx_word' id='word_1_299' title='bbox 1126 1798 1207 1836; x_wconf 70' lang='lat' dir='ltr'><strong>quid</strong></span> <span class='ocrx_word' id='word_1_300' title='bbox 1227 1798 1308 1830; x_wconf 71' lang='lat' dir='ltr'><strong>mihi</strong></span> <span class='ocrx_word' id='word_1_301' title='bbox 1331 1798 1450 1831; x_wconf 84' lang='lat' dir='ltr'><strong>firmat</strong></span> <span class='ocrx_word' id='word_1_302' title='bbox 1478 1800 1555 1831; x_wconf 81' lang='lat' dir='ltr'><strong>Ma-</strong></span> 
     </span>
     <span class='ocr_line' id='line_1_57' title="bbox 853 1847 1556 1888; baseline 0.003 -10"><span class='ocrx_word' id='word_1_303' title='bbox 853 1847 926 1879; x_wconf 85' lang='lat' dir='ltr'><strong>rius</strong></span> <span class='ocrx_word' id='word_1_304' title='bbox 948 1847 1149 1879; x_wconf 86' lang='lat' dir='ltr'><strong>Victorinus</strong></span> <span class='ocrx_word' id='word_1_305' title='bbox 1170 1856 1206 1888; x_wconf 90' lang='lat' dir='ltr'><strong>p.</strong></span> <span class='ocrx_word' id='word_1_306' title='bbox 1224 1847 1300 1879; x_wconf 77' lang='lat'><strong>235.</strong></span> <span class='ocrx_word' id='word_1_307' title='bbox 1319 1847 1423 1880; x_wconf 81' lang='lat' dir='ltr'><strong>Gaisf.</strong></span> <span class='ocrx_word' id='word_1_308' title='bbox 1464 1848 1556 1880; x_wconf 93' lang='lat' dir='ltr'><strong>Con-</strong></span> 
     </span>
     <span class='ocr_line' id='line_1_58' title="bbox 853 1895 1555 1937; baseline 0.001 -9"><span class='ocrx_word' id='word_1_309' title='bbox 853 1898 908 1928; x_wconf 85' lang='lat' dir='ltr'><strong>tra</strong></span> <span class='ocrx_word' id='word_1_310' title='bbox 939 1895 1093 1937; x_wconf 82' lang='lat' dir='ltr'><strong>glossam</strong></span> <span class='ocrx_word' id='word_1_311' title='bbox 1115 1905 1176 1928; x_wconf 78' lang='lat' dir='ltr'><strong>cur</strong></span> <span class='ocrx_word' id='word_1_312' title='bbox 1205 1897 1285 1928; x_wconf 75' lang='lat' dir='ltr'><strong>mihi</strong></span> <span class='ocrx_word' id='word_1_313' title='bbox 1314 1906 1416 1928; x_wconf 76' lang='lat' dir='ltr'><strong>curve</strong></span> <span class='ocrx_word' id='word_1_314' title='bbox 1444 1896 1555 1930; x_wconf 89' lang='lat' dir='ltr'><strong>habet</strong></span> 
     </span>
     <span class='ocr_line' id='line_1_59' title="bbox 853 1944 1551 1987; baseline 0.003 -10"><span class='ocrx_word' id='word_1_315' title='bbox 853 1946 924 1977; x_wconf 89' lang='lat' dir='ltr'><strong>iam</strong></span> <span class='ocrx_word' id='word_1_316' title='bbox 957 1944 1081 1978; x_wconf 83' lang='lat' dir='ltr'><strong>Atilius</strong></span> <span class='ocrx_word' id='word_1_317' title='bbox 1115 1946 1384 1978; x_wconf 69' lang='lat' dir='ltr'><strong>fortunatianus</strong></span> <span class='ocrx_word' id='word_1_318' title='bbox 1409 1955 1445 1987; x_wconf 93' lang='lat' dir='ltr'><strong>p.</strong></span> <span class='ocrx_word' id='word_1_319' title='bbox 1474 1946 1551 1979; x_wconf 78' lang='lat'><strong>362.</strong></span> 
     </span>
     <span class='ocr_line' id='line_1_60' title="bbox 852 1994 1554 2036; baseline 0.003 -10"><span class='ocrx_word' id='word_1_320' title='bbox 852 1994 939 2027; x_wconf 89' lang='lat' dir='ltr'><strong>ibid.</strong></span> <span class='ocrx_word' id='word_1_321' title='bbox 953 2019 961 2034; x_wconf 93' lang='lat'><strong>,</strong></span> <span class='ocrx_word' id='word_1_322' title='bbox 998 1995 1099 2027; x_wconf 86' lang='lat' dir='ltr'><strong>cuius</strong></span> <span class='ocrx_word' id='word_1_323' title='bbox 1129 1996 1226 2036; x_wconf 88' lang='lat' dir='ltr'><strong>prior</strong></span> <span class='ocrx_word' id='word_1_324' title='bbox 1256 2004 1341 2036; x_wconf 88' lang='lat' dir='ltr'><strong>pars</strong></span> <span class='ocrx_word' id='word_1_325' title='bbox 1364 1996 1400 2027; x_wconf 93' lang='lat' dir='ltr'><strong>in</strong></span> <span class='ocrx_word' id='word_1_326' title='bbox 1423 1995 1554 2028; x_wconf 91' lang='lat' dir='ltr'><strong>multos</strong></span> 
     </span>
     <span class='ocr_line' id='line_1_61' title="bbox 854 2043 1551 2085; baseline 0 -8"><span class='ocrx_word' id='word_1_327' title='bbox 854 2043 966 2077; x_wconf 91' lang='lat' dir='ltr'><strong>Codd.</strong></span> <span class='ocrx_word' id='word_1_328' title='bbox 991 2044 1148 2085; x_wconf 82' lang='lat' dir='ltr'><strong>irrepsit,</strong></span> <span class='ocrx_word' id='word_1_329' title='bbox 1180 2044 1246 2077; x_wconf 91' lang='lat' dir='ltr'><strong>sed</strong></span> <span class='ocrx_word' id='word_1_330' title='bbox 1272 2045 1447 2085; x_wconf 84' lang='lat' dir='ltr'><strong>ingratam</strong></span> <span class='ocrx_word' id='word_1_331' title='bbox 1474 2045 1510 2076; x_wconf 88' lang='lat' dir='ltr'><strong>h.</strong></span> <span class='ocrx_word' id='word_1_332' title='bbox 1527 2044 1551 2077; x_wconf 91' lang='lat' dir='ltr'><strong>l.</strong></span> 
     </span>
     <span class='ocr_line' id='line_1_62' title="bbox 854 2093 1550 2134; baseline 0 -9"><span class='ocrx_word' id='word_1_333' title='bbox 854 2093 961 2126; x_wconf 84' lang='lat' dir='ltr'><strong>efficit</strong></span> <span class='ocrx_word' id='word_1_334' title='bbox 974 2094 1206 2126; x_wconf 86' lang='lat' dir='ltr'><strong>variationem</strong></span> <span class='ocrx_word' id='word_1_335' title='bbox 1225 2094 1317 2125; x_wconf 89' lang='lat' dir='ltr'><strong>inter</strong></span> <span class='ocrx_word' id='word_1_336' title='bbox 1331 2103 1394 2125; x_wconf 82' lang='lat' dir='ltr'><strong>cur</strong></span> <span class='ocrx_word' id='word_1_337' title='bbox 1409 2095 1445 2126; x_wconf 92' lang='lat' dir='ltr'><strong>et</strong></span> <span class='ocrx_word' id='word_1_338' title='bbox 1460 2094 1550 2134; x_wconf 77' lang='lat' dir='ltr'><strong>quid.</strong></span> 
     </span>
     <span class='ocr_line' id='line_1_63' title="bbox 856 2142 1552 2184; baseline 0.001 -10"><span class='ocrx_word' id='word_1_339' title='bbox 856 2160 893 2165; x_wconf 85' lang='lat'>—</span> <span class='ocrx_word' id='word_1_340' title='bbox 928 2142 1083 2184; x_wconf 79' lang='lat' dir='ltr'><strong>tabellas]</strong></span> <span class='ocrx_word' id='word_1_341' title='bbox 1120 2142 1349 2184; x_wconf 79' lang='lat' dir='ltr'><strong>«pugillaria,</strong></span> <span class='ocrx_word' id='word_1_342' title='bbox 1385 2142 1552 2184; x_wconf 89' lang='lat' dir='ltr'><strong>epistolas</strong></span> 
     </span>
     <span class='ocr_line' id='line_1_64' title="bbox 854 2192 1552 2234; baseline 0.003 -12"><span class='ocrx_word' id='word_1_343' title='bbox 854 2192 1079 2224; x_wconf 73' lang='lat' dir='ltr'><strong>amatorias.»</strong></span> <span class='ocrx_word' id='word_1_344' title='bbox 1103 2192 1191 2224; x_wconf 91' lang='lat' dir='ltr'><strong>Vide</strong></span> <span class='ocrx_word' id='word_1_345' title='bbox 1208 2192 1254 2224; x_wconf 89' lang='lat' dir='ltr'><strong>ad</strong></span> <span class='ocrx_word' id='word_1_346' title='bbox 1268 2201 1302 2224; x_wconf 85' lang='lat' dir='ltr'><strong>v.</strong></span> <span class='ocrx_word' id='word_1_347' title='bbox 1318 2193 1371 2224; x_wconf 89' lang='grc'><strong>47.</strong></span> <span class='ocrx_word' id='word_1_348' title='bbox 1389 2210 1425 2216; x_wconf 87' lang='grc'>-</span> <span class='ocrx_word' id='word_1_349' title='bbox 1440 2192 1552 2234; x_wconf 69' lang='lat' dir='ltr'><strong>firmo]</strong></span> 
     </span>
     <span class='ocr_line' id='line_1_65' title="bbox 856 2240 1554 2274; baseline 0.004 -3"><span class='ocrx_word' id='word_1_350' title='bbox 856 2250 946 2272; x_wconf 75' lang='lat' dir='ltr'><strong>«non</strong></span> <span class='ocrx_word' id='word_1_351' title='bbox 960 2242 1045 2273; x_wconf 87' lang='lat' dir='ltr'><strong>satis</strong></span> <span class='ocrx_word' id='word_1_352' title='bbox 1060 2240 1176 2273; x_wconf 87' lang='lat' dir='ltr'><strong>valido</strong></span> <span class='ocrx_word' id='word_1_353' title='bbox 1193 2242 1239 2274; x_wconf 89' lang='lat' dir='ltr'><strong>ad</strong></span> <span class='ocrx_word' id='word_1_354' title='bbox 1257 2241 1439 2274; x_wconf 87' lang='lat' dir='ltr'><strong>libidinem</strong></span> <span class='ocrx_word' id='word_1_355' title='bbox 1454 2243 1554 2274; x_wconf 90' lang='lat' dir='ltr'><strong>tuam</strong></span> 
     </span>
     <span class='ocr_line' id='line_1_66' title="bbox 854 2289 1552 2332; baseline 0.003 -11"><span class='ocrx_word' id='word_1_356' title='bbox 854 2289 1101 2330; x_wconf 75' lang='lat' dir='ltr'><strong>explendam.»</strong></span> <span class='ocrx_word' id='word_1_357' title='bbox 1124 2290 1199 2322; x_wconf 87' lang='lat' dir='ltr'><strong>Hoc</strong></span> <span class='ocrx_word' id='word_1_358' title='bbox 1218 2299 1284 2332; x_wconf 87' lang='lat' dir='ltr'><strong>per</strong></span> <span class='ocrx_word' id='word_1_359' title='bbox 1307 2291 1442 2330; x_wconf 88' lang='lat' dir='ltr'><strong>iocum,</strong></span> <span class='ocrx_word' id='word_1_360' title='bbox 1468 2299 1552 2323; x_wconf 88' lang='lat' dir='ltr'><strong>cum</strong></span> 
     </span>
     <span class='ocr_line' id='line_1_67' title="bbox 854 2339 1554 2381; baseline 0.001 -11"><span class='ocrx_word' id='word_1_361' title='bbox 854 2340 988 2370; x_wconf 86' lang='lat' dir='ltr'><strong>tantum</strong></span> <span class='ocrx_word' id='word_1_362' title='bbox 1020 2340 1167 2380; x_wconf 91' lang='lat' dir='ltr'><strong>propter</strong></span> <span class='ocrx_word' id='word_1_363' title='bbox 1195 2339 1334 2372; x_wconf 86' lang='lat' dir='ltr'><strong>vetulae</strong></span> <span class='ocrx_word' id='word_1_364' title='bbox 1364 2339 1554 2381; x_wconf 86' lang='lat' dir='ltr'><strong>turpitudi-</strong></span> 
     </span>
     <span class='ocr_line' id='line_1_68' title="bbox 854 2388 1552 2429; baseline 0.001 -9"><span class='ocrx_word' id='word_1_365' title='bbox 854 2397 938 2420; x_wconf 89' lang='lat' dir='ltr'><strong>nem</strong></span> <span class='ocrx_word' id='word_1_366' title='bbox 970 2389 1089 2420; x_wconf 91' lang='lat' dir='ltr'><strong>minus</strong></span> <span class='ocrx_word' id='word_1_367' title='bbox 1123 2389 1169 2421; x_wconf 89' lang='lat' dir='ltr'><strong>sit</strong></span> <span class='ocrx_word' id='word_1_368' title='bbox 1201 2388 1339 2421; x_wconf 84' lang='lat' dir='ltr'><strong>firmus.</strong></span> <span class='ocrx_word' id='word_1_369' title='bbox 1378 2405 1414 2411; x_wconf 93' lang='lat'>—</span> <span class='ocrx_word' id='word_1_370' title='bbox 1447 2397 1552 2429; x_wconf 78' lang='lat' dir='ltr'><strong>neque</strong></span> 
     </span>
     <span class='ocr_line' id='line_1_69' title="bbox 852 2437 1549 2479; baseline 0.001 -10"><span class='ocrx_word' id='word_1_371' title='bbox 852 2438 947 2469; x_wconf 73' lang='lat' dir='ltr'><strong>naris</strong></span> <span class='ocrx_word' id='word_1_372' title='bbox 977 2437 1106 2478; x_wconf 73' lang='lat' dir='ltr'><strong>obesae]</strong></span> <span class='ocrx_word' id='word_1_373' title='bbox 1138 2439 1244 2479; x_wconf 86' lang='lat' dir='ltr'><strong>atque</strong></span> <span class='ocrx_word' id='word_1_374' title='bbox 1277 2437 1359 2469; x_wconf 88' lang='lat' dir='ltr'><strong>ideo</strong></span> <span class='ocrx_word' id='word_1_375' title='bbox 1388 2437 1549 2471; x_wconf 89' lang='lat' dir='ltr'><strong>obtusae.</strong></span> 
     </span>
     <span class='ocr_line' id='line_1_70' title="bbox 853 2486 1552 2527; baseline 0.001 -9"><span class='ocrx_word' id='word_1_376' title='bbox 853 2487 928 2518; x_wconf 88' lang='lat' dir='ltr'><strong>Hoc</strong></span> <span class='ocrx_word' id='word_1_377' title='bbox 947 2486 1051 2527; x_wconf 88' lang='lat' dir='ltr'><strong>igitur</strong></span> <span class='ocrx_word' id='word_1_378' title='bbox 1070 2486 1174 2518; x_wconf 87' lang='lat' dir='ltr'><strong>dicit:</strong></span> <span class='ocrx_word' id='word_1_379' title='bbox 1202 2487 1265 2518; x_wconf 85' lang='lat' dir='ltr'><strong>«At</strong></span> <span class='ocrx_word' id='word_1_380' title='bbox 1281 2495 1346 2527; x_wconf 86' lang='lat' dir='ltr'><strong>ego</strong></span> <span class='ocrx_word' id='word_1_381' title='bbox 1363 2487 1439 2519; x_wconf 87' lang='lat' dir='ltr'><strong>eius</strong></span> <span class='ocrx_word' id='word_1_382' title='bbox 1455 2487 1552 2519; x_wconf 90' lang='lat' dir='ltr'><strong>naris</strong></span> 
     </span>
     <span class='ocr_line' id='line_1_71' title="bbox 853 2534 1551 2576; baseline 0.001 -9"><span class='ocrx_word' id='word_1_383' title='bbox 853 2543 953 2574; x_wconf 90' lang='lat' dir='ltr'><strong>sum,</strong></span> <span class='ocrx_word' id='word_1_384' title='bbox 984 2543 1077 2576; x_wconf 83' lang='lat' dir='ltr'><strong>quae</strong></span> <span class='ocrx_word' id='word_1_385' title='bbox 1100 2534 1212 2568; x_wconf 89' lang='lat' dir='ltr'><strong>malos</strong></span> <span class='ocrx_word' id='word_1_386' title='bbox 1236 2535 1365 2568; x_wconf 90' lang='lat' dir='ltr'><strong>odores</strong></span> <span class='ocrx_word' id='word_1_387' title='bbox 1388 2535 1551 2568; x_wconf 84' lang='lat' dir='ltr'><strong>facillime</strong></span> 
     </span>
     <span class='ocr_line' id='line_1_72' title="bbox 851 2585 1552 2626; baseline 0.001 -10"><span class='ocrx_word' id='word_1_388' title='bbox 851 2585 1088 2626; x_wconf 86' lang='lat' dir='ltr'><strong>persentiscat</strong></span> <span class='ocrx_word' id='word_1_389' title='bbox 1104 2586 1210 2625; x_wconf 87' lang='lat' dir='ltr'><strong>atque</strong></span> <span class='ocrx_word' id='word_1_390' title='bbox 1223 2593 1452 2626; x_wconf 86' lang='lat' dir='ltr'><strong>summopere</strong></span> <span class='ocrx_word' id='word_1_391' title='bbox 1467 2585 1552 2618; x_wconf 85' lang='lat' dir='ltr'><strong>hor·</strong></span> 
     </span>
     <span class='ocr_line' id='line_1_73' title="bbox 852 2633 1551 2674; baseline 0.003 -10"><span class='ocrx_word' id='word_1_392' title='bbox 852 2634 962 2665; x_wconf 72' lang='lat' dir='ltr'><strong>reat.»</strong></span> <span class='ocrx_word' id='word_1_393' title='bbox 981 2633 1161 2673; x_wconf 90' lang='lat' dir='ltr'><strong>(Ceterum</strong></span> <span class='ocrx_word' id='word_1_394' title='bbox 1177 2633 1222 2665; x_wconf 90' lang='lat' dir='ltr'><strong>de</strong></span> <span class='ocrx_word' id='word_1_395' title='bbox 1238 2634 1343 2674; x_wconf 87' lang='lat' dir='ltr'><strong>partt.</strong></span> <span class='ocrx_word' id='word_1_396' title='bbox 1359 2642 1551 2674; x_wconf 72' lang='lat' dir='ltr'><strong>nec-neque</strong></span> 
     </span>
     <span class='ocr_line' id='line_1_74' title="bbox 852 2681 1546 2724; baseline 0.001 -10"><span class='ocrx_word' id='word_1_397' title='bbox 852 2682 915 2715; x_wconf 79' lang='lat' dir='ltr'><strong>cfr.</strong></span> <span class='ocrx_word' id='word_1_398' title='bbox 942 2682 1043 2714; x_wconf 86' lang='lat' dir='ltr'><strong>Hand</strong></span> <span class='ocrx_word' id='word_1_399' title='bbox 1066 2681 1212 2715; x_wconf 89' lang='lat' dir='ltr'><strong>Tursell.</strong></span> <span class='ocrx_word' id='word_1_400' title='bbox 1238 2683 1291 2715; x_wconf 88' lang='lat' dir='ltr'><strong>1V.</strong></span> <span class='ocrx_word' id='word_1_401' title='bbox 1326 2691 1361 2724; x_wconf 94' lang='lat' dir='ltr'><strong>p.</strong></span> <span class='ocrx_word' id='word_1_402' title='bbox 1388 2682 1476 2723; x_wconf 70' lang='lat'><strong>⁴28.)</strong></span> <span class='ocrx_word' id='word_1_403' title='bbox 1510 2701 1546 2706; x_wconf 92' lang='lat'><strong>—-</strong></span> 
     </span>
    </p>
   </div>
  </div>
 </body>
</html>
