1722 2904
278 210 497 251 Annorum
528 207 664 250 series
696 213 738 250 et
767 207 866 265 suga
896 214 1150 264 temporum.

678 103 850 136 HORATII
875 103 1101 137 CARMINUM

1591 206 1618 247 U:

278 291 371 333 Non
401 289 539 332 omnis
569 288 729 331 moriar
758 287 977 345 multaque
1008 301 1109 345 pars
1139 287 1224 331 mei

278 369 432 414 Vitabit
461 368 707 412 Libitinam:
739 381 881 425 usque
912 382 993 425 ego
1024 375 1199 425 postera

280 451 483 495 Crescam
512 449 640 493 laude
671 463 845 500 recens,
878 449 982 492 dum
1012 448 1267 506 Capitolium

278 555 463 600 Scandet
493 569 591 599 cum
621 555 747 599 tacita
775 555 940 612 virgine
969 555 1171 613 pontifex.

168 760 297 790 rans»,
332 750 368 782 id
397 751 468 790 est,
512 749 766 781 «vehementer
789 757 871 782 sae-

168 802 304 834 viens.»
328 799 441 841 Epod.
468 799 529 839 46,
553 799 588 831 64
609 808 615 830 :
641 799 765 831 nullius
787 800 872 831 astri

171 869 190 874 -
206 853 361 883 aestuosa
376 867 395 873 -
409 849 614 889 impotentia.

211 902 243 933 5.
263 901 294 932 6.
318 900 403 941 fuya
416 899 613 941 temporum]
631 898 694 931 Od.
713 899 746 938 2,
766 898 818 938 44,
831 899 866 931 4;

167 951 306 992 fugaces
321 968 341 973 -
355 966 375 972 -
390 950 482 981 anni.
512 968 548 972 -
573 950 650 981 Non
665 948 780 990 omnis]
805 949 870 980 Se—

168 1009 256 1033 neca
272 999 399 1032 Troad.
418 1000 501 1032 382:
526 999 578 1032 An
600 1000 659 1032 toti
678 1000 867 1039 morimur,

171 1051 330 1091 nullaque
366 1058 450 1090 pars
493 1053 606 1082 manet
647 1048 791 1081 Nostri?
831 1067 867 1071 -

167 1101 338 1140 multaque
367 1108 452 1140 pars
484 1099 568 1141 mei]
616 1099 765 1140 «ingenii
798 1099 869 1131 mei

168 1152 434 1182 monumenta.»
671 1147 675 1157 '

211 1200 243 1231 7.
269 1200 301 1231 8.
327 1199 518 1240 Libitinam]
546 1198 685 1231 «Venus
706 1197 866 1237 Libitina,

166 1248 234 1280 dea
246 1248 411 1281 funerum
425 1248 500 1290 (cfr.
515 1248 661 1288 Dionys.
673 1246 746 1280 Hal.
758 1247 789 1287 4,
803 1247 868 1287 45.)

166 1299 408 1339 metonymice
443 1307 508 1340 pro
540 1298 668 1330 morte.
701 1314 737 1320 -
779 1297 867 1330 Adv.

165 1356 269 1387 usqae
289 1348 393 1389 iunge
410 1356 494 1380 cum
509 1356 543 1379 v.
561 1355 724 1387 crescam,
751 1355 870 1392 «sem—

165 1406 231 1439 per
255 1405 460 1429 orescamn:
486 1405 576 1428 non:
602 1405 710 1436 usque«
730 1405 865 1435 recens;

166 1455 236 1487 qua
271 1446 526 1488 significatione
562 1454 667 1485 usque
694 1455 766 1478 non
788 1446 868 1478 iun-

165 1496 257 1536 gitur
291 1496 357 1528 nisi
394 1504 477 1527 cum
500 1495 644 1534 verbis;
680 1504 748 1528 nec
781 1504 868 1528 vero

164 1554 269 1585 usque
293 1547 372 1578 dum
386 1546 537 1585 scandet,
564 1554 656 1586 quae
672 1545 762 1577 ratio
779 1544 869 1577 foret

164 1594 342 1637 pedestris
356 1594 535 1627 orationis.
548 1612 584 1617 —
593 1595 866 1636 postera-laude]

168 1645 205 1677 in
228 1653 334 1686 prosa
351 1653 404 1676 or.
431 1645 694 1685 «posterorum,
718 1644 870 1686 posteri-

163 1694 279 1726 tatis.»
308 1711 344 1716 -
372 1693 543 1735 Crescam]
571 1694 703 1734 «magis
734 1694 869 1735 magis-

166 1752 237 1785 que
254 1743 450 1785 agnoscent
472 1743 610 1775 futurae
635 1744 771 1776 aetates
794 1742 869 1775 lau—

165 1793 230 1826 des
254 1802 355 1825 meas
384 1793 542 1834 poeticas
574 1801 706 1833 meque
730 1793 866 1825 honore

163 1843 462 1885 persequentur.»
509 1843 613 1883 Prop.
651 1842 689 1882 3,
727 1843 764 1881 4,
803 1842 864 1874 33:

162 1892 232 1924 Nec
265 1901 332 1923 non
364 1892 419 1923 ille
451 1891 500 1923 tui
534 1899 631 1923 casus
663 1895 869 1923 memorator

162 1942 325 1974 Homerus
364 1941 559 1973 Posteritate
592 1949 690 1973 suwm
723 1950 868 1974 crescere

165 1991 266 2022 sensit
296 2000 391 2033 opus.
432 2008 468 2014 -
505 1990 635 2032 recens]
663 2000 867 2032 «nunquam

163 2039 363 2081 neglectus,
389 2041 472 2081 quia
488 2040 663 2073 memoria
678 2049 759 2073 mea
775 2049 869 2073 sem-

164 2098 230 2130 per
252 2098 366 2121 recens
388 2091 495 2130 atque
519 2088 717 2122 indelebilis
742 2098 868 2122 mane-

163 2138 250 2170 bit.»
279 2156 314 2161 —
342 2140 422 2171 dwm
445 2139 657 2180 Capitoliwm]
680 2139 866 2172 Artissime

164 2188 254 2221 haec
285 2189 478 2230 iunguntur
508 2198 591 2221 cum
617 2189 868 2230 praecedenti-

163 2238 253 2270 bus:
293 2247 396 2279 usque
410 2256 429 2262 -
444 2257 463 2262 -
478 2247 613 2277 reeens;
639 2247 757 2280 neque
779 2247 866 2271 vero

166 2296 248 2320 eum
283 2288 419 2321 recenti
452 2289 647 2329 interprete
678 2289 727 2320 ita
756 2288 869 2321 disse-

166 2337 239 2369 cari
262 2336 318 2369 vel
342 2338 458 2379 potius
482 2336 667 2369 dilacerari
690 2339 862 2378 possunt:

163 2395 277 2418 recens
287 2395 299 2425 ,·
324 2387 403 2419 dum
420 2387 620 2427 Capitolium
635 2405 654 2410 -
669 2404 688 2410 —
698 2387 864 2428 pontifex,

164 2435 272 2467 Dicar
295 2437 363 2468 cet.
404 2453 439 2459 —
479 2435 676 2474 «Quamdiu
709 2436 866 2477 pontifex

165 2485 342 2519 maximus
371 2493 453 2516 cum
486 2484 696 2526 pontificum
719 2484 867 2526 collegio

166 2535 201 2566 et
223 2534 417 2575 virginibus
440 2533 641 2567 Vestalibus
664 2534 867 2576 religiosum

167 2582 345 2616 silentium
375 2582 579 2616 tenentibus
611 2583 738 2617 diebus
769 2584 867 2617 sestis

166 2633 202 2664 in
226 2633 354 2666 aedem
377 2634 468 2666 Iovis
492 2632 677 2675 Capitolini
706 2633 868 2666 sollemni

917 749 1136 791 piternum»;
1177 743 1260 783 cum
1283 750 1380 783 enim
1403 751 1513 784 Roma
1537 750 1622 783 Urbs

918 802 1059 831 aeterna
1092 798 1230 832 civibus
1263 800 1337 833 suis
1360 801 1476 840 esset,
1515 809 1619 834 sacra

917 848 1060 891 publica
1104 857 1286 890 nunquam
1324 849 1538 883 exstinctum
1574 851 1618 882 iri

918 899 959 931 iis
997 907 1211 940 persuasum
1245 899 1332 932 erat.
1372 898 1618 946 Κυριωτέρως

917 949 953 981 et
975 951 1015 981 ut
1037 949 1180 990 epicum
1194 949 1338 990 poetam
1353 948 1508 982 decebat
1521 949 1617 990 Virg.

916 999 1004 1030 Aen.
1031 998 1071 1038 9,
1103 997 1186 1031 448:
1229 998 1321 1030 Dum
1349 999 1465 1031 domas
1490 998 1619 1031 Aeneae

917 1048 1060 1088 Capitoli
1083 1047 1248 1080 immobile
1270 1056 1394 1080 samum
1414 1048 1544 1081 Accolet
1557 1049 1620 1081 im—

911 1098 1110 1138 periumque
1138 1100 1241 1138 pater
1271 1098 1441 1130 Romanas
1476 1097 1615 1130 habebit.

918 1147 1018 1179 Ovid.
1045 1147 1147 1180 Trist.
1172 1146 1212 1187 3,
1231 1147 1270 1187 7,
1287 1148 1325 1180 54
1345 1156 1353 1179 z
1376 1148 1532 1188 Dumque
1550 1148 1620 1180 sais

916 1197 1043 1229 victrix
1076 1206 1206 1230 omnem
1238 1198 1293 1230 de·
1309 1197 1475 1230 montibus
1506 1197 1619 1231 orbem

915 1247 1096 1288 Prospiciet
1132 1247 1294 1279 domitum
1326 1248 1457 1280 Martia
1487 1248 1596 1280 Roma
1609 1273 1616 1287 ,

917 1297 1022 1338 leqar.
1059 1297 1203 1329 Cassius
1226 1297 1291 1329 Dio
1314 1298 1480 1339 Excerpt.
1504 1297 1616 1330 Vatic.

915 1355 951 1388 p.
979 1346 1063 1379 454:
1103 1343 1296 1389 Σιβύλλης
1318 1344 1498 1392 χρησμὸς
1518 1344 1619 1387 ἐφά-

917 1405 1032 1428 σκετο
1047 1393 1288 1429 Καπιτώλιον
1303 1393 1519 1437 κεφάλαιον
1533 1392 1619 1430 ἔσε-

917 1446 1012 1478 σθαι
1045 1445 1115 1488 τῆς
1147 1446 1381 1489 οἰκουμένης
1410 1447 1528 1493 μέχρι
1549 1444 1619 1490 τῆς

916 1493 984 1528 τοῦ
1012 1493 1169 1539 κόσμου
1195 1493 1454 1537 καταλύσεως.
1495 1497 1616 1539 (Cete-

890 1547 894 1559 ‘
916 1554 996 1578 rum
1031 1545 1088 1578 illa
1121 1545 1216 1578 Urbis
1242 1548 1399 1578 aeternae
1421 1554 1486 1588 pro
1508 1546 1616 1579 Rorna

917 1595 1157 1627 denominatio
1188 1594 1373 1627 dumtaxat
1400 1594 1496 1636 apud
1527 1598 1618 1638 poe-

916 1645 970 1676 tas
1003 1644 1153 1685 reperiri
1182 1643 1325 1676 videtur
1356 1643 1491 1686 (Tibull.
1515 1645 1556 1686 2,
1581 1645 1615 1685 5,

916 1693 983 1735 23.)
996 1719 1004 1733 ,
1029 1694 1106 1726 tum
1123 1694 1238 1726 exstat
1251 1694 1287 1726 in
1301 1694 1508 1736 posterioris
1523 1695 1618 1727 tem-

915 1744 1013 1785 poris
1025 1744 1180 1776 nummis
1193 1744 1300 1785 atque
1314 1743 1615 1786 inscriptionibus.

915 1794 956 1825 ut
988 1794 1024 1826 in
1059 1802 1102 1825 ea
1135 1801 1244 1834 quam
1277 1792 1361 1826 dedi
1393 1792 1470 1826 Vol.
1494 1793 1537 1826 11.
1573 1794 1614 1840 N.

917 1842 997 1875 3694
1019 1852 1026 1874 z
1054 1850 1142 1876 rim.
1167 1851 1292 1875 noum.
1315 1850 1503 1876 firmae.
1542 1842 1614 1876 Cfr.

917 1892 1034 1925 Osann
1074 1892 1111 1924 in
1145 1892 1423 1925 Zimmermanni
1459 1892 1614 1926 Zoitschr.

919 1941 1015 1973 4837.
1040 1950 1076 1983 p.
1103 1941 1193 1982 404.)
1588 1982 1595 1988 .

961 1991 992 2023 9.
1023 1990 1187 2032 Scandet]
1212 1990 1324 2023 Varro
1338 1991 1376 2023 L.
1394 1991 1433 2024 L.
1451 1991 1484 2032 ὅ,
1502 1990 1558 2025 47.
1575 1999 1613 2033 p.

918 2039 971 2072 49.
989 2038 1082 2072 ΜϋΗ.
1100 2048 1107 2071 :
1133 2042 1236 2080 caput
1256 2039 1386 2072 Sacrae
1405 2040 1505 2081 viae,
1529 2049 1618 2081 quae

911 2089 1057 2129 pertinet
1070 2089 1106 2120 in
1115 2088 1246 2129 Arcem,
1264 2098 1334 2129 qua
1346 2098 1448 2122 saera
1459 2093 1618 2131 quotquot

915 2138 1080 2171 mensibus
1101 2138 1244 2179 (Idibus)
1265 2139 1422 2180 [Μηκω-
1435 2139 1471 2171 in
1484 2139 1613 2173 Aram.

918 2206 955 2210 —
979 2188 1084 2220 tacita
1104 2188 1248 2230 Virgine]
1273 2187 1494 2222 «Vestalibus
1508 2198 1618 2223 vene-

915 2236 1077 2269 rabunde
1109 2245 1152 2270 ac
1191 2238 1296 2270 tacite
1330 2237 1613 2272 incedentibus.»

914 2287 1016 2328 Ipsae
1027 2286 1122 2319 enim
1129 2286 1306 2320 silentium
1316 2287 1519 2328 servabant,
1533 2297 1616 2322 cum

915 2337 1070 2377 hymnos
1094 2337 1278 2369 cantarent
1299 2337 1399 2370 chori
1420 2346 1616 2379 puerorum

915 2385 1186 2427 puellarumque
1198 2386 1435 2428 patrimorum
1446 2388 1483 2419 et
1496 2387 1617 2420 matri-

915 2444 1069 2468 morum.
1109 2437 1183 2468 Nec
1198 2444 1284 2468 vero
1300 2444 1383 2468 cum
1398 2437 1614 2470 nonnemine

915 2486 1054 2518 tacitam
1073 2486 1301 2527 virainitatem
1322 2486 1422 2519 Statii
1443 2486 1554 2519 Theb.
1579 2487 1612 2528 2,

916 2535 992 2568 232.
1018 2535 1089 2567 huc
1113 2535 1244 2568 trahas.
1270 2534 1463 2569 Vestalium
1489 2535 1615 2578 imagi-

918 2593 982 2618 nes
1015 2584 1096 2617 vide
1146 2585 1181 2616 in
1215 2583 1321 2619 Millin
1355 2585 1431 2618 Gal.
1466 2593 1514 2618 m.
1550 2586 1611 2626 79,

918 2634 993 2667 332.
1019 2633 1178 2667 Gerhard
1203 2637 1274 2666 ant.
1299 2634 1419 2666 Bildw.
1437 2634 1475 2667 Τ.
1493 2634 1610 2667 XXIV.

168 2690 298 2724 pompa
311 2683 499 2722 ascendet;
526 2683 595 2716 hoc
611 2684 683 2723 est,
704 2684 759 2716 «in
775 2692 869 2717 sem·
921 2702 957 2707 -
977 2682 1147 2725 pontifex]
1182 2682 1388 2717 Pontificem
1419 2683 1613 2717 maximum
