1722 2904
662 66 798 99 unm.
845 66 976 100 canu.
1002 68 1056 101 ix.
1504 68 1560 111 69

312 169 514 226 Interque
545 169 667 227 signa
696 176 820 227 turpe
850 169 1047 213 militaria
1536 173 1552 214 4

1562 174 1588 214 ve
1562 69 1588 110 ve

371 248 444 292 Sol
474 248 657 306 adspicit
688 250 931 307 conopium.

306 331 358 372 At
391 328 474 372 hoc
506 329 736 373 frementes
765 337 984 374 verterunt
1006 330 1073 374 bis
1096 330 1210 375 mille
1231 346 1369 390 equos

226 473 279 505 45.
303 474 423 514 turpe!
446 473 613 505 militaria
635 474 660 505 t.
682 492 718 496 —-
746 474 800 506 46.
824 483 1005 515 conopeum
1027 474 1123 508 bScd
1138 501 1145 514 ,
1172 477 1259 508 Pott.
1286 485 1413 509 omnes
1436 486 1542 519 prae-

182 523 243 555 ter
263 522 440 564 primum,
465 522 546 555 LCt.
574 540 612 546 -

182 619 247 660 be,
271 619 324 660 βκ
355 629 459 653 «cum
481 617 665 654 sex'aliis-

182 679 226 708 χ,
252 669 365 703 codd.
383 669 592 714 Bamberg.⁸

639 523 691 555 47.
715 524 758 555 At
778 523 839 556 hoc
861 524 929 556 Fea
953 525 1070 557 coni.:
1099 525 1141 558 At
1161 526 1226 558 huc
1249 526 1462 568 «Cruquiani
1484 526 1544 559 ali-

183 572 271 613 quot
293 579 377 604 cum
400 571 542 605 duobus
565 571 677 605 Pulm.
703 574 739 605 et
759 571 852 614 δψ,»

680 647 688 661 ,
723 622 879 655 Pottierii
912 621 1061 664 aliquot,
1096 623 1158 656 LtJ
1171 649 1180 663 ‚
1215 624 1328 655 Adhuc
1350 625 1390 663 S,
1426 633 1480 666 pr.
1498 636 1541 668 y,

632 671 718 703 item
734 671 890 704 Pottierii
912 672 949 711 3,
968 671 1027 709 44,
1045 673 1107 705 Ed.
1125 673 1213 705 Ven.
1234 673 1330 706 4484.
1342 698 1350 713 ,
1368 674 1540 713 Meineke,

185 720 238 752 Ad
258 720 319 752 hoc
341 729 444 754 meus
467 720 491 753 d
507 747 515 760 ,
541 722 577 753 et
599 720 777 754 Bentleius
800 722 892 754 coni.
910 747 918 761 ,

877 573 949 606 duo
971 573 1124 606 Pottierii
1139 599 1147 614 ,
1173 574 1362 616 Cruquius,
1386 575 1436 607 'Ad
1458 575 1544 607 hunc

956 721 1008 754 Aa
1028 722 1109 754 haec
1131 721 1242 755 altera
1266 723 1342 755 eius
1365 724 1540 765 suspicio,

189 769 238 801 Ab
259 770 320 802 hoc
341 771 382 802 N.
401 770 564 803 Heinsius
578 796 586 810 ,
611 770 762 804 norman
784 770 1007 813 Peerlkamp,
1031 771 1073 803 Ae
1094 772 1170 803 hinc
1186 773 1358 814 Cuningh.
1371 798 1380 813 ,
1402 774 1445 806 At
1458 773 1544 806 hunc

183 826 224 850 ex
248 827 320 851 uno
342 818 600 861 Vanderhurgii
624 819 712 852 Cod.
738 819 856 860 Regel.
883 821 935 861 (Ut
958 829 1041 859 nos,
1067 817 1339 863 Dillenburger.)

138 948 380 989 emancipant
401 947 628 991 Cleopatrae;
657 949 722 982 sed
746 958 837 990 qua-

138 997 243 1029 tenus
271 997 379 1038 ipsius
409 997 538 1030 milites
567 999 603 1030 in
625 999 702 1031 eius
724 998 836 1031 verba

137 1046 310 1085 iux-arant,
356 1046 392 1079 hi
438 1056 580 1088 quoque
625 1046 834 1088 Cleopatrae

137 1095 313 1136 mancipia
335 1098 434 1128 recte
457 1095 624 1138 appellari
650 1098 832 1138 poterant;

138 1144 398 1186 indigniusque
432 1146 539 1178 totius
566 1146 619 1177 rei
650 1146 686 1177 in
713 1154 757 1178 eo
778 1145 834 1178 vel

139 1193 292 1226 maxime
306 1193 537 1233 cernebatur,
562 1194 675 1235 quod,
700 1204 784 1227 cum
800 1196 835 1227 in

137 1243 268 1276 ceteris
295 1244 490 1276 Romanam
513 1243 733 1286 disciplinam
756 1253 836 1277 ser—

135 1294 279 1332 varent,
305 1293 435 1325 vanum
455 1294 581 1332 etiam,
611 1293 731 1335 palum
753 1302 835 1326 mu-

139 1341 277 1374 niendis
298 1342 425 1375 castris
441 1342 656 1375 destinatum
670 1368 677 1382 ,
702 1343 836 1375 terrent

139 1390 222 1430 (Cic.
246 1387 349 1424 Tusc.
372 1392 412 1430 2,
437 1391 518 1432 46.),
549 1394 668 1424 tamen
691 1393 833 1433 reginae

137 1439 284 1481 eiusque
297 1441 469 1473 eunuchis
483 1441 750 1481 ignominiosam
762 1451 837 1474 ser-

136 1489 287 1521 vitutem
312 1489 497 1522 servirent.
537 1491 669 1522 Caesar
690 1491 726 1522 in
753 1499 835 1522 ora-

138 1537 231 1569 tione
246 1539 330 1570 ante
343 1546 499 1580 pugnam
516 1540 696 1572 Actiacam
714 1540 834 1572 habita

137 1586 234 1628 apud
243 1587 344 1619 Dion.
357 1588 413 1626 50,
426 1589 486 1620 25:
494 1586 576 1628 Τίς
590 1587 662 1630 μὲν
675 1586 749 1634 γὰρ
761 1585 832 1621 οὐκ

136 1631 189 1668 οἷν
203 1631 273 1668 ddi·
265 1646 383 1682 νραιτο
394 1634 495 1683 ὁρῶν
509 1637 743 1683 στρατιώτας
749 1635 835 1670 Ῥω-

136 1686 281 1727 μαίους
294 1685 607 1741 δορυφοροῦντας
628 1685 698 1730 τὴν
719 1687 833 1727 βασι-

135 1733 223 1768 ma
238 1731 388 1774 αὖτῶν,·
411 1755 447 1760 -
471 1736 560 1769 Male
582 1737 638 1769 alii
661 1738 706 1770 de
722 1740 834 1770 Anto-

138 1785 195 1817 nio
223 1785 301 1826 ipso
326 1785 602 1827 interpretantur
630 1785 762 1819 vallum
797 1789 832 1819 et

137 1842 237 1866 arma
253 1834 389 1867 ferente
405 1835 555 1875 gregarii
570 1834 688 1867 militis
708 1836 830 1874 instar,

137 1884 178 1915 ut
195 1883 309 1915 risum
329 1885 491 1916 moveret
512 1884 647 1916 amicae
673 1885 829 1925 reginae.

137 1932 286 1964 Omnino
294 1933 427 1971 autem,
441 1932 744 1973 quemadmodum
756 1933 834 1965 ubi-

136 1990 226 2023 que,
260 1981 313 2014 sic
335 1981 441 2013 etiam
466 1982 525 2013 hic
547 1991 655 2023 quam
677 1983 830 2014 maxime

135 2030 250 2070 potuit
269 2031 431 2072 pepercit
444 2031 511 2072 ipsi
526 2032 686 2063 Antonio.
705 2049 741 2054 —
755 2040 834 2071 spa-

135 2079 284 2121 donibus]
307 2079 515 2121 Cleopatrae
538 2080 767 2113 familiaribus
789 2090 832 2113 ac

137 2129 359 2162 necessariis.
385 2129 448 2160 Od.
463 2129 501 2166 4,
519 2129 578 2168 37,
596 2130 627 2161 9.
653 2129 829 2162 Plutarch.

136 2179 216 2209 Ant.
247 2178 309 2210 60:
349 2181 534 2233 προσεῖπε
548 2177 736 2224 ’Καῖσαρ,
779 2176 832 2220 ὦς

134 2222 328 2267 Ἀντώνιος
341 2226 413 2268 μὲν
429 2223 506 2259 ὖπὸ
521 2225 739 2273 φαρμάκων
754 2224 832 2261 οὐδ’

137 2274 276 2309 ἑαυτοῦ
292 2277 466 2332 κρατοίη,
490 2275 703 2319 πολεμοῦσι
719 2276 751 2309 δ’
767 2275 834 2311 αὕ-

138 2328 218 2365 τοῖς
239 2321 453 2370 Μαρδίων’
432 2335 454 2357 ο
471 2321 657 2367 εὐνοῦχος
671 2327 737 2359 καὶ
749 2327 831 2360 Πο-

135 2371 265 2414 θεινὸς
294 2374 360 2406 καὶ
392 2371 510 2420 Εἰρὰς
531 2371 557 2417 ἡ
584 2374 832 2435 Κλεοπάτρας

137 2421 363 2480 κουρεύτρια
383 2424 449 2455 καὶ
469 2421 668 2470 Χάρμιον,
694 2423 759 2465 ὑφ’
776 2419 832 2458 ὧν

139 2469 187 2504 τὰ
206 2473 369 2515 αέγιοτα
390 2471 588 2505 διοικεῖται
601 2472 672 2516 τῆς
686 2470 831 2517 ἡγεμο-

139 2523 233 2562 νίας.
258 2522 323 2554 Dio
339 2522 438 2554 Cass.
454 2522 519 2561 50,
535 2523 576 2555 5:
602 2519 625 2555 ὁ
637 2520 832 2565 Ἀντώνιος

139 2568 326 2604 afim-:062
353 2567 452 2617 αὐτῇ
473 2569 571 2613 μετὰ
600 2570 674 2604 τῶν
697 2569 831 2607 εὖνοὺ-

886 950 974 982 Eun.
992 949 1029 989 4,
1047 949 1087 989 4,
1105 951 1159 982 24.
1185 951 1231 983 de
1256 952 1440 984 eunucho:
1464 953 1527 985 Hic
1540 957 1587 985 est

883 1002 997 1039 vetus,
1020 1000 1144 1039 (vietus,
1167 1003 1358 1033 veternosus
1378 1010 1496 1042 senen,
1521 1003 1586 1036 Co-

884 1049 1151 1081 lon-cmmoelino.
1170 1067 1204 1073 —
1234 1051 1356 1092 poten]
1382 1051 1424 1084 H.
1440 1050 1462 1083 l.
1476 1061 1584 1092 posse,

885 1100 924 1129 ut
944 1091 1098 1139 τλῆναι,
1137 1099 1314 1131 sustinere:
1351 1099 1417 1132 «ab
1447 1109 1487 1134 se
1516 1102 1586 1146 im·—

884 1147 1018 1188 petrat,
1044 1149 1081 1178 ut
1106 1148 1248 1180 serviat.
1255 1160 1273 1176 n

929 1221 983 1253 45.
1001 1221 1052 1253 46.
1072 1221 1179 1262 turpe]
1195 1221 1324 1254 adiect.
1343 1230 1377 1253 v.
1394 1223 1581 1264 compium,

884 1279 956 1302 non
979 1271 1090 1311 magis
1113 1272 1168 1303 est
1191 1269 1414 1310 exclamatio,
1439 1273 1479 1303 ut
1501 1267 1584 1304 clim

883 1320 985 1360 parte
1010 1319 1237 1360 antiquorum
1259 1321 1499 1362 Interpretum
1513 1319 1587 1353 volt

883 1369 1089 1400 Torrentius
1119 1370 1155 1400 et
1180 1369 1346 1409 Vossius,
1383 1379 1493 1411 quam
1517 1370 1581 1402 Od.

883 1418 923 1456 2,
941 1418 979 1457 7,
998 1418 1052 1449 42.
1074 1436 1110 1440 -
1139 1418 1199 1449 Sol
1212 1418 1367 1460 adspicit]
1396 1415 1463 1459 «ὃς
1478 1417 1585 1451 πάντ’

883 1464 1009 1512 ἐφορᾷ
1035 1466 1102 1498 καὶ
1135 1464 1244 1499 πάντ’
1265 1465 1464 1508 ἐπακούει,
1500 1470 1585 1501 tunc

883 1518 956 1548 tam
986 1515 1128 1557 indigno
1159 1516 1363 1558 spectaculo
1392 1518 1583 1551 offensus.»

886 1584 922 1588 ——
948 1566 1164 1607 scripturam
1186 1566 1363 1606 conopeum
1387 1567 1583 1609 penultima

883 1615 984 1647 brevi
1017 1614 1169 1656 praebet
1206 1615 1326 1648 Codex
1358 1617 1443 1658 neg.
1482 1618 1580 1650 7900.

883 1666 960 1696 Sec.
977 1665 1034 1704 X„
1051 1666 1163 1696 nostri
1174 1674 1365 1706 conopeum.
1390 1667 1451 1700 Est
1462 1668 1583 1700 autem

882 1713 1003 1746 velum
1033 1714 1166 1747 lineum
1195 1715 1413 1748 tenuissimis
1435 1716 1583 1749 maculis

883 1763 1104 1802 distinctum,
1130 1765 1250 1796 Latine
1278 1765 1424 1797 culicare
1453 1765 1580 1806 (Schol.

882 1813 1002 1845 luven.
1021 1813 1058 1852 6,
1075 1813 1130 1844 80.
1143 1838 1151 1851 ,
1177 1813 1239 1845 ubi
1254 1815 1374 1846 tamen
1391 1815 1446 1847 est
1460 1818 1584 1847 testu·
1641 1834 1647 1838 ·

882 1863 999 1894 dinco
1014 1879 1034 1884 —
1047 1879 1067 1884 -
1081 1863 1250 1904 conopeo),
1275 1863 1322 1895 ad
1336 1862 1481 1904 culices,
1506 1862 1583 1896 κιό-

883 1920 1011 1951 νωπας
1039 1910 1243 1954 (Μηωνσ),
1274 1921 1295 1944 a
1322 1911 1423 1946 lectis
1453 1923 1583 1947 arcen-

882 1960 964 1999 dos,
997 1960 1043 1992 de
1067 1969 1138 2001 quo
1162 1961 1319 1994 mollitiei
1346 1963 1582 1996 instrumento

882 2009 1081 2051 indignatur
1115 2010 1222 2043 etiam
1250 2012 1410 2053 Propert.
1441 2012 1481 2052 3,
1520 2014 1579 2051 44,

881 2058 934 2091 45.
954 2084 962 2094 ‚
985 2060 1159 2099 Foedaque
1183 2060 1320 2100 Tarpeio
1346 2062 1489 2101 conopia
1510 2066 1583 2094 ten-

881 2109 958 2140 dere
971 2117 1056 2140 mo
1072 2107 1299 2150 Cleopatram
1314 2110 1484 2143 minatam
1500 2120 1580 2144 esse

881 2166 1096 2190 memorans.
1133 2158 1272 2191 Laudes
1295 2161 1419 2191 contra
1441 2161 1581 2202 conopii

881 2207 1008 2239 cecinit
1037 2206 1165 2239 Paulus
1196 2206 1314 2239 Silent.
1340 2208 1479 2241 Anthol.
1506 2209 1577 2241 Pal.

880 2257 921 2288 11.
934 2265 970 2298 p.
984 2257 1060 2288 258.
1078 2257 1120 2288 N.
1138 2256 1219 2289 764:
1244 2256 1313 2298 Εἰς
1326 2257 1578 2291 κωνωπεῶνα.

873 2299 1009 2338 Ὕπνου
1032 2303 1062 2336 δ’
1083 2301 1367 2346 ἀστυφέλικτον
1394 2302 1475 2351 ἄγω
1505 2306 1579 2347 χοὶ-

880 2365 951 2400 ριν.
990 2355 1041 2387 Id.
1067 2354 1116 2386 ib.
1141 2355 1217 2388 765.
1243 2358 1280 2388 et
1306 2357 1472 2397 Agathias
1501 2358 1576 2389 766.

882 2404 1104 2444 (Etiamnunc
1142 2405 1292 2447 conopia
1326 2405 1360 2437 in
1395 2414 1463 2438 usu
1497 2408 1579 2439 sunt

881 2453 976 2494 apud
1005 2453 1110 2486 Italos
1137 2453 1318 2487 molliores
1346 2455 1380 2487 et
1408 2457 1580 2487 vocantur

880 2503 1086 2534 mazaria-i.
1089 2502 1103 2544 )

926 2576 978 2607 47.
1006 2576 1059 2608 48.
1094 2576 1136 2608 Ac
1157 2577 1228 2618 hoc]
1258 2578 1388 2618 Recepi
1418 2586 1513 2610 nuno
1535 2587 1579 2610 ex

139 2630 220 2658 χων
242 2606 459 2661 ἠκολούθει.
497 2640 533 2646 -
566 2622 713 2664 myosis]
751 2624 829 2656 Ter
884 2625 972 2656 Feae
997 2625 1264 2664 emendatione,
1305 2628 1515 2659 nontamen
1542 2630 1580 2659 ut
