1722 2904
155 53 200 96 5ss!
211 54 236 97 2

659 53 831 88 HORATII
855 53 1080 88 CARMINUM

381 159 541 201 Virtute
574 170 642 200 me
673 157 842 200 involvo
872 156 1138 214 probamque
1530 158 1604 199 -.55

439 238 695 296 Pauperiem
726 237 819 282 sine
850 237 950 281 dote
981 251 1158 295 quaero.

323 346 415 389 Non
446 351 512 388 est
540 358 704 394 meum,
738 343 773 386 si
803 344 966 401 mugiat
994 342 1145 386 Africis

327 425 462 469 Malus
492 424 713 483 procellis,
747 425 802 468 ad
831 424 1014 467 miseras
1044 437 1199 480 preces

381 508 622 550 Decurrere
653 512 696 549 et
724 505 834 549 votis
865 505 1044 562 pacisci,

438 589 499 631 Ne
529 587 715 645 Cypriae
745 586 989 644 Tyriaeque
1020 598 1187 629 merces
1553 589 1606 631 60

245 696 298 728 60.
325 695 510 735 Syriaeque
532 703 562 726 c.
592 694 672 734 (non
696 692 799 733 BbS.)

158 789 246 830 Epp.
274 789 310 828 4,
329 787 369 827 7,
389 786 449 820 34:
484 788 556 819 Hac
579 795 638 828 eqo
661 786 689 818 si
712 784 858 825 compel-

158 838 210 870 lor
232 837 394 878 imagine,
431 839 552 868 cuncta
582 835 725 877 resiyno.
775 835 860 866 «Re-

158 887 294 929 siynare
326 886 460 927 antiqui
492 894 557 927 pro
588 884 770 917 rescribere
792 892 860 925 po-

159 935 310 975 nebant,
343 936 382 967 ut
412 934 529 967 adhuc
552 934 747 976 subsiqnare
770 933 860 965 dici-

159 993 239 1017 mus
266 993 331 1026 pro
354 984 590 1016 subscribere.»
626 984 761 1016 Fsssms.
800 983 861 1015 Re-

158 1034 298 1066 scribere
321 1034 441 1066 autem
465 1034 520 1066 est
542 1034 716 1074 scriptum
750 1031 860 1065 debiti

158 1083 329 1123 liberare,
355 1082 517 1115 debitum
533 1081 672 1115 solvere
689 1090 755 1123 per
771 1081 858 1114 scri-

158 1135 300 1175 pturam
335 1132 548 1174 (Anweisuny
581 1132 647 1174 auf
676 1132 771 1164 einen
801 1141 862 1164 an-

160 1182 268 1224 dern).
296 1183 456 1215 Incertus
473 1181 569 1223 apud
585 1181 674 1214 Plut.
693 1181 737 1214 de
755 1183 863 1215 Tran-

160 1231 255 1273 quill.
273 1231 349 1264 Vol.
369 1232 400 1264 7.
431 1240 467 1273 p.
494 1232 569 1264 855.
596 1233 645 1264 R:
678 1227 766 1264 Ἡδὺ
789 1231 862 1274 μὲν

159 1276 208 1313 ἄν
230 1290 267 1313 τι
289 1280 433 1327 φέρῃς,
459 1276 590 1324 ὀλίγον
612 1279 641 1312 δ
664 1276 780 1322 α’χος,
814 1277 862 1323 ἢν

159 1326 381 1377 ἀπολείπῃς.
428 1331 564 1363 Seneca
588 1330 632 1363 de
656 1332 783 1372 Tranq.
802 1331 862 1363 44;

161 1382 433 1422 Quandocumque
463 1384 575 1418 autem
607 1381 746 1417 reddere
775 1381 864 1413 iube-

162 1430 253 1463 bitur
267 1456 274 1470 ‚
311 1439 378 1462 non
413 1434 569 1470 queretur
597 1439 673 1463 cum
695 1431 860 1470 Fortuna,

162 1481 219 1512 sed
241 1480 342 1519 dicet,
380 1479 468 1519 Quia
490 1480 653 1520 imperas,
677 1481 755 1512 cedo
777 1489 864 1521 qra-

161 1533 214 1562 tus
246 1529 422 1568 libensque.
475 1529 512 1560 Si
545 1529 626 1569 quid
658 1529 780 1562 habere
812 1539 865 1562 me

162 1580 211 1611 tui
232 1579 399 1619 volueris,
425 1579 615 1611 etiamnunc
636 1579 774 1612 servabo
787 1589 798 1611 .·
833 1581 861 1612 si

162 1629 256 1660 aliud
265 1628 398 1668 placet,
423 1637 483 1669 690
503 1637 583 1660 vero
604 1629 733 1670 factum
748 1629 865 1670 siqua-

161 1681 295 1718 twmque
309 1681 504 1719 amentum,
530 1678 666 1710 domum
678 1679 865 1720 familiam-

163 1736 226 1767 que
246 1735 357 1759 meam
378 1727 495 1766 redd0,
524 1727 673 1760 restituo.

205 1777 259 1808 55.
281 1777 407 1809 Virtute
421 1784 473 1808 me
488 1776 630 1819 involvo]
650 1776 777 1810 «veluti
792 1777 866 1819 pal-

162 1826 231 1865 lio;
265 1827 404 1858 certum
430 1826 648 1867 praesidium
673 1835 754 1859 eam
778 1828 865 1860 mihi

162 1883 286 1917 paro.»
324 1874 421 1907 Plato
438 1875 483 1907 de
499 1876 586 1918 Rep.
604 1878 644 1916 5,
669 1885 704 1918 p.
723 1876 798 1909 457.
816 1878 863 1909 A:

162 1927 246 1965 ταῖς
260 1923 335 1956 τῶν
355 1921 540 1964 φυλάκων
558 1923 746 1968 γυναιξίν,
764 1924 866 1958 ἐπεί-

164 1983 233 2020 nep
259 1969 400 2020 ἀρετὴν
423 1969 510 2006 ἀντὶ
535 1974 696 2017 ἱματίων
721 1970 865 2018 ἀμφιέ-

164 2032 299 2055 σονται
321 2021 401 2055 κτλ.
450 2024 522 2056 Cic.
547 2024 593 2056 ad
612 2025 708 2057 Fam.
732 2025 772 2065 9,
796 2025 861 2058 20:

165 2073 283 2105 litteris
303 2081 355 2105 me
377 2073 518 2105 involvo.
568 2074 696 2106 Athen.
723 2073 754 2106 7.
781 2083 862 2116 pag.

163 2122 239 2154 28⁴.
265 2121 310 2154 de
335 2122 504 2162 Dionysio
530 2122 764 2163 Heracleota‚
805 2124 864 2164 qui

165 2180 208 2202 ex
231 2172 307 2203 stoa
327 2172 361 2203 in
378 2172 519 2213 Epicuri
534 2172 656 2205 hortos
674 2173 861 2213 migrarat.

165 2216 209 2260 ὃς
231 2216 421 2276 α’ντικρυς
426 2217 573 2262 ἀποδὺς
595 2218 663 2253 τὸν
686 2219 757 2264 τῆς
780 2217 866 2268 ἀρε-

164 2268 233 2312 τῆς
241 2268 385 2309 χιτῶνα
397 2266 538 2303 ἀνθινὰ
547 2269 862 2314 μετημφιάσατο

208 2321 262 2352 56.
299 2321 369 2352 sine
403 2321 491 2363 dote]
532 2321 625 2362 Opes
664 2322 862 2363 significat,

166 2368 295 2410 quibus
320 2370 472 2401 Fortuna
495 2369 603 2402 veluti
627 2370 725 2402 dotat
759 2379 862 2411 eum,

167 2419 223 2451 cui
239 2417 343 2451 favet.
379 2419 498 2460 Imago
523 2421 643 2452 autem
667 2419 711 2452 ab
736 2429 779 2452 eo
796 2420 864 2452 du-

167 2467 274 2509 citur,
326 2468 423 2508 quod
461 2469 631 2509 virginem
670 2469 864 2503 indotatam

167 2516 233 2548 sibi
263 2517 361 2558 fingit
386 2519 574 2550 honestam
603 2520 860 2561 paupertatem.

168 2568 306 2599 Petron.
331 2567 394 2600 84:
436 2568 540 2600 bonae
561 2569 679 2601 mentis
700 2578 796 2601 soror
818 2572 865 2601 est

163 2620 358 2655 paupertas.

955 785 1008 817 57.
1034 785 1088 818 58.
1129 786 1205 818 Non
1227 789 1274 819 est
1295 786 1415 830 meum]
1441 795 1531 819 «non
1555 788 1609 819 est

910 843 1013 867 meae
1031 834 1159 868 indolis
1175 836 1320 878 meique
1336 836 1465 875 moris;
1491 845 1512 868 a
1528 845 1608 870 mea

910 884 1079 925 dignitate
1095 883 1300 918 abhorret.»
1339 884 1436 918 Plato
1450 885 1562 919 Alcib
1581 887 1605 918 1.

910 943 944 976 p.
964 934 1038 967 406.
1056 935 1108 966 B:
1145 929 1192 967 οὗ
1223 931 1298 981 γάρ
1324 933 1407 968 ἐστι
1429 932 1608 969 τοιοῦτον

908 981 954 1016 τὸ
988 980 1096 1026 ἐμόν.
1143 982 1254 1017 Plaut.
1290 984 1388 1017 Asin.
1426 985 1460 1024 4,
1487 984 1526 1025 3,
1552 984 1605 1018 38.

910 1034 978 1066 AR.
1009 1034 1085 1066 Non
1105 1042 1217 1066 metim
1237 1037 1295 1066 est.
1322 1034 1387 1067 CL.
1411 1034 1610 1067 Neomeum

910 1083 1043 1122 quidem
1075 1083 1199 1123 edepol.
1250 1083 1330 1116 Tac.
1363 1084 1452 1116 Ann.
1487 1083 1530 1124 6,
1563 1083 1606 1116 8.

910 1142 977 1164 non
1011 1135 1058 1164 est
1089 1136 1241 1165 nostrum
1263 1150 1282 1156 —
1303 1150 1324 1157 -
1345 1133 1534 1166 aestimare.
1571 1151 1607 1157 —

909 1181 1055 1224 muyiat]
1097 1181 1290 1222 «strideat,
1326 1182 1505 1224 fragorem
1528 1182 1609 1215 edat

912 1231 956 1264 ab
990 1231 1107 1264 Africo
1141 1231 1308 1264 fractus.»
1343 1231 1407 1265 Od.
1427 1232 1464 1271 4,
1491 1231 1549 1272 44,
1575 1233 1607 1264 5.

911 1282 1021 1314 malus
1043 1299 1062 1304 -
1084 1298 1103 1304 -
1132 1281 1368 1322 Antennaeque
1395 1284 1541 1324 gemant.
1571 1299 1607 1304 -

911 1330 1061 1372 miseras]
1086 1329 1276 1371 «humiles,
1313 1339 1406 1372 quae
1440 1330 1611 1364 dedecori

913 1381 996 1413 sunt
1018 1379 1082 1420 illi,
1109 1381 1168 1421 qui
1193 1380 1244 1414 eis
1266 1381 1412 1413 utitur.»

956 1431 1011 1463 59.
1037 1431 1090 1466 60.
1117 1430 1312 1472 Decurrere]
1338 1431 1431 1473 Virg.
1454 1432 1542 1464 Aen.
1567 1432 1606 1470 5,

913 1481 999 1523 782:
1051 1489 1166 1520 preces
1193 1480 1384 1513 descendere
1410 1481 1446 1513 in
1474 1490 1609 1522 omnes,

914 1530 1011 1571 quod
1034 1529 1254 1570 frequentius
1278 1530 1344 1562 est.
1373 1548 1410 1553 -
1440 1531 1527 1563 votis
1541 1539 1612 1571 pa-

913 1579 1010 1621 cisci]
1060 1580 1329 1613 «mercatorum
1370 1588 1472 1612 more
1519 1581 1612 1613 votis

914 1629 1111 1670 transigere
1139 1637 1222 1661 cum
1246 1628 1320 1669 dis,
1360 1638 1406 1662 ne
1429 1629 1611 1671 naufragio

914 1679 1008 1712 facto
1041 1679 1219 1720 pretiosae
1259 1686 1400 1712 merces
1441 1679 1478 1712 in
1521 1679 1611 1712 mari

913 1728 1103 1771 pereant»;
1135 1727 1169 1759 id
1201 1726 1299 1768 quod
1323 1728 1463 1770 poetice
1493 1729 1612 1771 expri-

914 1779 979 1810 mit
998 1778 1174 1811 revocatis
1197 1777 1232 1821 in
1256 1779 1414 1811 mentem
1436 1778 1612 1812 thesauris

914 1829 949 1860 in
979 1828 1193 1870 perpetuum
1227 1826 1415 1860 demersis.
1475 1828 1612 1861 Seneca

916 1878 1072 1916 Quaestt.
1105 1877 1177 1908 nat.
1208 1875 1247 1916 4,
1272 1877 1316 1909 7:
1354 1877 1488 1918 Negant
1514 1886 1612 1918 posse

911 1927 1008 1968 fleri,
1043 1929 1081 1958 ut
1112 1934 1188 1958 cwm
1209 1926 1376 1967 grandine
1400 1926 1524 1967 aliquis
1541 1935 1612 1968 pa-

913 1976 1060 2008 ciscatur
1091 1979 1123 2007 et
1165 1978 1370 2016 tempestates
1409 1977 1613 2010 munusculis

913 2026 1068 2058 redimat.
1097 2044 1133 2048 —
1169 2025 1368 2068 Tyriaeque]
1403 2025 1447 2059 al.
1476 2026 1612 2067 Syriae-

914 2084 987 2115 que.
1036 2075 1126 2106 Sane
1160 2084 1180 2107 a
1214 2074 1366 2108 librariis
1389 2075 1508 2109 notius
1528 2084 1608 2108 voc.

915 2123 1148 2157 substitutum
1171 2125 1228 2157 est
1249 2125 1386 2157 rariori.

958 2173 1012 2206 64.
1049 2173 1103 2205 62.
1140 2174 1261 2216 αυανο]
1304 2174 1368 2207 Od.
1394 2174 1434 2215 4,
1458 2174 1519 2214 28,
1544 2174 1608 2208 ⁴8:

914 2223 1050 2254 avidum
1071 2231 1177 2255 mare.
1206 2241 1242 2246 —
1273 2223 1362 2256 Tunc
1383 2224 1504 2266 recepi
1526 2232 1612 2265 par-

915 2273 978 2304 tim
1008 2272 1155 2313 propter
1185 2273 1431 2313 gravissimam
1454 2274 1612 2306 auctori-

914 2321 1025 2353 tatem
1050 2320 1161 2353 Codd.
1187 2320 1276 2361 Bb..
1313 2322 1442 2363 partim
1464 2322 1612 2364 propter

914 2370 1090 2411 ingratum
1106 2378 1235 2403 sonum
1253 2371 1333 2403 Tum
1348 2389 1367 2395 -
1385 2374 1508 2411 tutmm
1535 2372 1612 2412 (Sa-

915 2419 1075 2452 nadonus
1108 2419 1272 2452 volebat:
1308 2421 1400 2453 Dum
1420 2438 1440 2444 -
1454 2438 1474 2444 —
1494 2420 1611 2463 ferat.)

916 2470 1020 2501 «tunc
1043 2469 1165 2510 igitur,
1205 2469 1241 2501 id
1265 2470 1338 2510 est,
1375 2469 1434 2502 tali
1457 2470 1492 2503 in
1514 2471 1612 2512 peri-

914 2517 1016 2558 culo,
1057 2518 1144 2551 dum
1177 2518 1234 2552 alii
1267 2519 1313 2552 ad
1345 2520 1427 2552 vota
1455 2518 1611 2553 descen-

913 2568 1035 2601 dunt.»
1059 2567 1143 2601 Plin.
1163 2569 1202 2602 H.
1221 2570 1261 2602 N.
1279 2569 1318 2610 8,
1337 2570 1393 2602 ⁴0:
1419 2569 1612 2610 rumpi-ao-

912 2619 1029 2658 cipum
1048 2621 1203 2651 votorum
1229 2618 1320 2651 locus
1346 2621 1410 2660 est,
1445 2627 1521 2652 cum
1541 2619 1609 2660 spei
