1722 2904
157 58 240 100 684

694 62 865 94 HoRATu
890 62 1061 95 EPODON

656 369 1108 412 cmm

382 488 496 542 Quid
526 488 801 532 immerentes
832 488 1026 546 hospites
1056 503 1188 533 vexas
1218 491 1336 534 canis

438 571 623 628 lgnavus
653 569 886 612 adversum
914 569 1041 627 lupos
1056 570 1079 612 ‘P

381 651 495 704 Quin
523 650 609 694 huc
638 651 814 701 inanes,
847 651 882 694 si
913 657 1063 709 potes,
1094 652 1228 697 vertis
1258 652 1420 703 minas,

442 733 493 775 Et
521 746 590 775 me
621 745 918 775 remorsurum
947 732 1058 790 petis
1074 731 1097 774 ἱ)

241 853 296 884 Vl.
323 853 433 885 Inscr.
458 850 549 893 volg.
575 853 613 884 In
636 852 787 884 Cassium
808 852 987 892 Severum,
1012 853 1048 885 et
1063 852 1114 885 sic
1131 860 1170 892 c,
1195 851 1317 886 Bland.
1334 853 1429 894 tres,
1455 853 1566 887 Ober-

197 901 256 934 lini
278 903 317 934 B.
356 920 393 925 —
431 902 634 934 Maledicwm
650 902 789 942 poetam
810 902 847 934 in
867 910 901 934 se
923 902 1039 934 irritat
1059 902 1276 942 minaturque
1297 903 1326 935 si
1348 903 1448 935 solita
1467 903 1563 936 rabie

195 951 298 992 fuerit
312 952 418 984 elatus
433 952 457 984 B
475 960 634 984 meus.-—
659 952 692 983 2.
711 951 868 984 adversos
882 951 919 990 Β,
939 952 1099 984 adversus
1113 952 1136 984 S
1153 951 1236 993 (uon
1251 951 1324 993 bc).
1349 969 1386 975 —
1418 952 1451 986 3.
1474 956 1566 986 verte

196 1010 288 1034 corr.
314 1003 352 1040 B,
377 1001 499 1035 Bland.
525 1001 725 1042 antiquiss,
758 1000 845 1033 Cod.
863 1001 998 1041 Divaei,
1025 999 1228 1043 complures
1253 1002 1426 1042 Pottierii,
1453 1003 1493 1035 C.
1523 1020 1560 1026 —-

196 1050 228 1083 4.
248 1055 340 1092 petes
362 1051 402 1092 b,
422 1055 499 1092 pete
520 1051 682 1095 plerique
705 1051 878 1091 Pottierii‚
905 1051 944 1084 C.

195 1156 251 1188 Vl.
291 1157 331 1189 111
359 1165 469 1199 quem
497 1158 700 1198 invehatur,
737 1159 856 1191 incer-

151 1207 229 1238 tum
261 1207 326 1238 est.
381 1206 544 1249 Plerique
576 1217 660 1241 cum
690 1210 852 1248 Acrone,

157 1255 295 1288 Comm.
323 1256 430 1298 Cruq.
458 1258 494 1289 et
517 1258 628 1291 Codd.
654 1257 735 1300 aliq.
765 1258 856 1290 refe-

151 1306 233 1336 runt
248 1304 293 1337 ad
314 1305 477 1339 Cassium
488 1307 663 1340 Severum
675 1309 854 1340 oratorem

151 1363 237 1387 sane
253 1354 468 1388 maledicum
480 1382 488 1396 ,
507 1358 567 1398 qui
584 1358 704 1390 tamen
720 1366 803 1389 cum
819 1366 851 1389 a.

150 1405 302 1437 u.c.786.
317 1413 428 1437 senex
438 1407 601 1439 mortuus
614 1407 706 1439 sitin
719 1405 852 1446 exsilio,

151 1454 292 1486 circiter
300 1463 332 1486 a.
345 1463 379 1487 u.
393 1464 424 1488 c.
436 1455 510 1487 720.
518 1481 526 1495 ,
545 1465 616 1498 quo
625 1456 694 1488 hoc
707 1464 853 1488 carmen

151 1504 389 1545 compositum
415 1504 574 1545 videtur,
611 1515 702 1547 puer
725 1506 854 1538 etiam-

150 1554 235 1585 tunc
264 1552 329 1587 fuit
354 1553 412 1586 vel
441 1553 728 1588 adolescentulus
753 1563 854 1587 sum—

150 1611 251 1634 mum
284 1603 356 1635 XX.
387 1612 575 1637 annorum.
621 1603 687 1637 Alii
718 1604 854 1645 cogita-

149 1653 233 1684 runt
262 1651 306 1684 de
335 1653 488 1693 Maevio,
525 1652 619 1685 malo
653 1656 777 1695 poe'ta,
817 1654 853 1686 in

149 1709 259 1742 quem
283 1702 337 1734 est
358 1702 469 1743 Epod.
488 1703 540 1735 ⁴0.
577 1703 655 1736 Vid.
680 1703 854 1736 Kirchner

150 1751 308 1789 Quaestt.
340 1751 460 1784 Horat.
491 1761 527 1793 p.
559 1753 613 1785 22.
636 1745 849 1792 'Grotefend,

149 1799 194 1832 de
218 1800 346 1840 Bavio‚
377 1809 493 1842 aeque
523 1800 617 1834 malo
641 1803 765 1844 poeta,
796 1802 852 1834 in-

148 1851 381 1891 terpretatus,
406 1850 518 1883 refert
540 1851 586 1883 ad
610 1860 643 1884 a.
668 1851 745 1884 7⁴6.
778 1851 848 1885 Cfr.

147 1899 248 1932 Estre
274 1900 357 1931 Hor.
383 1900 439 1931 Pr.
464 1908 499 1941 p.
527 1900 603 1932 ⁴79.

193 1949 224 1980 4.
250 1949 283 1981 2.
318 1949 469 1990 hospites]
495 1950 740 1991 «peregrinos,
767 1950 847 1991 qui,

148 1998 215 2030 etsi
246 1998 377 2030 innoxii
400 1999 483 2031 sunt
506 2007 623 2040 neque
647 1998 717 2032 ulla
740 2000 774 2032 te
799 2000 850 2032 in-

147 2047 237 2079 iuria
259 2046 536 2087 lacessiverunt,
573 2050 608 2081 te
634 2049 750 2082 civem
778 2049 849 2081 Ro-

147 2105 295 2130 manum
318 2097 484 2130 timentes
508 2106 579 2130 non
602 2097 735 2130 audent
761 2098 851 2130 acri-

147 2148 203 2179 ter
225 2147 392 2180 resistere
416 2147 521 2180 minis
549 2147 652 2180 tuis.»
680 2165 716 2170 —
742 2147 847 2190 canis]

148 2196 275 2228 «homo
304 2195 511 2237 impudens,
549 2195 653 2229 simul
684 2196 846 2236 timidus,

147 2245 207 2277 ubi
231 2246 264 2277 in
282 2246 488 2287 quempiam
512 2246 682 2285 incurris,
709 2246 768 2287 qui
786 2245 848 2278 tibi

146 2294 281 2327 viribus
305 2295 468 2336 superior
491 2296 562 2334 est,
587 2297 627 2328 ut
649 2294 752 2337 lupus
769 2296 848 2328 cani

146 2345 308 2385 ignavo.»

189 2393 220 2424 3.
247 2392 279 2425 4.
305 2393 334 2425 si
351 2393 456 2435 potes]
484 2394 533 2425 «si
557 2393 702 2427 audes».
727 2395 848 2436 Impe-

146 2443 246 2474 rativi
261 2446 351 2476 verte
374 2444 411 2475 et
427 2446 514 2483 pete,
540 2452 559 2475 a
577 2442 737 2476 Fabricio
756 2444 848 2485 (pru-

149 2491 277 2523 denter
293 2497 412 2525 tamen
428 2493 532 2525 metri
546 2501 653 2525 causa
669 2493 720 2525 sic
737 2494 849 2526 trans-

147 2542 323 2581 ponente:
361 2544 462 2582 verte,
487 2542 515 2573 si
536 2545 642 2582 potes,
666 2542 788 2584 minas)
813 2544 848 2575 et

146 2590 304 2631 Cruquio
338 2591 489 2633 recepti,
539 2600 653 2633 nuper
683 2601 702 2623 a
727 2591 848 2624 Peerl-

146 2639 287 2681 kampio
304 2640 453 2682 probati,
479 2641 601 2682 utique
618 2639 768 2674 librariis
785 2642 848 2673 tri-

905 1155 1040 1189 buendi
1063 1157 1163 1196 sunt,
1190 1156 1251 1198 qui
1271 1156 1370 1190 hunc
1383 1165 1490 1190 usum
1513 1159 1604 1199 part.

906 1206 986 1246 quin
1002 1215 1086 1239 eum
1101 1205 1288 1239 indicativo
1303 1215 1432 1248 parum
1446 1207 1604 1240 nossent.

906 1256 1010 1288 Certe
1034 1255 1071 1288 in
1092 1256 1292 1297 Augusteae
1316 1254 1442 1288 aetatis
1457 1256 1608 1298 scripto-

904 1304 1004 1338 ribus
1027 1303 1169 1337 tolerari
1185 1313 1255 1337 non
1274 1306 1394 1346 potest
1409 1305 1490 1346 quin
1502 1308 1604 1346 verte,
1621 1302 1624 1303 ⁷

905 1363 1125 1396 quamquam
1158 1354 1377 1396 antiquiores
1410 1355 1606 1396 utrumque

903 1403 1075 1445 loquendi
1098 1403 1266 1444 modum,
1291 1404 1545 1447 imperativum
1570 1405 1608 1437 et

903 1454 985 1493 quin
1008 1461 1092 1485 cum
1114 1452 1237 1493 indio.,
1262 1453 1315 1487 sic
1333 1452 1603 1492 contrahebant,

902 1504 942 1535 ut
964 1502 1149 1535 Terentius
1171 1502 1279 1534 Andr.
1298 1503 1311 1534 4
1329 1527 1338 1542 ,
1364 1503 1378 1535 4
1396 1527 1405 1542 ,
1431 1502 1490 1535 48:
1524 1503 1606 1544 quin

902 1555 940 1584 tu
960 1561 1028 1584 uno
1041 1551 1140 1584 verbo
1156 1552 1220 1584 dic.
1243 1551 1352 1584 Andr.
1370 1552 1446 1593 23,
1460 1552 1498 1584 9;
1524 1552 1606 1593 quin

866 1598 868 1600 ’
902 1605 940 1634 tu
959 1602 1021 1633 hoc
1043 1601 1135 1634 audi.
1188 1599 1260 1633 Sed
1282 1599 1406 1634 solitae
1439 1602 1605 1635 constru-

902 1651 1028 1685 ctionis
1056 1649 1218 1693 exempla
1245 1651 1329 1683 sunt
1350 1650 1446 1692 apud
1466 1651 1605 1684 Livium

903 1702 934 1740 ⁴,
960 1701 1022 1732 57:
1049 1701 1137 1741 Quin
1151 1718 1171 1724 -
1185 1718 1205 1724 -
1219 1700 1465 1732 conscendimus
1479 1702 1603 1741 equos!

902 1750 1000 1783 ovid.
1026 1750 1105 1782 Am.
1131 1750 1172 1790 2,
1198 1749 1259 1789 ⁴9,
1284 1749 1349 1781 59:
1387 1749 1476 1790 Quin
1498 1750 1604 1783 alium

900 1799 1128 1841 ”quaer-is!
1162 1798 1225 1831 ubi
1258 1799 1346 1831 item
1379 1795 1502 1832 Codd.'
1519 1799 1600 1842 aliq.

901 1858 1034 1890 quaere.
1060 1848 1102 1889 3,
1128 1848 1168 1887 7,
1200 1847 1261 1880 69:
1298 1847 1386 1889 Quin
1406 1848 1481 1880 istic
1499 1850 1603 1889 pudi-
1667 1842 1674 1881 J

901 1899 1013 1931 banda
1035 1899 1123 1930 iaces
1137 1915 1157 1921 -
1171 1898 1216 1928 -!

943 1949 975 1981 5.
995 1948 1028 1980 6.
1047 1948 1217 1987 Molossos,
1235 1955 1384 1988 magnos
1398 1956 1509 1980 canes
1522 1947 1603 1990 Epi-

899 1998 1030 2030 roticos
1046 1998 1082 2030 et
1100 1997 1281 2030 Laconicas
1301 1997 1479 2039 coniungit
1494 1997 1603 2035 etiam

899 2047 994 2088 Virg.
1020 2048 1082 2079 Ge.
1107 2046 1145 2086 3,
1178 2045 1260 2080 405:
1302 2046 1428 2079 Veloces
1454 2047 1603 2088 Spartae

898 2096 1026 2128 catulos
1039 2105 1216 2136 acremque
1225 2095 1404 2129 Molossum
1413 2097 1514 2129 Pasce
1526 2105 1601 2129 sero

893 2146 1025 2188 pinqui.
1050 2146 1234 2186 Nunquam
1247 2145 1435 2178 custodibus
1447 2146 1513 2178 illis
1524 2147 1600 2179 Νο-

897 2199 1053 2228 clumam
1073 2195 1212 2227 stabulis
1243 2195 1354 2237 furem
1385 2195 1602 2236 incursusque

897 2245 1053 2286 luporum
1073 2244 1140 2276 Aut
1159 2244 1346 2285 impacatos
1365 2253 1389 2276 a
1410 2247 1504 2287 terqo
1519 2245 1602 2278 hor-

895 2295 982 2328 robis
995 2294 1117 2326 Iberos.
1140 2313 1177 2317 —
1195 2293 1308 2326 amica
1325 2293 1387 2336 vis]
1413 2294 1490 2335 Qui,
1516 2295 1599 2336 quia

896 2343 1075 2387 praesidio
1106 2344 1143 2376 et
1166 2343 1348 2382 custodiae
1372 2344 1456 2377 sunt
1482 2345 1614 2386 gregi--

897 2394 985 2434 bus,
1011 2393 1085 2426 cari
1106 2393 1188 2426 sunt
1209 2391 1423 2435 pastoribus.
1457 2394 1597 2427 Lucret.

898 2444 938 2483 6,
966 2443 1068 2476 ⁴220:
1101 2443 1173 2484 fida
1205 2451 1328 2475 canum
1363 2442 1424 2475 vis.
1477 2442 1595 2484 Virgil.

897 2494 984 2526 Aen.
1011 2491 1051 2532 4,
1079 2491 1165 2524 ⁴32:
1191 2492 1298 2524 odora
1318 2500 1442 2524 cannam
1462 2492 1523 2525 vis.

942 2542 974 2574 7.
1000 2542 1032 2575 8.
1064 2550 1149 2574 aure
1170 2541 1312 2583 sublata]
1337 2541 1506 2575 «arrectis
1533 2550 1599 2574 au-

899 2591 998 2624 ribus
1022 2590 1141 2624 alacer
1164 2590 1339 2632 agitabo.»
1358 2608 1396 2614 —
1410 2591 1596 2633 praecedet]

899 2650 938 2673 «a
972 2650 1028 2674 me
1054 2650 1073 2673 e
1097 2640 1208 2674 lustro
1241 2640 1390 2674 excitata
1419 2641 1453 2674 et
1483 2641 1518 2673 in
1540 2639 1598 2673 fu-
