1722 2904
587 103 666 136 Lm.

690 103 746 135 iv.

794 103 832 135 C.
857 102 914 134 vl.

533 452 979 494 mvl-

204 566 331 617 Dive,
362 580 492 623 quem
521 565 665 623 proles
693 564 858 608 Niobea
885 577 1065 621 magnae

203 646 423 691 Vindicem
451 646 621 703 linguae
651 646 884 703 Tityosque
913 651 1059 703 raptor

124 767 180 799 vl.
206 767 317 799 Inscr.
340 765 431 807 volg.
457 766 507 797 Ad
528 765 727 806 Apollinem,
753 766 789 796 et
811 765 862 796 sic
886 764 966 796 bSc.
989 782 1024 786 —
1049 764 1209 804 Apollinis
1229 764 1362 796 laudem
1377 774 1434 797 re-

78 816 145 857 fert
166 815 325 856 quoniam
339 815 484 847 semovit
508 814 642 847 Aenean
656 817 827 845 auctorem
841 813 982 855 oriyinis
1002 814 1171 846 Romanae
1186 814 1223 846 B.
1245 832 1280 836 —
1299 814 1376 847 Om.
1394 815 1430 846 T.

148 866 164 881 θ

79 933 136 965 VI.
174 931 237 964 Est
266 929 376 964 veluti
407 932 612 976 προοίμιον
650 938 731 963 car-

36 981 141 1015 minis
170 979 340 1014 secularis
364 980 408 1021 (a.
424 989 460 1012 u.
478 989 510 1012 c.
527 980 634 1020 737.)‚
659 988 730 1020 quo

35 1029 205 1074 Apollinis
235 1038 364 1072 pacem
396 1038 440 1062 ac
472 1029 630 1062 favorem
643 1054 651 1068 ,
687 1037 731 1061 ex

35 1081 159 1112 vetere
173 1079 393 1121 hymnorum
404 1078 659 1112 consuetudine
671 1077 733 1110 ad-

36 1128 207 1162 mirandis
222 1129 299 1161 eius
320 1128 421 1161 iactis
437 1127 643 1166 celebratis,
668 1127 733 1159 im-

36 1177 170 1221 plorat,
194 1179 235 1210 ut
256 1179 292 1210 et
313 1178 389 1219 ipse
412 1178 518 1219 poeta
541 1178 578 1209 et
598 1185 733 1218 puero-

36 1236 116 1260 rum
143 1227 391 1268 virginumque
420 1226 519 1258 chori
543 1235 627 1258 mox
649 1234 732 1258 mu-

36 1284 124 1309 nere
146 1284 213 1310 suo
233 1277 300 1308 rite
322 1276 419 1317 iungi
439 1276 590 1317 possint.
628 1277 733 1308 Prae-

6 1345 13 1358 -.
35 1326 140 1368 cipue
163 1326 283 1358 autem
309 1326 519 1358 immoratur
540 1325 576 1357 in
596 1323 730 1357 Achille

0 1399 15 1418 .··
34 1384 56 1408 a
84 1375 153 1407 deo
180 1375 382 1414 interiecto.
415 1376 606 1416 propterea
634 1373 732 1415 quod

0 1423 137 1466 {Troia
160 1423 208 1457 ob
234 1423 327 1457 illius
353 1424 533 1456 interitum
557 1432 628 1456 non
650 1423 733 1455 fun-

0 1473 9 1498 Ξ
36 1472 131 1506 ditus
138 1471 255 1506 deleta
262 1474 454 1514 Aeaeaque
469 1475 611 1506 servato
627 1473 732 1505 condi

0 1510 15 1555 ’ἓ
35 1523 151 1565 potuit
185 1522 275 1556 Urbs
308 1524 465 1556 aeterna.
515 1522 651 1555 Deinde
685 1522 733 1554 ad

1 1572 166 1620 ,az-choros
187 1581 227 1605 se
255 1573 468 1605 convertens
495 1572 601 1604 etiam
624 1573 731 1613 atque

0 1613 144 1655 ‘setiam
160 1630 223 1654 eos
237 1622 458 1660 exhortatur,
478 1622 534 1661 ut,
559 1623 732 1663 quantum

0 1667 73 1706 'Sin
101 1670 187 1712 ipsis
215 1671 278 1709 sit,
313 1670 430 1703 officio
459 1671 624 1712 imposito
647 1671 732 1704 satis

0 1708 182 1758 “sshciann
214 1720 316 1752 cuius
337 1721 436 1752 recte
459 1719 630 1761 persoluti
652 1728 732 1753 me-

10 1769 149 1803 ²-moria
178 1767 366 1809 aliquando
395 1769 594 1809 gratissima
622 1769 664 1801 iis
687 1770 733 1801 sit

3 1838 6 1853 ;
38 1829 64 1844 κ’·
84 1829 102 1843 ··
140 1842 164 1849 .
190 1817 424 1863 «Προοίμιον
445 1818 516 1850 hoc
538 1820 657 1850 ortum
677 1820 734 1850 est

106 1867 198 1899 iusta
226 1867 381 1908 quadam
411 1867 578 1909 superbia
609 1869 644 1899 et
677 1868 732 1900 sui

3 1914 53 1942 '⁸³
71 1928 76 1943 ·
96 1916 184 1955 cia,
208 1924 279 1957 qua
301 1918 406 1958 poeta
429 1915 662 1955 efferebatur,
688 1925 731 1948 ex

4 1970 51 2010 ¹3·
71 1973 108 1996 ιο
137 1966 296 2007 tempore
323 1966 491 1997 virtutem
519 1974 621 1997 suam
643 1968 732 2006 poe-

27 2013 145 2047 *licam
159 2015 209 2055 ,et
229 2015 344 2047 artem
366 2023 451 2047 cum
472 2023 494 2046 a
515 2014 731 2056 primoribus

4 2056 22 2071 ”
61 2062 74 2090 ἰ
92 2063 100 2069 “
129 2088 137 2103 ,
160 2065 236 2095 tum
250 2062 296 2095 ab
310 2064 387 2105 ipso
401 2064 557 2104 Augusto
572 2064 619 2095 ita
636 2072 733 2095 com-

27 2125 53 2151 -.³
90 2113 224 2144 matam
246 2121 327 2145 esse
357 2111 593 2151 intellexerat,
628 2114 666 2144 ut
689 2122 732 2144 ex

8 2160 52 2204 '1
71 2169 230 2202 rmagno
262 2162 450 2202 poetarum
484 2160 574 2194 illius
606 2162 731 2193 aetatis

22 2208 61 2247 3³
87 2218 144 2251 ·ge
166 2209 263 2242 solus
284 2210 477 2242 haberetur
498 2210 641 2250 dignus,
671 2211 731 2250 qui

27 2264 64 2298 ’,ζει
87 2259 248 2293 sollemni
262 2258 427 2291 ludorum
442 2259 656 2292 secularium
670 2268 732 2291 ce-

60 2322 68 2335 >
82 2309 231 2341 ratione
264 2308 440 2349 hymnum
472 2309 508 2340 in
534 2308 731 2350 Apollinem

26 2391 27 2394 ,
59 2369 62 2376 ’
100 2358 247 2390 Dianam
281 2359 545 2399 componeret.»
584 2359 727 2390 Fiunt.

12 2413 13 2416 ’
28 2403 42 2451 'j
50 2412 57 2433 θ
79 2419 82 2432 ·
101 2407 259 2448 ¹propter
279 2407 338 2439 hic
353 2415 496 2447 quoque
513 2406 583 2438 duo
598 2406 653 2438 illa
667 2416 732 2439 nu-

13 2456 101 2494 ign:
120 2469 123 2484 =
154 2464 241 2498 prae
263 2456 391 2488 ceteris
414 2455 582 2488 celebrat.

35 2536 49 2549 .-
81 2506 114 2537 4.
137 2505 170 2537 2.
205 2505 306 2546 Diuo]
328 2506 412 2537 Post
432 2504 574 2545 longam
598 2513 730 2546 paren-

8 2554 12 2556 “
50 2561 153 2586 wesin
174 2554 346 2596 repetitur
360 2553 523 2586 allocutio
539 2563 573 2585 v.
591 2555 645 2586 25.
661 2555 730 2586 Do-

20 2599 121 2638 πῦον.
137 2621 173 2626 -
185 2603 298 2644 proles
311 2603 448 2645 Niobea]
472 2604 523 2636 De
536 2602 647 2636 Nioba
663 2603 726 2636 cir.

132 2652 210 2685 ‘mis
227 2653 397 2686 Welcker
412 2662 465 2694 qr.
490 2653 674 2694 stayadien
689 2662 724 2694 p.

780 930 856 962 286.
881 928 1004 963 Miiller
1022 930 1162 962 Denkm.
1178 930 1206 962 1.
1223 931 1264 962 N.
1284 930 1360 963 ⁴42.
1385 931 1477 964 Cum

780 978 909 1018 Niobe,
948 979 1172 1020 Amphionis,
1210 979 1303 1020 regis
1336 980 1482 1013 Theba-

780 1036 878 1067 rum,
903 1036 1010 1066 uxor,
1038 1028 1096 1060 cui
1120 1029 1260 1069 septem
1283 1027 1373 1062 filios
1395 1031 1479 1062 toti-

781 1076 937 1118 demque
968 1076 1056 1109 filias
1085 1079 1293 1118 pepererat,
1329 1086 1369 1110 se
1391 1087 1478 1120 pro-

780 1126 925 1167 lemque
952 1135 1055 1159 suam
1085 1127 1238 1159 Latonae
1265 1128 1413 1169 eiusque
1435 1128 1479 1161 li—

781 1176 878 1208 beris
901 1175 1122 1208 antetulisset
1137 1177 1172 1207 et
1195 1177 1375 1209 matronas
1391 1178 1481 1210 The-

780 1225 894 1257 banas
916 1224 962 1257 ab
985 1224 1076 1257 illius
1098 1225 1187 1258 deae
1212 1226 1306 1258 cultu
1337 1226 1480 1260 abster-

780 1275 926 1313 ruisset,
950 1273 1073 1315 Apollo
1096 1276 1133 1306 et
1148 1275 1257 1307 Diana
1273 1276 1396 1308 matris
1413 1277 1480 1309 ira-

780 1325 837 1355 tae
866 1324 964 1356 iussu
992 1314 1160 1355 Niobidas
1188 1332 1314 1356 omnes
1344 1326 1479 1366 sagittis

781 1373 1014 1406 confixerunt.
1048 1371 1145 1404 Iliad.
1178 1383 1228 1412 ω,
1261 1374 1337 1405 602.
1377 1375 1476 1407 Ovid.

781 1423 862 1455 Met.
880 1422 917 1461 6,
944 1422 1018 1453 455.
1053 1437 1091 1444 —·
1130 1423 1477 1466 magnae-linguae]

783 1471 1014 1503 cimmodicae
1038 1471 1221 1502 iactantiae
1231 1481 1261 1509 »;
1286 1471 1381 1504 u'nde
1403 1473 1481 1505 Cal-

780 1521 934 1554 limacho
958 1522 1000 1553 H.
1016 1520 1093 1553 Del.
1111 1522 1165 1554 96.
1184 1523 1238 1554 est
1260 1520 1480 1565 κακόγλωσ-

781 1580 869 1611 σος,
905 1570 1149 1602 Theodoridae
1175 1570 1313 1603 Anthol.
1339 1571 1410 1604 Pal.
1434 1574 1476 1605 Π.

781 1630 816 1662 p.
835 1620 911 1652 665.
940 1615 1255 1665 ἀθυρόγλωσσος.
1277 1621 1378 1653 Ovid.
1394 1623 1476 1654 Met.

782 1670 818 1708 6,
852 1669 926 1701 ⁴50.
953 1669 998 1701 de
1024 1669 1153 1701 Nioba:
1192 1670 1261 1701 Nec
1282 1673 1393 1702 tamen
1414 1672 1479 1703 ad-

780 1720 909 1750 monita
926 1722 973 1750 esc
989 1727 1102 1758 poena
1118 1719 1296 1759 popularis
1311 1720 1479 1752 Arachnes

782 1769 901 1800 Cedere
933 1768 1103 1800 caelitibus
1133 1769 1304 1808 verbisque
1336 1770 1480 1801 minori-

781 1817 840 1848 bus
860 1818 920 1849 uti.
949 1817 1043 1857 Virg.
1068 1818 1155 1849 Aen.
1182 1818 1241 1855 ⁴0,
1266 1817 1349 1850 547:
1374 1819 1480 1850 Dixe-

780 1870 838 1898 rat
858 1867 913 1898 ille
932 1866 1060 1905 aliquid
1078 1875 1250 1907 magnum.
1291 1867 1347 1899 Sic
1369 1868 1478 1899 etiam

782 1915 917 1947 Graeci.
959 1915 1115 1956 Theogn.
1163 1915 1249 1946 ⁴59:
1295 1913 1477 1957 Μήποτε,

781 1962 910 2010 Κύρν’,
927 1959 1146 2008 ἆγορᾶσθαι
1159 1958 1254 2004 ἔπος
1268 1965 1379 2007 μέγα.
1417 1966 1480 1997 So-

780 2013 898 2055 phocl.
928 2014 1042 2053 Antig.
1072 2014 1155 2045 ⁴27:
1191 2010 1285 2053 Ζεὺς
1314 2010 1387 2058 γὰρ
1407 2024 1478 2056 με-

780 2061 900 2105 γάλης
938 2060 1116 2105 γλώσσης
1146 2060 1322 2104 κόμπους
1350 2059 1477 2109 ’Υπερ-

782 2112 962 2157 εχθαὶρει.
1008 2111 1098 2143 lbid.
1117 2111 1196 2143 4354
1217 2121 1224 2142 ε
1249 2110 1413 2155 μόγάλοι
1434 2111 1476 2146 δὲ

781 2159 890 2204 λόγοι
904 2159 1080 2203 Μεγάλας
1095 2157 1242 2203 πληγὰς
1264 2159 1340 2193 τῶν
1363 2158 1478 2207 ὑπερ-

781 2208 913 2248 αύχων
926 2208 1195 2250 Ἀποτίσαντες.
1212 2228 1248 2233 -
1268 2211 1385 2252 Tit-yos]
1404 2210 1475 2243 Cfr.

781 2261 845 2292 Od.
874 2260 913 2298 3,
943 2259 982 2298 4,
1010 2260 1064 2291 77.
1105 2259 1203 2291 Pind.
1221 2259 1383 2300 Pythi,
1408 2260 1474 2292 90:

780 2309 846 2340 καὶ
866 2305 946 2351 μὰν
968 2305 1105 2340 Τιτυὸν
1129 2306 1243 2348 βέλος
1263 2304 1476 2354 Ἀρτέμιδος

778 2356 945 2403 θήρευσε
960 2355 1156 2403 κραιπνόν.
1188 2357 1241 2389 Ab
1256 2357 1415 2399 Apolline
1439 2360 1475 2391 et

780 2409 887 2440 Diana
910 2407 1044 2447 sagittis
1067 2406 1246 2438 confixum
1269 2415 1353 2438 eum
1367 2407 1475 2440 tradit

779 2457 967 2488 Pausanias
982 2455 1014 2495 3,
1030 2456 1083 2495 ⁴8,
1101 2456 1134 2488 9.
1159 2457 1195 2487 et
1210 2464 1253 2488 ex
1265 2455 1472 2496 Pherecyde

779 2504 895 2537 Schol.
920 2505 1019 2537 Pind.
1043 2504 1066 2537 l.
1091 2504 1114 2537 l.
1142 2522 1179 2528 -
1212 2505 1345 2546 raptor]
1368 2506 1473 2538 Lato-

779 2562 845 2586 nae
860 2563 868 2592 ;
885 2556 1029 2587 auctore
1040 2563 1127 2586 vero
1137 2555 1362 2595 Euphorione
1377 2554 1474 2596 apud

778 2603 894 2636 Schol.
918 2602 1029 2644 Apoll.
1054 2603 1118 2635 Rh.
1137 2604 1151 2636 i
1167 2629 1174 2643 ,
1204 2604 1298 2642 ⁴8⁴„
1323 2603 1467 2635 Dianae.

778 2654 906 2693 Raptor
927 2654 1067 2691 autem,
1103 2653 1163 2693 qui
1195 2653 1227 2684 ei
1255 2652 1327 2684 vim
1349 2651 1470 2684 iacere
