1722 2904
228 71 310 114 674

515 177 682 220 Amoris
713 182 830 220 esset
859 175 1085 234 poculum,

458 258 731 301 Interminato
762 271 861 300 cum
891 256 1027 300 semel
1057 255 1167 300 fixae
1197 256 1295 301 cibo

511 339 800 382 Intabuissent
830 336 1032 394 pupulae.

467 421 559 463 Non
589 419 778 463 defuisse
809 418 1028 463 masculae
1058 418 1248 463 libidinis

514 501 826 544 Ariminensem
858 499 1023 543 Foliam

456 583 505 625 Et
534 582 672 625 otiosa
702 580 887 625 eredidit
917 580 1120 639 Neapolis

512 663 563 706 Et
594 676 722 705 omne
751 662 940 706 vicinum
970 662 1202 720 oppidum,

459 745 581 796 Quae
613 743 759 786 sidera
789 749 1013 786 excantata
1041 757 1150 788 voce
1180 743 1384 788 Thessala

511 826 765 882 Lunamque
796 823 918 868 caelo
949 824 1118 882 deripit.

453 906 531 949 Hie
565 906 819 949 irresectum
848 919 980 949 saeva
1013 905 1142 949 dente
1169 905 1300 949 livido

319 1029 354 1061 p.
373 1019 449 1052 560.
481 1019 534 1060 (Ut
549 1018 754 1060 nos,1ahn.)
782 1037 818 1042 —
844 1018 899 1052 47.
923 1019 985 1051 Hic
1008 1027 1191 1062 superscr.
1218 1018 1294 1052 «vel
1317 1020 1412 1053 hinc»
1435 1019 1471 1053 d.

227 1115 331 1147 huius
354 1122 388 1145 v.
406 1111 617 1145 lectionibus
641 1112 795 1144 maxime
812 1111 930 1154 placet

227 1166 381 1203 exsucta,
423 1161 575 1195 verbum
610 1163 681 1194 iam
715 1171 735 1194 a
768 1161 927 1195 Varrone

227 1215 438 1256 usurpatum
455 1214 491 1245 et
505 1213 740 1254 propagatum
757 1213 854 1244 certe
870 1221 930 1245 us-

227 1274 297 1307 que
310 1264 356 1296 ad
371 1263 547 1296 Ammiau.
567 1263 674 1295 Marc.
690 1261 746 1301 30,
767 1261 804 1294 4:
830 1263 931 1294 adus-

228 1323 290 1355 que
318 1314 408 1354 ipsas
429 1313 592 1345 medullas
615 1315 789 1351 exsuctus;
818 1320 928 1344 «suco

227 1364 397 1397 exhausta
411 1388 418 1401 .
451 1362 626 1395 exsiccata
654 1362 802 1403 propter
823 1360 928 1402 longa

226 1413 351 1446 mortis
374 1413 587 1444 tormenta.»
622 1411 732 1452 (Adde
755 1412 865 1443 Iuven
889 1411 925 1449 8,

226 1464 287 1496 9οι
314 1463 396 1494 Ossa
416 1462 506 1494 vides
527 1470 646 1503 reglum
659 1461 776 1493 vacuis
790 1463 929 1492 exsucta

224 1511 404 1554 nwdutlis.)
441 1512 569 1544 Exesta
589 1519 654 1552 pro
678 1519 779 1543 exesa
802 1511 928 1542 aucto-

225 1563 327 1595 ritate
363 1562 461 1593 earet
494 1562 530 1593 et
562 1561 681 1602 ipsum
715 1559 862 1601 quidem
890 1568 925 1591 v.

225 1613 343 1645 minus
366 1613 489 1653 aptum
513 1612 568 1643 est
589 1611 797 1652 propterea,
830 1608 928 1650 quod

224 1670 297 1695 non
321 1660 552 1701 significatur,
579 1668 648 1701 qua
671 1660 807 1692 ratione
829 1667 930 1691 exesa

225 1711 270 1744 sit
298 1708 474 1749 medulla,
511 1710 550 1741 ut
577 1710 700 1741 contra
732 1707 828 1750 apud
859 1708 928 1741 Ca-

218 1759 299 1794 tull.
325 1760 385 1799 66,
411 1758 472 1791 23:
511 1758 594 1791 Cum
618 1758 754 1798 penitus
782 1760 929 1790 maestas

223 1810 334 1844 exedit
363 1818 449 1841 cura
475 1808 648 1840 medullas.
696 1809 840 1840 Exsecta
863 1817 928 1840 au-

224 1861 299 1892 tem
326 1859 408 1891 ideo
437 1859 609 1897 otiosum,
647 1857 745 1899 quod
772 1856 928 1889 medulla

225 1911 261 1942 et
283 1909 439 1941 iecinore
464 1907 566 1940 aliter
589 1915 697 1949 quam
714 1916 733 1939 e
751 1906 926 1939 cadavere

227 1959 365 1992 exsectis
388 1958 531 1991 omnino
554 1958 605 1989 uti
629 1965 712 1998 saga
735 1966 807 1989 non
829 1958 929 1998 pote-

224 2010 291 2042 rat.
338 2007 482 2050 Aliquot
505 2007 656 2040 Codices
679 2010 817 2046 exusta;
843 2015 928 2048 pro-

224 2059 318 2091 xime
335 2058 382 2091 ad
405 2058 568 2090 nostrum
581 2066 615 2089 v.
630 2056 770 2089 aceedit
785 2065 929 2088 exsucca

224 2117 254 2141 s.
278 2117 421 2147 exsuca,
459 2116 530 2148 quo
559 2116 592 2139 v.
618 2115 705 2139 usus
734 2107 790 2139 est
817 2106 928 2145 Quin-

223 2156 381 2197 tilianus,
418 2156 599 2198 habetque
627 2155 782 2196 aliquam
804 2156 929 2187 aucto-

226 2208 369 2240 ritatem
385 2216 404 2239 a
422 2206 533 2239 Codd.
551 2223 588 2229 —
613 2205 746 2238 Amoris
759 2223 779 2229 —
794 2223 813 2229 -
823 2214 929 2246 pocu-

226 2256 305 2299 lum]
330 2258 370 2289 ut
391 2256 503 2298 Epod.
531 2257 590 2296 47,
615 2256 676 2288 80:
712 2255 928 2296 Desidet-ique

224 2310 413 2347 temperare
431 2306 571 2347 pocula,
597 2303 770 2352 φίλτρον.
797 2305 927 2338 Huius—

227 2356 368 2389 cemodi
390 2357 512 2388 autem
533 2356 697 2397 potiones
721 2363 828 2396 sagae
845 2363 928 2386 eon-

228 2405 394 2438 ficiebant
409 2404 621 2447 plerumque
647 2413 690 2437 ex
711 2403 927 2445 mandrago-

224 2464 283 2495 ra,
313 2456 373 2497 qui
394 2455 476 2487 vino
499 2453 556 2487 vel
579 2455 681 2487 aceto
709 2453 923 2486 diluebatur.

223 2503 340 2537 Schol.
365 2503 451 2537 Plat.
477 2503 540 2536 Ed.
566 2504 708 2536 nostrae
727 2512 762 2545 p.
782 2503 858 2535 934.
883 2503 922 2535 Β.

267 2553 385 2586 39-44.
417 2552 648 2594 Interminato]
673 2561 694 2584 a
715 2561 750 2584 v.
775 2552 923 2592 minari,

225 2602 451 2642 «interdicto,
475 2602 619 2634 vetito.»
654 2602 794 2634 Terent.
814 2601 922 2634 Andr.

224 2652 261 2690 3,
287 2652 327 2692 2,
355 2652 414 2684 46;
441 2652 678 2685 Interminatus
690 2660 782 2691 swm,
808 2660 848 2684 ne
868 2651 925 2692 sa-

758 73 930 105 Hofflss'n
954 72 1066 106 EPOD
1073 73 1130 105 ΟΝ

1631 340 1685 382 40

1628 745 1682 788 45

979 1121 1079 1145 ceres
1106 1113 1144 1145 In
1169 1113 1427 1146 consuetudine
1450 1114 1572 1147 autem
1587 1122 1686 1148 oom-

980 1163 1079 1195 muni
1108 1163 1256 1204 Augusti
1289 1162 1513 1205 temporibus
1546 1163 1616 1197 hoc
1645 1172 1680 1197 v.

979 1211 1088 1245 fuisse
1104 1212 1327 1246 demonstrat
1342 1211 1489 1247 Rutilius
1504 1214 1624 1256 Lupus
1647 1214 1681 1255 4,

979 1261 1019 1293 7:
1038 1271 1098 1303 eqo
1111 1262 1339 1302 quaestoribus
1349 1262 1584 1296 inminutus
1594 1271 1669 1296 sum

978 1320 1020 1343 ne
1043 1313 1111 1344 eet.
1139 1330 1177 1334 —
1200 1320 1276 1344 cwm
1302 1312 1400 1344 semel
1422 1312 1506 1354 cet.]
1534 1313 1683 1347 astat·

980 1369 1063 1393 eum
1081 1360 1251 1401 papulae,
1275 1359 1408 1407 κόραι,
1432 1361 1469 1394 id
1492 1363 1564 1403 est,
1588 1371 1632 1395 oe

979 1410 1085 1443 defixi
1100 1411 1136 1443 in
1148 1410 1241 1452 cibo,
1258 1410 1425 1444 aviditate
1439 1411 1633 1454 ,contahera
1642 1425 1651 1440 ι
1666 1417 1682 1433 .·

978 1460 1014 1492 in
1051 1462 1168 1493 morte
1203 1459 1454 1494 defecissent.»
1503 1460 1680 1503 Equide

979 1509 1084 1550 iungo
1107 1519 1183 1542 cum
1211 1511 1309 1543 semel
1340 1510 1572 1551 intabuissent,
1609 1519 1669 1544 no

979 1568 1062 1592 eum
1085 1558 1160 1592 aliis
1174 1560 1272 1592 semel
1293 1561 1436 1602 defixae.
1452 1578 1492 1584 —
1508 1569 1585 1593 mas
1647 1574 1664 1587 ν

977 1609 1133 1651 libidinis]
1145 1606 1320 1655 τριβάδα,
1333 1609 1548 1644 feminarum
1557 1619 1640 1644 amo

979 1659 1178 1692 ardentem.
1207 1677 1243 1683 -
1275 1659 1480 1701 Ariminum,
1516 1659 1659 1694 Umbri

979 1816 1084 1848 num,
1126 1805 1336 1854 περιιόντες
1368 1804 1497 1854 αὑτῶν
1529 1808 1657 1842 mna?

977 1856 1115 1890 νεσθαι
1130 1855 1339 1900 (εἰωθότες)
1357 1856 1526 1902 «λέγεται
1539 1867 1578 1891 τι
1623 1874 1631 1885 ι
1665 1888 1669 1890 .

977 1903 1092 1946 vom»
1118 1907 1313 1948 (Demosth.
1333 1907 1481 1950 Philipp.
1503 1909 1541 1948 4,
1568 1909 1621 1940 40.

977 1955 1032 1989 43.
1042 1956 1095 1997 R.)
1115 1957 1248 1990 «Etiam
1257 1957 1412 1998 fabulosa
1422 1957 1516 1990 dicta
1524 1958 1615 1991 estN
1624 1971 1632 1985 ·-
1645 1971 1649 1985 ι

977 2004 1084 2046 polis,
1120 2006 1220 2047 quod
1240 2015 1261 2038 a
1283 2005 1394 2040 rebus
1422 2006 1589 2048 gravibus
1613 2015 1662 2043 ν,

978 2056 1077 2087 caret
1099 2056 1135 2087 et
1153 2054 1280 2088 fabulis
1295 2055 1528 2097 indulgeret.»
1551 2057 1666 2089 Scno

977 2105 1094 2138 Livius
1119 2105 1159 2145 8,
1183 2105 1239 2141 22.
1271 2104 1552 2148 Palaepolitanos
1573 2114 1612 2139 v·
1629 2119 1637 2133 ι

976 2158 1106 2197 gentem
1126 2154 1244 2196 linqua
1258 2156 1367 2197 magis
1387 2159 1558 2188 strenuam
1582 2168 1590 2183 ι
1629 2173 1633 2181 ι

975 2205 1085 2247 factis.
1123 2203 1223 2236 Ovid.
1243 2205 1325 2238 Met.
1354 2205 1413 2244 45,
1443 2205 1525 2238 744ι
1549 2205 1586 2237 in
1614 2218 1641 2233 1=

976 2257 1096 2286 natam
1123 2254 1363 2295 Parthenopen.
1410 2253 1512 2286 Silius
1536 2254 1596 2295 ⁴2,
1658 2285 1660 2287 ,

976 2304 1063 2336 item
1087 2303 1132 2335 de
1147 2302 1312 2346 Neapoli:
1352 2305 1451 2337 Nunc
1470 2303 1583 2336 molles
1651 2320 1661 2346 ς4

975 2354 1061 2385 ritus
1093 2355 1131 2385 at
1158 2361 1221 2393 que
1250 2353 1381 2394 hospita
1408 2353 1515 2386 Musis
1544 2353 1621 2386 oua

977 2405 1164 2443 avernptwm
1189 2402 1280 2435 σαγαῖς
1299 2402 1512 2445 amatoribus
1550 2416 1580 2430 ιι
1616 2421 1618 2426 f
1656 2403 1659 2405 ’

978 2470 1016 2475 -
1042 2460 1138 2484 mnne
1157 2451 1322 2494 vicinium]
1355 2450 1518 2494 Neapoli,
1542 2453 1583 2485 ut
1618 2457 1647 2476 ἰ

977 2500 1077 2541 teoli,
1104 2502 1242 2543 Capua,
1268 2501 1422 2542 Cumae,
1453 2501 1602 2534 surrent
1636 2514 1639 2526 =

1019 2551 1136 2585 45-49.
1161 2551 1356 2592 excantata]
1387 2551 1516 2584 «cantu
1538 2559 1596 2583 ma
1603 2563 1645 2587 ;ι

977 2610 996 2634 e
1021 2600 1168 2634 sedibus
1191 2601 1266 2634 suis
1289 2601 1420 2634 mota.»
1443 2600 1516 2633 XII.
1533 2598 1619 2633 Tab.
1648 2614 1651 2624 1-

977 2650 1052 2683 734.
1072 2650 1200 2695 nii-kas
1220 2650 1303 2691 QVI.
1321 2648 1500 2683 FRVGES.
1517 2648 1618 2683 EXG
