1722 2904
524 55 603 89 Lm.
627 54 684 88 m.
732 54 771 87 C.
794 51 926 86 XXVH.

1404 44 1485 87 497

433 159 603 204 Cornua
631 158 821 202 monstri.

267 258 500 317 impudens
527 257 631 316 liqui
661 257 822 315 patrios
850 257 1051 305 Penates,

269 339 501 397 Impudens
529 340 691 383 Orcum
721 350 878 381 moror.
937 336 976 379 Ο
1006 335 1186 379 deorum

1432 331 1487 371 50

265 420 309 463 Si
338 419 437 477 quis
466 419 574 463 haec
602 418 744 467 audis,
775 418 937 460 utinam
966 417 1076 459 inter
1105 428 1246 458 errem

435 499 557 543 Nuda
585 499 752 542 leones!

267 602 507 657 Antequam
535 598 671 655 turpis
700 597 861 641 macies
891 595 1096 640 decentes

267 680 463 738 Occupet
490 678 625 723 malas
655 684 917 735 teneraeque
946 689 1076 720 sucus

272 759 442 804 Defluat
468 759 678 818 praedae,
710 758 910 815 speciosa
938 769 1103 814 quaero

438 841 623 884 Pascere
651 839 795 896 tigres.

271 940 374 984 Vilis
404 940 599 997 Rumpe,
630 945 753 996 pater
781 943 906 995 urget
936 937 1115 981 absens:

132 1048 188 1082 48.
209 1048 303 1081 tam-i
323 1046 388 1086 ΒΤ,
413 1046 493 1079 LCt.
521 1046 573 1087 (Ut
590 1053 674 1084 nos,
700 1040 944 1087 Bscssyxhg,
967 1044 1055 1076 Pott.
1073 1043 1161 1083 sex.)
1182 1062 1216 1066 —
1235 1043 1289 1076 53.
1308 1042 1447 1075 decenus

89 1098 128 1130 B.
155 1116 192 1122 —
217 1096 272 1130 54.
296 1105 394 1130 uenas
415 1094 512 1128 BbT:
544 1103 660 1127 succus
682 1102 765 1126 cum
786 1093 876 1126 Edd.
902 1092 1082 1135 plerisque
1106 1093 1150 1125 M.
1180 1111 1215 1115 —-
1241 1093 1296 1125 55.
1323 1092 1446 1134 Defluie

42 1138 53 1146 ’
88 1147 133 1187 Β,
155 1147 286 1189 neam
305 1146 343 1178 T.
374 1144 511 1188 (nescu
531 1145 613 1186 post
634 1143 728 1176 hunc
751 1151 783 1174 v.
806 1143 832 1175 τ
861 1141 1038 1184 usquead
1062 1142 1100 1174 c.
1126 1141 1164 1179 ι,
1190 1141 1228 1176 4,
1254 1142 1299 1181 6.)
1329 1160 1363 1164 -
1390 1141 1443 1173 57.

91 1195 171 1230 Vilis
190 1195 349 1237 Europae
365 1197 465 1236 patm-
486 1193 552 1226 LC.

51 1289 144 1322 cavit
164 1286 365 1330 Gai-gallus:
390 1287 510 1329 &996⁵
529 1287 663 1329 ver-qino
685 1295 743 1318 ar-

49 1339 144 1379 dica,
167 1338 283 1371 «ναίω
296 1337 407 1370 amaa
420 1337 468 1370 Or
488 1338 545 1370 che
564 1345 632 1369 non
653 1345 743 1368 seen-

49 1385 358 1421 avatorcoP—
387 1386 744 1419 ormanautemmo-

48 1440 149 1470 raau-
178 1437 227 1477 is,
263 1436 341 1478 qui,
381 1444 464 1468 cum
496 1437 588 1468 mori
614 1435 740 1475 debet,

47 1495 121 1520 non
142 1486 301 1519 moritur.
327 1485 439 1524 «Quid
462 1493 565 1518 cesso
588 1485 743 1517 emori‘b»

49 1536 209 1578 propert.
234 1535 272 1575 4,
298 1534 358 1574 49,
384 1535 423 1566 ⁴:
477 1535 554 1567 Non
575 1543 635 1576 eqo
655 1542 745 1565 nunc

49 1585 159 1618 trustes
177 1592 310 1623 vereor,
332 1592 409 1616 mea
430 1584 591 1624 Ourima,
613 1584 744 1623 Manes,

49 1635 118 1667 Noc
137 1642 254 1666 moror
266 1636 416 1665 oaorem
430 1633 540 1665 debita
559 1633 634 1674 fata
647 1641 743 1674 rogo.

51 1683 135 1716 Stat.
160 1681 272 1715 Theb.
297 1682 337 1721 7,
362 1681 445 1715 364:
486 1690 579 1714 seras
606 1681 665 1714 tibi
687 1682 746 1713 de-

50 1741 166 1765 moror
185 1731 357 1772 improbus
375 1731 522 1763 mnbras.
561 1750 597 1755 —
632 1731 747 1771 Nuda]

51 1790 123 1814 non
156 1779 303 1814 «auxilio
334 1780 517 1822 privata‚»
555 1782 595 1812 ut
625 1779 747 1813 volunt

52 1829 168 1863 Schol.
200 1831 238 1862 et
263 1830 437 1870 Bosscha,
468 1829 621 1863 afferens
644 1829 743 1863 ovid.

51 1881 131 1913 Am.
157 1879 195 1919 4,
219 1879 259 1919 2,
283 1878 350 1911 38:
373 1879 748 1914 Histumilitibmsu-

49 1937 152 1970 peras
171 1928 380 1967 hominesque
400 1928 539 1969 deosque
546 1938 559 1967 ;
580 1929 670 1961 Haec
690 1929 748 1961 tibi

52 1978 81 2010 si
97 1978 211 2010 amnas
225 1977 415 2017 commoda,
437 1978 546 2010 nudus
564 1978 660 2017 erim
682 1977 749 2010 sed

54 2024 165 2061 sensu
186 2027 341 2069 proprio.

97 2076 230 2109 53-55.
253 2076 549 2118 macies-Occupet]
565 2075 689 2109 Tibull.
707 2076 746 2116 4,

55 2124 154 2165 4,5:
178 2125 300 2167 Effice,
320 2126 751 2166 nemaoiespauentesoo-

54 2177 151 2215 ουρσι
169 2177 275 2206 artus.
295 2193 332 2198 —
347 2174 468 2215 malas]
491 2183 557 2216 pro
580 2176 689 2216 genis.
711 2193 747 2198 —

55 2224 263 2264 moraeque]
280 2224 492 2265 «antequam
506 2223 645 2266 puellae
661 2228 751 2256 tene-

55 2281 134 2313 rae,
157 2272 333 2311 florentis,
358 2273 441 2306 feris
464 2273 659 2306 destinatae
676 2282 753 2306 cor-

56 2330 125 2364 pus
147 2320 409 2354 contabescat.»
440 2323 630 2355 Diutumos
650 2324 753 2364 igitur

58 2370 199 2408 dolores
220 2371 459 2412 perhorrescit
487 2373 523 2403 et
548 2372 683 2413 integra
706 2372 752 2404 ad

58 2421 187 2453 Orcum
203 2420 423 2453 descendere
440 2421 546 2462 cupit,
572 2430 614 2453 ex
634 2422 752 2463 prisco

58 2468 284 2502 humanitatis
296 2478 415 2502 sensu.
429 2470 536 2511 Soph.
549 2470 662 2511 Antig.
674 2471 750 2503 8⁴7:

60 2513 211 2550 Οὐκοῦν
225 2515 353 2560 κλεινὴ
369 2514 470 2551 καὶ
450 2528 609 2551 επαινον
623 2515 753 2558 ἔχουσ’

56 2562 118 2607 Ἔς
138 2564 214 2598 τόδ’
235 2562 393 2613 ἀπέρχει
422 2564 562 2608 κεῦθος
594 2565 750 2608 νεκύων,

62 2611 157 2648 Οὔτε
179 2614 365 2656 φθινάσιν
387 2615 574 2660 πληγεῖσα
606 2615 749 2658 νόσοις

176 2676 296 2706 Hom-r
320 2677 721 2708 vor..1.zn.iu10nln.

790 1280 886 1318 Οὔτε
922 1283 1065 1327 ξιφέων
1096 1283 1274 1330 ,ἐπίχειρα
1310 1281 1491 1323 λαχοῦσ’,

787 1331 878 1367 Ἀλλ’
906 1332 1125 1377 αὐτόνομος
1138 1358 1147 1374 ,
1171 1331 1293 1375 ζῶσα,
1316 1331 1420 1376 μόνη
1442 1330 1491 1375 δὴ

792 1382 948 1418 Θνατῶν
961 1408 972 1424 ,
984 1380 1107 1416 Ἀΐδαν
1121 1381 1347 1426 καταβήσει.
1377 1385 1492 1424 Atque

792 1434 936 1467 omnino
972 1434 1063 1466 haec
1094 1433 1237 1465 videtur
1273 1434 1491 1465 Graecorum

793 1484 935 1525 antiqua
952 1483 1071 1524 opinio
1087 1484 1122 1514 et
1137 1491 1228 1515 mos.
1275 1482 1381 1515 Certe
1396 1482 1492 1514 Cha-

793 1534 886 1565 riton
908 1541 990 1574 pag.
1017 1532 1215 1574 ⁴3.1.ips.:
1245 1530 1345 1574 μηδὲ
1367 1527 1493 1579 ἄμορ-

794 1591 873 1622 φον
905 1579 952 1628 τῇ
988 1577 1163 1638 παρολκῇ
1199 1579 1424 1623 ποιήσωμεν
1444 1578 1491 1613 τὸ

795 1629 923 1673 σῶμα.
957 1627 1155 1672 θάψωμεν
1173 1626 1457 1676 Καλλιῤῥόην”
1436 1640 1493 1663 eu

795 1678 929 1723 καλήν.
955 1680 1040 1712 Stat.
1063 1678 1144 1712 Silv.
1168 1680 1207 1719 2,
1234 1680 1271 1719 4,
1297 1679 1381 1713 ⁴54:
1406 1681 1496 1713 ἂνω

795 1734 866 1763 tum
880 1732 939 1769 est,
962 1729 1065 1769 Fata,
1081 1731 1204 1769 tamen,
1221 1730 1309 1769 quod
1322 1739 1390 1762 non
1404 1739 1496 1762 mors

795 1781 885 1813 lenta
912 1778 1051 1811 iacentis
1078 1779 1201 1811 Exedit
1226 1780 1356 1819 puerile
1377 1781 1491 1820 decus,

795 1831 975 1869 Manesque
1001 1827 1121 1860 subivit
1143 1828 1275 1869 Ineeyer
1294 1832 1327 1861 et
1344 1829 1435 1861 nullo
1450 1833 1495 1862 te-

795 1881 946 1911 meratus
958 1886 1104 1917 corpora
1118 1878 1253 1909 damno.
1277 1878 1420 1911 Minime
1435 1879 1497 1920 igi-

797 1930 855 1960 tur
886 1927 976 1959 haec
1010 1926 1157 1968 stropha
1191 1925 1302 1959 deleri
1335 1929 1396 1960 aut
1422 1928 1496 1961 sal-

797 1979 871 2010 tem
892 1976 1085 2018 vituperari
1106 1974 1279 2016 debebat,
1306 1978 1495 2018 propterea

798 2025 895 2068 quod
916 2034 938 2057 a
959 2026 1081 2058 nostro
1105 2033 1214 2057 sensu
1240 2024 1496 2067 aliquantulum

799 2076 979 2108 abhorret.
1008 2094 1045 2098 —
1068 2074 1348 2115 sucus]1v1·talis;
1373 2084 1497 2118 corpo-

799 2127 848 2158 ris
874 2125 1008 2166 vigor.»
1032 2124 1198 2156 Putidum
1221 2124 1373 2167 (unzart)
1394 2126 1498 2158 vide-

799 2176 857 2207 tur
885 2175 954 2206 hoc
980 2173 1161 2212 Liibkero,
1192 2174 1275 2215 quia
1301 2183 1388 2207 sane
1414 2183 1497 2208 cum

800 2224 928 2256 nostris
959 2222 1094 2255 deliciis
1116 2222 1375 2264 (sentimentalen
1398 2225 1499 2256 Zart-

799 2272 918 2314 heiten)
940 2271 1036 2304 haud
1058 2272 1163 2305 nimis
1183 2273 1354 2313 congruit.
1376 2291 1412 2296 —
1429 2283 1499 2314 spe-

800 2323 903 2362 ciosa]
919 2320 1197 2363 «pulchritudine
1209 2321 1368 2354 nondum
1384 2322 1501 2355 defor-

801 2372 910 2411 mata,
927 2371 1060 2411 integra
1074 2371 1110 2403 et
1124 2370 1290 2409 florenspo
1301 2370 1498 2412 puellarem

802 2421 938 2453 formae
960 2420 1067 2452 etiam
1086 2420 1284 2462 propinqua
1303 2422 1418 2452 morte
1435 2429 1500 2452 cu-

802 2478 880 2502 ram
896 2469 1070 2511 exprimit.
1091 2487 1128 2492 —
1142 2478 1268 2509 quaero
1281 2470 1429 2511 pascere]
1446 2470 1498 2502 De

804 2518 1065 2551 constructione
1080 2518 1151 2550 vid.
1172 2519 1219 2551 ad
1234 2518 1298 2551 Od.
1320 2518 1353 2558 3,
1370 2519 1425 2557 24,
1443 2519 1498 2551 27.

847 2568 900 2600 57.
929 2568 1019 2608 Vilis]
1042 2568 1136 2600 <alam
1152 2576 1247 2600 nunc
1263 2568 1384 2609 digna,
1407 2576 1499 2609 quae

803 2617 848 2649 ab
865 2617 1031 2649 omnibus
1048 2619 1320 2650 contemnaris.»
1337 2636 1372 2640 —
1389 2617 1499 2658 pater]

1241 2677 1277 2705 32
