1722 2904
183 105 268 145 630
825 105 996 137 HonATn

180 211 320 251 θυσίας
343 207 668 256 προσαγαγόντες,
694 206 871 244 ἐντεῦθέν
894 219 934 242 τε
950 209 1012 242 ἐπὶ
1028 206 1073 241 τὸ
1090 209 1451 252 κατεσκευασμένον
1465 209 1631 256 θέατρον

180 263 357 307 ἐλθόντες
389 263 457 306 τὰς
486 266 651 311 θεωρίας
681 263 920 298 ἐπιτελοῦσιν
939 261 1154 298 Ἀπόλλωνι
1175 265 1242 298 καὶ
1259 260 1465 311 Ἀρτέμιδι.
1513 263 1568 312 Τῇ
1590 263 1632 299 δὲ

178 320 277 364 ιιέτὰ
300 320 442 365 ταύτην
468 318 593 368 ἡμέρᾳ
609 324 786 365 γυναῖκες
803 321 989 364 ἐπίσημοι
1005 318 1105 353 κατὰ
1120 317 1192 364 τὴν
1207 315 1324 367 ὥραν,
1349 317 1399 364 ἢν
1415 317 1438 354 ὁ
1453 318 1632 386 χρησμὸς

180 375 455 424 ὑπηγόρευσεν,
481 378 536 418 εἰς
559 374 602 409 τὸ
627 374 874 410 Καπετώλιον
897 373 1158 409 συνελθοῦσαι
1181 374 1428 410 λιτανεύουσι
1449 373 1518 410 τὸν
1538 374 1634 410 θεὸν

179 435 245 467 καί
280 430 470 477 ὑμνοῦσιν
503 430 558 474 ὦς
579 433 704 475 θέμις.
748 429 842 475 Ἡμέ
823 443 892 478 ερα
914 431 955 465 δὲ
978 433 1085 479 τρίτῃ
1109 443 1151 466 εν
1172 430 1224 476 τῷ
1247 430 1347 466 κατὰ
1368 430 1415 466 τὸ
1436 431 1633 467 Παλάτιον

175 486 420 530 ’Λπόλλωνος
443 485 529 535 ἱερῷ
554 489 634 535 τρὶ-ς
656 488 766 522 ἐννέα
789 487 921 529 παῖδες
943 487 1144 529 ἐπιφανεῖς
1160 486 1258 531 μετὰ
1274 489 1475 536 παρθένων
1489 487 1633 523 τοσού-

179 556 272 586 των,
312 546 353 578 οἳ
381 543 520 586 πάντες
542 540 797 587 ἀμφιθαλεῖς,
838 539 933 589 ὅπερ
956 543 1079 584 ἐστίν,
1119 540 1369 591 ἀμφοτέρους
1391 542 1483 586 τοὺς
1505 548 1633 589 γονεῖς

178 612 334 642 εχοντες
370 598 587 647 περιόντας,
628 595 775 642 ὕμνους
809 595 949 644 ᾄδουσι
982 598 1029 647 τῇ
1058 609 1099 632 τε
1124 597 1322 643 Ἑλλήνων
1347 601 1414 633 καὶ
1431 597 1632 644 Ῥωμαίων

179 656 291 704 φωνῇ
315 657 381 689 καὶ
406 654 583 696 παιᾶνας,
609 654 653 688 δι’
676 648 732 687 ὦν
754 656 798 687 αἱ
819 652 894 689 ὑπὸ
914 652 1121 698 Ῥωμαίοις
1143 653 1332 698 σώζονται
1355 654 1502 698 πόλεις·
1529 652 1635 690 ἄλλα

178 724 218 747 τε
242 710 341 746 κατὰ
363 710 431 745 τὸν
455 708 708 755 ὑφηγημένον
732 709 835 758 παρὰ
858 709 926 745 τοῦ
951 712 1061 745 θείου
1078 709 1223 759 τρόπον
1238 710 1457 759 ἐπράττετο,
1481 705 1536 746 ὦν
1551 711 1634 746 ἐπι-

179 769 417 812 τελουμένων
440 766 624 810 διέμεινεν
648 763 673 810 ῆ
698 763 799 813 ἀρχὴ
822 764 1021 810 Ῥωμαίων
1044 765 1257 812 ἇλώβητος.

261 821 336 866 Ὦς
364 821 415 856 (ἲν
442 823 483 856 δὲ
512 825 577 856 καὶ
607 823 666 856 ἐπὶ
702 822 778 856 τῶν
802 822 1035 869 πραγμάτων
1057 820 1188 868 ἀληθῆ
1211 822 1333 858 ταῦτα
1355 821 1454 857 εἶναι
1477 822 1634 858 πιστεύ-

180 891 320 924 σωμεν,
346 877 464 914 αὐτὸν
488 877 769 926 παραθήσομαι
790 877 858 912 τὸν
881 877 1070 923 Σιβύλλης
1108 878 1299 928 χρησμόν,
1323 874 1398 924 ἤδη
1423 877 1497 927 πρὸ
1519 877 1634 924 ἡμῶν

181 937 264 984 παρ’
288 937 426 983 ἑτέρων
449 933 722 979 ἀνενηγμένον·

351 1001 450 1037 ’Am’
477 1001 625 1036 ὁπόταν
647 1001 839 1047 μήκιστος
862 1003 926 1051 ἵκῃ
950 1002 1092 1051 χρόνος
1114 1001 1355 1051 ἀνθρώποισι

333 1059 454 1103 Ζωῆς,
480 1061 534 1101 εἰς
557 1060 672 1093 ἐτέων
696 1058 835 1094 ἑκατὸν
858 1059 950 1094 δέκα
972 1058 1115 1094 κύκλον
1139 1057 1305 1101 ὁδεύων,

335 1117 518 1160 Μέμνησ’,
545 1111 576 1147 ὦ
595 1113 777 1159 Ῥωμαῖε,
799 1117 865 1150 καὶ
887 1113 934 1150 οὗ
957 1114 1066 1159 μάλα
1088 1115 1226 1159 λη’σεαι
1249 1114 1376 1150 αὐτῶν

333 1170 566 1215 Μεμνῆσθαι
588 1170 679 1204 τάδε
702 1171 838 1205 πάντα.
887 1173 1022 1206 Θεοΐσι
1042 1172 1115 1215 μὲν
1137 1169 1372 1206 ἀθανάτοισι

325 1225 463 1270 “Ι)έζειν
487 1228 527 1261 ἐν
549 1227 673 1272 Πεδίῳ
698 1226 801 1275 παρὰ
826 1227 1046 1275 Θύμβριδος
1068 1225 1234 1262 ἄπλετον
1257 1223 1376 1274 ὕδωρ,
1613 1230 1633 1261 5

322 1281 452 1331 ’Ὀππῃ
477 1283 739 1324 στεινότατον,
764 1281 846 1326 Νὺξ
870 1281 986 1328 ἡνίκα
1008 1288 1122 1328 γαῖαν
1145 1283 1306 1332 ἐπέλθῃ,

327 1336 481 1373 Ἤελίου
505 1339 730 1386 κρύψαντος
754 1337 820 1373 ἑὸν
843 1338 963 1381 φάος·
989 1334 1086 1373 οε’νθα
1109 1337 1158 1374 σὺ
1180 1337 1300 1385 ῥέζειν

325 1393 427 1442 Ἱερὰ
451 1394 702 1440 ποντογόνοις
724 1396 888 1441 Μοίραις
910 1392 1030 1442 ἄρνας
1051 1406 1093 1428 τε
1115 1396 1182 1429 καὶ
1204 1393 1329 1440 αἶγας.

328 1452 502 1493 Κυανέας
525 1450 622 1485 δ’ἐπὶ
644 1450 766 1485 ταῖσδ’
790 1451 1007 1493 Εἰλειθυίας
1031 1448 1250 1499 ἀρέσασθαι

328 1506 595 1549 ΙΙαιδοτόκους
618 1508 818 1548 θυέεσσιν,
844 1503 922 1555 ὅπῃ
945 1508 1070 1551 θέμις.
1116 1502 1216 1542 Αὖθι
1237 1507 1279 1542 δὲ
1300 1508 1397 1556 Γαίῃ
1592 1510 1634 1542 40

330 1563 567 1611 Πληθομένῃ
592 1563 727 1610 χοῖρός
750 1574 790 1596 τε
813 1564 878 1597 καὶ
903 1557 948 1605 ὗς
973 1564 1114 1611 ἱεροϊτο
1136 1562 1311 1607 μέλαινα.

330 1617 517 1652 Ζάλευκοι
540 1617 676 1666 ταῦροι
698 1619 739 1653 δὲ
762 1617 854 1661 Διὸς
877 1617 981 1666 παρὰ
1003 1617 1140 1663 βωμὸν
1171 1615 1351 1664 ἀγέσθων

320 1670 476 1717 ἃΉματι,
501 1674 589 1718 μηδ’
615 1675 678 1709 ἐπὶ
700 1677 826 1709 νυκτί·
851 1676 980 1709 θεοῖσι
1002 1673 1076 1722 γὰρ
1099 1671 1316 1723 οὐρανίοισι

325 1726 508 1776 Ἡιιέριος
531 1730 683 1764 πέλεται
706 1732 831 1764 θυέων
853 1729 1015 1777 τρόπος·
1041 1727 1094 1772 ὣς
1116 1730 1157 1764 δὲ
1180 1732 1246 1764 καὶ
1268 1725 1395 1773 αὕτως

325 1782 500 1832 Ἰρεύειν·
525 1785 702 1830 δαμάλης
724 1785 765 1819 δὲ
787 1784 885 1827 βοὸς
907 1785 1026 1829 δέμας
1049 1783 1196 1831 ἀγλαὸν
1211 1782 1336 1834 ’Ἡρης
1589 1788 1635 1821 45

329 1839 514 1883 Δεξάσθω
539 1840 632 1886 νηὸς
655 1840 759 1889 παρὰ
782 1836 863 1876 σεῧ.
911 1843 987 1876 Καὶ
1011 1842 1155 1884 Φοῖβος
1172 1838 1379 1883 Ἀπόλλων,

322 1892 439 1930 “Ὀστε
461 1899 527 1932 καὶ
546 1895 698 1939 Ἠέλιος
721 1897 989 1941 κικλήσκεται,
1015 1895 1083 1931 ἶσα
1104 1896 1271 1938 δεδέχθω

328 1951 491 1996 Θύματα
515 1954 722 1998 Λητοΐδης·
748 1956 813 1987 καὶ
836 1951 1056 1998 ἀειδόμενοί
1086 1964 1127 1987 τε
1149 1954 1309 1988 Λατῖνοι

332 2010 496 2052 Παιᾶνες
519 2008 679 2057 κούροις
700 2008 866 2058 κούρῃσί
887 2020 928 2043 τε
950 2007 1046 2053 νηὸν
1070 2003 1198 2050 ἔχοιεν

325 2065 566 2101 Ἀθανάτων
595 2067 712 2112 χωρὶς
735 2065 775 2099 δὲ
798 2064 910 2112 κόραι
934 2063 1055 2112 χορὸν
1078 2063 1194 2099 αὗται
1218 2061 1346 2106 ἔχοιεν
1589 2068 1633 2100 20

328 2124 402 2156 Καὶ
427 2123 543 2169 χωρὶς
567 2121 711 2155 παίδων
734 2118 859 2169 ἅρσην
883 2120 1046 2163 στάχυς,
1072 2118 1170 2154 ἀλλὰ
1193 2120 1345 2166 γονήων

337 2178 492 2212 Πάντων
515 2177 709 2220 ζωόντων,
736 2174 795 2219 οἷς
818 2174 1047 2221 ἀμφιθαλὴς
1070 2174 1127 2210 ’ἔτι
1149 2174 1289 2221 φύτλη.

331 2235 379 2268 Αἱ
399 2235 439 2268 δὲ
463 2233 591 2278 γάμου
615 2233 808 2278 ζεύγλαισι
830 2232 1065 2276 δεδμημέναι
1087 2229 1208 2276 ἤματι
1230 2234 1342 2277 κείνῳ

330 2289 430 2333 Γνὺξ
446 2286 569 2337 ”Ηρης
594 2288 697 2337 παρὰ
719 2287 857 2333 βωμὸν
880 2286 1061 2331 ἀοίδιμον
1086 2286 1291 2334 ἑδριόωσαι

329 2347 505 2390 Δαίμονα
534 2346 818 2380 λισσέσθωσαν.
859 2341 1004 2377 ”Απασι
1027 2343 1068 2377 δὲ
1092 2342 1244 2387 λύματα
1266 2341 1401 2377 δοῦναι
1590 2343 1633 2375 25

328 2400 520 2449 Ἀνδράσιν
544 2399 612 2446 ἡδὲ
634 2400 801 2446 γυναιξί,
825 2399 994 2444 μάλιστα
1016 2399 1057 2433 δὲ
1080 2399 1325 2446 θηλυτέρῃσι.

331 2457 476 2499 Πάντες
500 2457 576 2500 δ’ἐξ
600 2457 726 2491 οἴκοιο
749 2457 972 2504 φερέσθων,
994 2450 1103 2489 ὅσσα
1126 2456 1296 2498 κομίζειν

329 2511 436 2546 ’Ean
460 2514 573 2557 θέμις
598 2514 797 2556 θνητοῖσιν
820 2509 1107 2559 ἀπαρχομένοις
1129 2508 1301 2551 βιότοιο,

332 2569 499 2612 μΙαίμοσι
520 2568 766 2612 μειλιχίοισιν
791 2566 985 2612 ίλάσματα
1008 2569 1073 2600 καὶ
1095 2564 1337 2613 Διιακάρεσσιν

336 2622 579 2669 Οὐρανίδαις·
607 2622 652 2657 τὰ
676 2623 716 2657 δὲ
741 2622 866 2657 πάντα
891 2623 1226 2669 τεθησαυρισμένα
1250 2621 1412 2658 κείσθω,
1591 2619 1634 2651 30

331 2677 454 2725 ’(ὶᾳνρα
479 2691 516 2712 τε
542 2680 769 2727 θηλυτέρῃσι
797 2681 860 2712 καὶ
885 2676 1069 2725 ἀνδράσιν
1093 2675 1292 2724 ἑδριόωσιν
