<?xml version="1.0" encoding="UTF-8"?>
<!DOCTYPE html PUBLIC "-//W3C//DTD XHTML 1.0 Transitional//EN"
    "http://www.w3.org/TR/xhtml1/DTD/xhtml1-transitional.dtd">
<html xmlns="http://www.w3.org/1999/xhtml" xml:lang="en" lang="en">
 <head>
  <title>
</title>
<meta http-equiv="Content-Type" content="text/html;charset=utf-8" />
  <meta name='ocr-system' content='tesseract 3.04.00' />
  <meta name='ocr-capabilities' content='ocr_page ocr_carea ocr_par ocr_line ocrx_word'/>
</head>
<body>
  <div class='ocr_page' id='page_1' title='image "./qhoratiusflaccus12horauoft_0794.png"; bbox 0 0 1722 2904; ppageno 0'>
   <div class='ocr_carea' id='block_1_1' title="bbox 210 73 1121 116">
    <p class='ocr_par' dir='ltr' id='par_1_1' title="bbox 210 73 1121 116">
     <span class='ocr_line' id='line_1_1' title="bbox 210 73 1121 116; baseline -0.009 0"><span class='ocrx_word' id='word_1_1' title='bbox 210 73 292 116; x_wconf 77' lang='lat'><strong>726</strong></span> <span class='ocrx_word' id='word_1_2' title='bbox 743 74 915 107; x_wconf 66' lang='lat' dir='ltr'><strong>noum-11</strong></span> <span class='ocrx_word' id='word_1_3' title='bbox 950 75 1121 108; x_wconf 81' lang='lat' dir='ltr'><strong>EPODON</strong></span> 
     </span>
    </p>
   </div>
   <div class='ocr_carea' id='block_1_2' title="bbox 263 177 1660 466">
    <p class='ocr_par' dir='ltr' id='par_1_2' title="bbox 263 177 1660 466">
     <span class='ocr_line' id='line_1_2' title="bbox 320 177 1235 236; baseline -0.002 -14"><span class='ocrx_word' id='word_1_4' title='bbox 320 177 665 236; x_wconf 87' lang='lat' dir='ltr'><strong>Parentibusque</strong></span> <span class='ocrx_word' id='word_1_5' title='bbox 697 178 967 228; x_wconf 86' lang='lat' dir='ltr'><strong>abominatus</strong></span> <span class='ocrx_word' id='word_1_6' title='bbox 998 177 1235 229; x_wconf 67' lang='lat' dir='ltr'><strong>Hannibal,</strong></span> 
     </span>
     <span class='ocr_line' id='line_1_3' title="bbox 264 258 1262 318; baseline 0.001 -16"><span class='ocrx_word' id='word_1_7' title='bbox 264 260 399 318; x_wconf 83' lang='lat' dir='ltr'>Impia</span> <span class='ocrx_word' id='word_1_8' title='bbox 428 259 664 317; x_wconf 83' lang='lat' dir='ltr'>perdemus</span> <span class='ocrx_word' id='word_1_9' title='bbox 694 258 838 302; x_wconf 90' lang='lat' dir='ltr'><strong>devoti</strong></span> <span class='ocrx_word' id='word_1_10' title='bbox 871 258 1091 316; x_wconf 85' lang='lat' dir='ltr'>sanguinis</span> <span class='ocrx_word' id='word_1_11' title='bbox 1121 267 1262 308; x_wconf 85' lang='lat' dir='ltr'><strong>aetas,</strong></span> 
     </span>
     <span class='ocr_line' id='line_1_4' title="bbox 318 339 1660 397; baseline 0.001 -14"><span class='ocrx_word' id='word_1_12' title='bbox 318 340 530 397; x_wconf 89' lang='lat' dir='ltr'><strong>Ferisque</strong></span> <span class='ocrx_word' id='word_1_13' title='bbox 561 355 713 383; x_wconf 90' lang='lat' dir='ltr'><strong>rursus</strong></span> <span class='ocrx_word' id='word_1_14' title='bbox 743 339 1025 397; x_wconf 85' lang='lat' dir='ltr'>occupabitur</span> <span class='ocrx_word' id='word_1_15' title='bbox 1055 340 1208 383; x_wconf 92' lang='lat' dir='ltr'><strong>solum.</strong></span> <span class='ocrx_word' id='word_1_16' title='bbox 1606 342 1660 386; x_wconf 74' lang='lat'><strong>40</strong></span> 
     </span>
     <span class='ocr_line' id='line_1_5' title="bbox 263 420 1419 466; baseline 0.001 -3"><span class='ocrx_word' id='word_1_17' title='bbox 263 421 480 465; x_wconf 87' lang='lat' dir='ltr'><strong>Barbarus</strong></span> <span class='ocrx_word' id='word_1_18' title='bbox 509 420 595 464; x_wconf 91' lang='lat' dir='ltr'><strong>heu</strong></span> <span class='ocrx_word' id='word_1_19' title='bbox 626 421 796 464; x_wconf 91' lang='lat' dir='ltr'><strong>cineres</strong></span> <span class='ocrx_word' id='word_1_20' title='bbox 828 421 994 464; x_wconf 88' lang='lat' dir='ltr'><strong>insistet</strong></span> <span class='ocrx_word' id='word_1_21' title='bbox 1022 421 1158 465; x_wconf 87' lang='lat' dir='ltr'><strong>victor</strong></span> <span class='ocrx_word' id='word_1_22' title='bbox 1188 428 1232 465; x_wconf 93' lang='lat' dir='ltr'><strong>et</strong></span> <span class='ocrx_word' id='word_1_23' title='bbox 1259 420 1419 466; x_wconf 84' lang='lat' dir='ltr'><strong>Urbem</strong></span> 
     </span>
    </p>
   </div>
   <div class='ocr_carea' id='block_1_3' title="bbox 319 501 1167 560">
    <p class='ocr_par' dir='ltr' id='par_1_3' title="bbox 319 501 1167 560">
     <span class='ocr_line' id='line_1_6' title="bbox 319 501 1167 560; baseline -0.001 -15"><span class='ocrx_word' id='word_1_24' title='bbox 319 503 465 560; x_wconf 85' lang='lat' dir='ltr'>Eques</span> <span class='ocrx_word' id='word_1_25' title='bbox 499 509 677 545; x_wconf 84' lang='lat' dir='ltr'><strong>sonante</strong></span> <span class='ocrx_word' id='word_1_26' title='bbox 708 501 955 545; x_wconf 85' lang='lat' dir='ltr'><strong>verberabit</strong></span> <span class='ocrx_word' id='word_1_27' title='bbox 985 501 1167 559; x_wconf 80' lang='lat' dir='ltr'><strong>ungula,</strong></span> 
     </span>
    </p>
   </div>
   <div class='ocr_carea' id='block_1_4' title="bbox 295 631 1613 681">
    <p class='ocr_par' dir='ltr' id='par_1_4' title="bbox 295 631 1613 681">
     <span class='ocr_line' id='line_1_7' title="bbox 295 631 1613 681; baseline 0.002 -9"><span class='ocrx_word' id='word_1_28' title='bbox 295 641 326 673; x_wconf 90' lang='lat'><strong>8.</strong></span> <span class='ocrx_word' id='word_1_29' title='bbox 352 640 585 672; x_wconf 83' lang='lat' dir='ltr'><strong>Parentibusve</strong></span> <span class='ocrx_word' id='word_1_30' title='bbox 599 639 779 673; x_wconf 86' lang='lat' dir='ltr'><strong>Bentleius</strong></span> <span class='ocrx_word' id='word_1_31' title='bbox 796 631 888 673; x_wconf 80' lang='lat' dir='ltr'><strong>coni.</strong></span> <span class='ocrx_word' id='word_1_32' title='bbox 916 657 951 663; x_wconf 92' lang='lat'>-</span> <span class='ocrx_word' id='word_1_33' title='bbox 977 640 1219 672; x_wconf 68' lang='lat' dir='ltr'><strong>abominandus</strong></span> <span class='ocrx_word' id='word_1_34' title='bbox 1232 640 1388 673; x_wconf 86' lang='lat' dir='ltr'><strong>Pottierii</strong></span> <span class='ocrx_word' id='word_1_35' title='bbox 1404 641 1419 673; x_wconf 99' lang='grc'><strong>4</strong></span> <span class='ocrx_word' id='word_1_36' title='bbox 1434 666 1441 680; x_wconf 92' lang='grc'>,</span> <span class='ocrx_word' id='word_1_37' title='bbox 1458 641 1492 680; x_wconf 80' lang='grc'><strong>2,</strong></span> <span class='ocrx_word' id='word_1_38' title='bbox 1510 640 1542 681; x_wconf 88' lang='grc'><strong>3,</strong></span> <span class='ocrx_word' id='word_1_39' title='bbox 1559 641 1613 674; x_wconf 77' lang='lat'><strong>22.</strong></span> 
     </span>
    </p>
   </div>
   <div class='ocr_carea' id='block_1_5' title="bbox 203 761 910 2097">
    <p class='ocr_par' dir='ltr' id='par_1_5' title="bbox 203 761 910 2097">
     <span class='ocr_line' id='line_1_8' title="bbox 207 761 904 807; baseline -0.001 -10"><span class='ocrx_word' id='word_1_40' title='bbox 207 764 379 797; x_wconf 87' lang='lat' dir='ltr'><strong>Cimbris:</strong></span> <span class='ocrx_word' id='word_1_41' title='bbox 417 761 588 807; x_wconf 83' lang='grc' dir='ltr'><em>μάλιστα</em></span> <span class='ocrx_word' id='word_1_42' title='bbox 609 763 683 806; x_wconf 77' lang='grc' dir='ltr'><strong>μὲν</strong></span> <span class='ocrx_word' id='word_1_43' title='bbox 706 761 904 805; x_wconf 82' lang='grc' dir='ltr'><em>εἰκάζοντο</em></span> 
     </span>
     <span class='ocr_line' id='line_1_9' title="bbox 205 811 906 860; baseline 0 -14"><span class='ocrx_word' id='word_1_44' title='bbox 205 812 421 860; x_wconf 76' lang='grc' dir='ltr'><em>Γερμανικὰ</em></span> <span class='ocrx_word' id='word_1_45' title='bbox 432 815 524 858; x_wconf 77' lang='grc' dir='ltr'>γένη</span> <span class='ocrx_word' id='word_1_46' title='bbox 538 832 554 837; x_wconf 99' lang='grc'>-</span> <span class='ocrx_word' id='word_1_47' title='bbox 564 831 580 837; x_wconf 96' lang='grc'>-</span> <span class='ocrx_word' id='word_1_48' title='bbox 595 811 693 846; x_wconf 78' lang='grc' dir='ltr'><strong><em>εἶναι</em></strong></span> <span class='ocrx_word' id='word_1_49' title='bbox 704 817 786 855; x_wconf 82' lang='grc' dir='ltr'><em>τοῖς</em></span> <span class='ocrx_word' id='word_1_50' title='bbox 797 815 906 857; x_wconf 74' lang='grc' dir='ltr'><em>μεγέ-</em></span> 
     </span>
     <span class='ocr_line' id='line_1_10' title="bbox 206 861 907 910; baseline 0 -14"><span class='ocrx_word' id='word_1_51' title='bbox 206 865 294 897; x_wconf 80' lang='grc' dir='ltr'><em>θεσι</em></span> <span class='ocrx_word' id='word_1_52' title='bbox 315 861 392 897; x_wconf 78' lang='grc' dir='ltr'><strong>τῶν</strong></span> <span class='ocrx_word' id='word_1_53' title='bbox 415 862 608 906; x_wconf 82' lang='grc' dir='ltr'><em>σωμάτων</em></span> <span class='ocrx_word' id='word_1_54' title='bbox 631 865 698 896; x_wconf 78' lang='grc' dir='ltr'><strong>καὶ</strong></span> <span class='ocrx_word' id='word_1_55' title='bbox 719 862 766 910; x_wconf 83' lang='grc' dir='ltr'><strong>τῇ</strong></span> <span class='ocrx_word' id='word_1_56' title='bbox 791 874 907 909; x_wconf 82' lang='grc' dir='ltr'><em>χαρο-</em></span> 
     </span>
     <span class='ocr_line' id='line_1_11' title="bbox 207 910 902 958; baseline -0.001 -11"><span class='ocrx_word' id='word_1_57' title='bbox 207 912 344 958; x_wconf 82' lang='grc' dir='ltr'><em>πότητι</em></span> <span class='ocrx_word' id='word_1_58' title='bbox 358 915 434 946; x_wconf 79' lang='grc' dir='ltr'><strong>τῶν</strong></span> <span class='ocrx_word' id='word_1_59' title='bbox 446 910 645 957; x_wconf 81' lang='grc' dir='ltr'><em>ὀμμάτων.</em></span> <span class='ocrx_word' id='word_1_60' title='bbox 660 915 768 947; x_wconf 83' lang='lat' dir='ltr'><strong>Tacit.</strong></span> <span class='ocrx_word' id='word_1_61' title='bbox 785 916 902 947; x_wconf 84' lang='lat' dir='ltr'><strong>Germ.</strong></span> 
     </span>
     <span class='ocr_line' id='line_1_12' title="bbox 208 964 908 1005; baseline -0.003 -8"><span class='ocrx_word' id='word_1_62' title='bbox 208 964 247 998; x_wconf 80' lang='lat'><strong>4:</strong></span> <span class='ocrx_word' id='word_1_63' title='bbox 265 965 664 1005; x_wconf 59' lang='lat' dir='ltr'><strong>habitus-emporium·</strong></span> <span class='ocrx_word' id='word_1_64' title='bbox 678 965 785 997; x_wconf 81' lang='lat' dir='ltr'><strong>idem:</strong></span> <span class='ocrx_word' id='word_1_65' title='bbox 802 964 908 996; x_wconf 82' lang='lat' dir='ltr'><strong>omni-</strong></span> 
     </span>
     <span class='ocr_line' id='line_1_13' title="bbox 209 1015 908 1053; baseline -0.001 -6"><span class='ocrx_word' id='word_1_66' title='bbox 209 1015 268 1047; x_wconf 81' lang='lat' dir='ltr'><strong>bus</strong></span> <span class='ocrx_word' id='word_1_67' title='bbox 297 1018 406 1047; x_wconf 84' lang='lat' dir='ltr'><strong>truces</strong></span> <span class='ocrx_word' id='word_1_68' title='bbox 433 1018 463 1047; x_wconf 85' lang='lat' dir='ltr'><strong>et</strong></span> <span class='ocrx_word' id='word_1_69' title='bbox 488 1015 634 1047; x_wconf 74' lang='lat' dir='ltr'><strong>caerulei</strong></span> <span class='ocrx_word' id='word_1_70' title='bbox 656 1015 759 1053; x_wconf 82' lang='lat' dir='ltr'><strong>oculi,</strong></span> <span class='ocrx_word' id='word_1_71' title='bbox 784 1015 908 1047; x_wconf 83' lang='lat' dir='ltr'><strong>rutilae</strong></span> 
     </span>
     <span class='ocr_line' id='line_1_14' title="bbox 203 1063 904 1106; baseline 0 -10"><span class='ocrx_word' id='word_1_72' title='bbox 203 1073 336 1104; x_wconf 87' lang='lat' dir='ltr'><strong>comae,</strong></span> <span class='ocrx_word' id='word_1_73' title='bbox 375 1074 503 1106; x_wconf 64' lang='lat' dir='ltr'><strong>magna</strong></span> <span class='ocrx_word' id='word_1_74' title='bbox 539 1073 697 1104; x_wconf 72' lang='lat' dir='ltr'><strong>corpora.</strong></span> <span class='ocrx_word' id='word_1_75' title='bbox 748 1063 904 1097; x_wconf 87' lang='lat' dir='ltr'><strong>Iuvenal.</strong></span> 
     </span>
     <span class='ocr_line' id='line_1_15' title="bbox 207 1113 908 1155; baseline -0.001 -9"><span class='ocrx_word' id='word_1_76' title='bbox 207 1114 265 1153; x_wconf 89' lang='grc'><strong>43,</strong></span> <span class='ocrx_word' id='word_1_77' title='bbox 292 1113 374 1147; x_wconf 74' lang='grc' dir='ltr'><strong>464ε</strong></span> <span class='ocrx_word' id='word_1_78' title='bbox 411 1114 555 1147; x_wconf 72' lang='lat' dir='ltr'><strong>Gaemda</strong></span> <span class='ocrx_word' id='word_1_79' title='bbox 577 1115 651 1155; x_wconf 82' lang='lat' dir='ltr'><strong>quis</strong></span> <span class='ocrx_word' id='word_1_80' title='bbox 671 1114 799 1154; x_wconf 80' lang='lat' dir='ltr'><strong>stupuit</strong></span> <span class='ocrx_word' id='word_1_81' title='bbox 822 1114 908 1146; x_wconf 81' lang='lat' dir='ltr'><strong>Ger-</strong></span> 
     </span>
     <span class='ocr_line' id='line_1_16' title="bbox 204 1162 908 1206; baseline 0 -11"><span class='ocrx_word' id='word_1_82' title='bbox 204 1164 299 1195; x_wconf 82' lang='lat' dir='ltr'><strong>mani</strong></span> <span class='ocrx_word' id='word_1_83' title='bbox 335 1164 486 1204; x_wconf 85' lang='lat' dir='ltr'><strong>lumina,</strong></span> <span class='ocrx_word' id='word_1_84' title='bbox 524 1165 652 1206; x_wconf 79' lang='lat' dir='ltr'><strong>flavam</strong></span> <span class='ocrx_word' id='word_1_85' title='bbox 689 1162 908 1197; x_wconf 81' lang='lat' dir='ltr'><strong>Caesariem?</strong></span> 
     </span>
     <span class='ocr_line' id='line_1_17' title="bbox 206 1212 908 1255; baseline -0.003 -8"><span class='ocrx_word' id='word_1_86' title='bbox 206 1212 323 1247; x_wconf 86' lang='lat' dir='ltr'><strong>Manil.</strong></span> <span class='ocrx_word' id='word_1_87' title='bbox 341 1213 377 1255; x_wconf 76' lang='lat'><strong>4,</strong></span> <span class='ocrx_word' id='word_1_88' title='bbox 413 1213 496 1247; x_wconf 81' lang='lat'>794:</span> <span class='ocrx_word' id='word_1_89' title='bbox 535 1214 639 1253; x_wconf 79' lang='lat' dir='ltr'><strong>Teque</strong></span> <span class='ocrx_word' id='word_1_90' title='bbox 667 1214 749 1255; x_wconf 84' lang='lat' dir='ltr'><strong>feris</strong></span> <span class='ocrx_word' id='word_1_91' title='bbox 769 1214 908 1255; x_wconf 75' lang='lat' dir='ltr'><strong>diynam</strong></span> 
     </span>
     <span class='ocr_line' id='line_1_18' title="bbox 206 1264 907 1304; baseline 0.001 -9"><span class='ocrx_word' id='word_1_92' title='bbox 206 1266 355 1304; x_wconf 79' lang='lat' dir='ltr'><strong>tantum,</strong></span> <span class='ocrx_word' id='word_1_93' title='bbox 381 1264 581 1304; x_wconf 80' lang='lat' dir='ltr'><strong>Germania,</strong></span> <span class='ocrx_word' id='word_1_94' title='bbox 598 1267 752 1296; x_wconf 86' lang='lat' dir='ltr'><strong>matrem.</strong></span> <span class='ocrx_word' id='word_1_95' title='bbox 779 1265 907 1296; x_wconf 84' lang='lat' dir='ltr'><strong>Ferum</strong></span> 
     </span>
     <span class='ocr_line' id='line_1_19' title="bbox 205 1314 908 1356; baseline 0.001 -11"><span class='ocrx_word' id='word_1_96' title='bbox 205 1322 334 1355; x_wconf 84' lang='lat' dir='ltr'><strong>reapse</strong></span> <span class='ocrx_word' id='word_1_97' title='bbox 358 1315 546 1355; x_wconf 82' lang='lat' dir='ltr'><strong>aspectum</strong></span> <span class='ocrx_word' id='word_1_98' title='bbox 567 1314 719 1356; x_wconf 87' lang='lat' dir='ltr'><strong>praebet</strong></span> <span class='ocrx_word' id='word_1_99' title='bbox 741 1314 908 1346; x_wconf 86' lang='lat' dir='ltr'><strong>Germani</strong></span> 
     </span>
     <span class='ocr_line' id='line_1_20' title="bbox 207 1364 908 1405; baseline 0 -10"><span class='ocrx_word' id='word_1_100' title='bbox 207 1364 314 1404; x_wconf 84' lang='lat' dir='ltr'><strong>caput</strong></span> <span class='ocrx_word' id='word_1_101' title='bbox 337 1372 380 1395; x_wconf 86' lang='lat' dir='ltr'><strong>ex</strong></span> <span class='ocrx_word' id='word_1_102' title='bbox 403 1364 541 1395; x_wconf 86' lang='lat' dir='ltr'><strong>Traiani</strong></span> <span class='ocrx_word' id='word_1_103' title='bbox 565 1365 728 1405; x_wconf 91' lang='lat' dir='ltr'><strong>tempore</strong></span> <span class='ocrx_word' id='word_1_104' title='bbox 743 1364 779 1396; x_wconf 93' lang='lat' dir='ltr'><strong>in</strong></span> <span class='ocrx_word' id='word_1_105' title='bbox 794 1365 908 1396; x_wconf 84' lang='lat' dir='ltr'><strong>Museo</strong></span> 
     </span>
     <span class='ocr_line' id='line_1_21' title="bbox 206 1412 908 1445; baseline 0.001 -1"><span class='ocrx_word' id='word_1_106' title='bbox 206 1412 377 1445; x_wconf 83' lang='lat' dir='ltr'><strong>Chiaram.</strong></span> <span class='ocrx_word' id='word_1_107' title='bbox 409 1414 451 1445; x_wconf 90' lang='lat'><strong>11.</strong></span> <span class='ocrx_word' id='word_1_108' title='bbox 477 1414 514 1445; x_wconf 91' lang='grc' dir='ltr'><strong>Τ.</strong></span> <span class='ocrx_word' id='word_1_109' title='bbox 532 1413 662 1445; x_wconf 90' lang='lat' dir='ltr'>XLVII.</span> <span class='ocrx_word' id='word_1_110' title='bbox 691 1431 728 1437; x_wconf 88' lang='lat'>-</span> <span class='ocrx_word' id='word_1_111' title='bbox 753 1413 908 1445; x_wconf 80' lang='lat' dir='ltr'><strong>Parenti-</strong></span> 
     </span>
     <span class='ocr_line' id='line_1_22' title="bbox 206 1461 907 1504; baseline 0 -10"><span class='ocrx_word' id='word_1_112' title='bbox 206 1462 275 1502; x_wconf 81' lang='lat' dir='ltr'><strong>bus]</strong></span> <span class='ocrx_word' id='word_1_113' title='bbox 307 1462 521 1495; x_wconf 81' lang='lat' dir='ltr'><strong>«maioribus</strong></span> <span class='ocrx_word' id='word_1_114' title='bbox 552 1463 682 1495; x_wconf 90' lang='lat' dir='ltr'><strong>nostris</strong></span> <span class='ocrx_word' id='word_1_115' title='bbox 710 1471 777 1504; x_wconf 92' lang='lat' dir='ltr'><strong>per</strong></span> <span class='ocrx_word' id='word_1_116' title='bbox 806 1461 907 1496; x_wconf 86' lang='lat' dir='ltr'><strong>Urbis</strong></span> 
     </span>
     <span class='ocr_line' id='line_1_23' title="bbox 206 1510 907 1545; baseline 0.001 -2"><span class='ocrx_word' id='word_1_117' title='bbox 206 1510 368 1543; x_wconf 88' lang='lat' dir='ltr'><strong>seculum</strong></span> <span class='ocrx_word' id='word_1_118' title='bbox 385 1513 560 1544; x_wconf 85' lang='lat' dir='ltr'><strong>sextum.»</strong></span> <span class='ocrx_word' id='word_1_119' title='bbox 585 1513 715 1545; x_wconf 88' lang='lat' dir='ltr'><strong>Matres</strong></span> <span class='ocrx_word' id='word_1_120' title='bbox 732 1511 820 1545; x_wconf 86' lang='lat' dir='ltr'><strong>filios</strong></span> <span class='ocrx_word' id='word_1_121' title='bbox 836 1512 907 1544; x_wconf 87' lang='lat' dir='ltr'><strong>iam</strong></span> 
     </span>
     <span class='ocr_line' id='line_1_24' title="bbox 206 1560 909 1602; baseline 0.001 -10"><span class='ocrx_word' id='word_1_122' title='bbox 206 1561 358 1593; x_wconf 86' lang='lat' dir='ltr'><strong>amissos</strong></span> <span class='ocrx_word' id='word_1_123' title='bbox 384 1560 546 1602; x_wconf 86' lang='lat' dir='ltr'><strong>lugentes</strong></span> <span class='ocrx_word' id='word_1_124' title='bbox 569 1562 597 1594; x_wconf 92' lang='lat' dir='ltr'><strong>si</strong></span> <span class='ocrx_word' id='word_1_125' title='bbox 621 1561 820 1602; x_wconf 82' lang='lat' dir='ltr'><strong>significare</strong></span> <span class='ocrx_word' id='word_1_126' title='bbox 843 1570 909 1593; x_wconf 89' lang='lat' dir='ltr'><strong>vo-</strong></span> 
     </span>
     <span class='ocr_line' id='line_1_25' title="bbox 207 1610 909 1652; baseline 0.001 -10"><span class='ocrx_word' id='word_1_127' title='bbox 207 1610 331 1642; x_wconf 84' lang='lat' dir='ltr'><strong>luisset</strong></span> <span class='ocrx_word' id='word_1_128' title='bbox 356 1610 405 1651; x_wconf 87' lang='lat' dir='ltr'><strong>(ut</strong></span> <span class='ocrx_word' id='word_1_129' title='bbox 428 1611 617 1652; x_wconf 84' lang='lat' dir='ltr'><strong>opinantur</strong></span> <span class='ocrx_word' id='word_1_130' title='bbox 631 1610 812 1652; x_wconf 85' lang='lat' dir='ltr'><strong>nonnulli),</strong></span> <span class='ocrx_word' id='word_1_131' title='bbox 837 1611 909 1643; x_wconf 88' lang='lat' dir='ltr'><strong>uti-</strong></span> 
     </span>
     <span class='ocr_line' id='line_1_26' title="bbox 207 1658 909 1703; baseline 0.001 -12"><span class='ocrx_word' id='word_1_132' title='bbox 207 1668 277 1700; x_wconf 88' lang='lat' dir='ltr'><strong>que</strong></span> <span class='ocrx_word' id='word_1_133' title='bbox 307 1658 468 1703; x_wconf 80' lang='grc' dir='ltr'><em>ἑπιθέτῳ</em></span> <span class='ocrx_word' id='word_1_134' title='bbox 497 1659 615 1701; x_wconf 86' lang='lat' dir='ltr'><strong>aliquo</strong></span> <span class='ocrx_word' id='word_1_135' title='bbox 645 1660 739 1693; x_wconf 87' lang='lat' dir='ltr'><strong>hanc</strong></span> <span class='ocrx_word' id='word_1_136' title='bbox 762 1662 909 1693; x_wconf 88' lang='lat' dir='ltr'><strong>senten-</strong></span> 
     </span>
     <span class='ocr_line' id='line_1_27' title="bbox 205 1709 907 1750; baseline 0.003 -10"><span class='ocrx_word' id='word_1_137' title='bbox 205 1709 352 1741; x_wconf 81' lang='lat' dir='ltr'><strong>tentiam</strong></span> <span class='ocrx_word' id='word_1_138' title='bbox 376 1709 605 1743; x_wconf 85' lang='lat' dir='ltr'><strong>declarasset.</strong></span> <span class='ocrx_word' id='word_1_139' title='bbox 627 1728 664 1733; x_wconf 91' lang='lat'><strong>—-</strong></span> <span class='ocrx_word' id='word_1_140' title='bbox 686 1710 907 1750; x_wconf 81' lang='lat' dir='ltr'><strong>abominatus]</strong></span> 
     </span>
     <span class='ocr_line' id='line_1_28' title="bbox 208 1758 910 1800; baseline 0.003 -10"><span class='ocrx_word' id='word_1_141' title='bbox 208 1759 244 1790; x_wconf 88' lang='lat' dir='ltr'><strong>h.</strong></span> <span class='ocrx_word' id='word_1_142' title='bbox 267 1758 290 1790; x_wconf 97' lang='lat' dir='ltr'><strong>l.</strong></span> <span class='ocrx_word' id='word_1_143' title='bbox 315 1759 475 1800; x_wconf 78' lang='lat' dir='ltr'><strong>passive,</strong></span> <span class='ocrx_word' id='word_1_144' title='bbox 512 1761 552 1791; x_wconf 90' lang='lat' dir='ltr'><strong>ut</strong></span> <span class='ocrx_word' id='word_1_145' title='bbox 573 1760 645 1792; x_wconf 91' lang='lat' dir='ltr'><strong>Liv.</strong></span> <span class='ocrx_word' id='word_1_146' title='bbox 676 1760 736 1799; x_wconf 86' lang='grc'><strong>34,</strong></span> <span class='ocrx_word' id='word_1_147' title='bbox 763 1761 826 1792; x_wconf 72' lang='lat'><strong>⁴2:</strong></span> <span class='ocrx_word' id='word_1_148' title='bbox 852 1760 910 1791; x_wconf 84' lang='lat' dir='ltr'><strong>ab·</strong></span> 
     </span>
     <span class='ocr_line' id='line_1_29' title="bbox 207 1808 906 1849; baseline 0.003 -10"><span class='ocrx_word' id='word_1_149' title='bbox 207 1808 348 1840; x_wconf 86' lang='lat' dir='ltr'><strong>ominati</strong></span> <span class='ocrx_word' id='word_1_150' title='bbox 373 1809 574 1840; x_wconf 82' lang='lat' dir='ltr'><strong>semimares.</strong></span> <span class='ocrx_word' id='word_1_151' title='bbox 622 1809 686 1841; x_wconf 90' lang='lat' dir='ltr'><strong>Od.</strong></span> <span class='ocrx_word' id='word_1_152' title='bbox 714 1810 749 1849; x_wconf 83' lang='grc'><strong>4,</strong></span> <span class='ocrx_word' id='word_1_153' title='bbox 780 1810 817 1848; x_wconf 93' lang='grc'><strong>4,</strong></span> <span class='ocrx_word' id='word_1_154' title='bbox 843 1808 906 1842; x_wconf 72' lang='lat'><strong>24:</strong></span> 
     </span>
     <span class='ocr_line' id='line_1_30' title="bbox 207 1857 910 1897; baseline 0.003 -8"><span class='ocrx_word' id='word_1_155' title='bbox 207 1857 357 1897; x_wconf 82' lang='lat' dir='ltr'><strong>bellaque</strong></span> <span class='ocrx_word' id='word_1_156' title='bbox 371 1859 534 1890; x_wconf 77' lang='lat' dir='ltr'><strong>matribus</strong></span> <span class='ocrx_word' id='word_1_157' title='bbox 550 1859 730 1891; x_wconf 77' lang='lat' dir='ltr'><strong>Detestac&#39;a.</strong></span> <span class='ocrx_word' id='word_1_158' title='bbox 753 1878 789 1883; x_wconf 92' lang='lat'><strong>—</strong></span> <span class='ocrx_word' id='word_1_159' title='bbox 803 1860 910 1891; x_wconf 78' lang='lat' dir='ltr'><strong>devoti</strong></span> 
     </span>
     <span class='ocr_line' id='line_1_31' title="bbox 206 1908 905 1949; baseline 0.003 -10"><span class='ocrx_word' id='word_1_160' title='bbox 206 1908 391 1949; x_wconf 68' lang='lat' dir='ltr'><strong>sanguinis]</strong></span> <span class='ocrx_word' id='word_1_161' title='bbox 407 1917 470 1940; x_wconf 88' lang='lat' dir='ltr'><strong>«ea</strong></span> <span class='ocrx_word' id='word_1_162' title='bbox 487 1908 580 1940; x_wconf 84' lang='lat' dir='ltr'><strong>fatali</strong></span> <span class='ocrx_word' id='word_1_163' title='bbox 597 1909 805 1941; x_wconf 87' lang='lat' dir='ltr'><strong>condicione</strong></span> <span class='ocrx_word' id='word_1_164' title='bbox 822 1910 905 1948; x_wconf 86' lang='lat' dir='ltr'><strong>nati,</strong></span> 
     </span>
     <span class='ocr_line' id='line_1_32' title="bbox 208 1958 910 1999; baseline 0.003 -10"><span class='ocrx_word' id='word_1_165' title='bbox 208 1958 247 1989; x_wconf 87' lang='lat' dir='ltr'><strong>ut</strong></span> <span class='ocrx_word' id='word_1_166' title='bbox 280 1959 316 1989; x_wconf 87' lang='lat' dir='ltr'><strong>et</strong></span> <span class='ocrx_word' id='word_1_167' title='bbox 349 1958 416 1999; x_wconf 91' lang='lat' dir='ltr'><strong>ipsi</strong></span> <span class='ocrx_word' id='word_1_168' title='bbox 450 1958 570 1991; x_wconf 89' lang='lat' dir='ltr'><strong>devoti</strong></span> <span class='ocrx_word' id='word_1_169' title='bbox 604 1959 715 1991; x_wconf 84' lang='lat' dir='ltr'><strong>simus</strong></span> <span class='ocrx_word' id='word_1_170' title='bbox 745 1959 849 1991; x_wconf 81' lang='lat' dir='ltr'><strong>exitio</strong></span> <span class='ocrx_word' id='word_1_171' title='bbox 873 1960 910 1991; x_wconf 91' lang='lat' dir='ltr'><strong>et</strong></span> 
     </span>
     <span class='ocr_line' id='line_1_33' title="bbox 206 2007 907 2050; baseline -0.003 -11"><span class='ocrx_word' id='word_1_172' title='bbox 206 2007 370 2039; x_wconf 88' lang='lat' dir='ltr'><strong>destinati</strong></span> <span class='ocrx_word' id='word_1_173' title='bbox 398 2007 444 2039; x_wconf 90' lang='lat' dir='ltr'><strong>ad</strong></span> <span class='ocrx_word' id='word_1_174' title='bbox 475 2008 626 2049; x_wconf 89' lang='lat' dir='ltr'><strong>patriam</strong></span> <span class='ocrx_word' id='word_1_175' title='bbox 649 2008 907 2050; x_wconf 80' lang='lat' dir='ltr'><strong>perdendam.»</strong></span> 
     </span>
     <span class='ocr_line' id='line_1_34' title="bbox 211 2057 909 2097; baseline 0.003 -8"><span class='ocrx_word' id='word_1_176' title='bbox 211 2076 246 2080; x_wconf 90' lang='lat'>—</span> <span class='ocrx_word' id='word_1_177' title='bbox 277 2058 408 2097; x_wconf 84' lang='lat' dir='ltr'><strong>rursus]</strong></span> <span class='ocrx_word' id='word_1_178' title='bbox 440 2059 480 2090; x_wconf 87' lang='lat' dir='ltr'><strong>ut</strong></span> <span class='ocrx_word' id='word_1_179' title='bbox 510 2059 591 2090; x_wconf 85' lang='lat' dir='ltr'><strong>ante</strong></span> <span class='ocrx_word' id='word_1_180' title='bbox 615 2058 814 2091; x_wconf 88' lang='lat' dir='ltr'><strong>Romulum.</strong></span> <span class='ocrx_word' id='word_1_181' title='bbox 851 2057 909 2091; x_wconf 89' lang='lat' dir='ltr'><strong>Ti-</strong></span> 
     </span>
    </p>
   </div>
   <div class='ocr_carea' id='block_1_6' title="bbox 208 2105 943 2148">
    <p class='ocr_par' dir='ltr' id='par_1_6' title="bbox 208 2105 943 2148">
     <span class='ocr_line' id='line_1_35' title="bbox 208 2105 943 2148; baseline 0.004 -10"><span class='ocrx_word' id='word_1_182' title='bbox 208 2105 292 2138; x_wconf 88' lang='lat' dir='ltr'><strong>bull.</strong></span> <span class='ocrx_word' id='word_1_183' title='bbox 310 2107 348 2146; x_wconf 73' lang='lat'><strong>2,</strong></span> <span class='ocrx_word' id='word_1_184' title='bbox 374 2108 412 2146; x_wconf 85' lang='lat'><strong>5,</strong></span> <span class='ocrx_word' id='word_1_185' title='bbox 437 2107 500 2139; x_wconf 74' lang='lat'><strong>25:</strong></span> <span class='ocrx_word' id='word_1_186' title='bbox 537 2108 601 2140; x_wconf 85' lang='lat' dir='ltr'><strong>Sed</strong></span> <span class='ocrx_word' id='word_1_187' title='bbox 624 2111 702 2140; x_wconf 81' lang='lat' dir='ltr'><strong>tunc</strong></span> <span class='ocrx_word' id='word_1_188' title='bbox 725 2108 911 2148; x_wconf 79' lang='lat' dir='ltr'><strong>pascebant</strong></span> <span class='ocrx_word' id='word_1_189' title='bbox 938 2142 943 2146; x_wconf 66' lang='grc'>,</span> 
     </span>
    </p>
   </div>
   <div class='ocr_carea' id='block_1_7' title="bbox 207 2156 910 2691">
    <p class='ocr_par' dir='ltr' id='par_1_7' title="bbox 212 2156 660 2189">
     <span class='ocr_line' id='line_1_36' title="bbox 212 2156 660 2189; baseline 0.002 -2"><span class='ocrx_word' id='word_1_190' title='bbox 212 2156 351 2188; x_wconf 84' lang='lat' dir='ltr'><strong>herbosa</strong></span> <span class='ocrx_word' id='word_1_191' title='bbox 371 2157 506 2188; x_wconf 84' lang='lat' dir='ltr'><strong>Palatia</strong></span> <span class='ocrx_word' id='word_1_192' title='bbox 527 2166 660 2189; x_wconf 75' lang='lat' dir='ltr'><strong>vaccae.</strong></span> 
     </span>
    </p>

    <p class='ocr_par' dir='ltr' id='par_1_8' title="bbox 207 2205 910 2691">
     <span class='ocr_line' id='line_1_37' title="bbox 251 2205 910 2246; baseline 0.003 -9"><span class='ocrx_word' id='word_1_193' title='bbox 251 2205 367 2238; x_wconf 78' lang='grc'><strong>44-44.</strong></span> <span class='ocrx_word' id='word_1_194' title='bbox 393 2206 579 2246; x_wconf 82' lang='lat' dir='ltr'><strong>Barbarus]</strong></span> <span class='ocrx_word' id='word_1_195' title='bbox 598 2206 735 2246; x_wconf 86' lang='lat' dir='ltr'><strong>Qualis,</strong></span> <span class='ocrx_word' id='word_1_196' title='bbox 761 2216 831 2239; x_wconf 92' lang='lat' dir='ltr'><strong>non</strong></span> <span class='ocrx_word' id='word_1_197' title='bbox 848 2207 910 2239; x_wconf 90' lang='lat' dir='ltr'><strong>de-</strong></span> 
     </span>
     <span class='ocr_line' id='line_1_38' title="bbox 207 2255 909 2289; baseline 0.006 -4"><span class='ocrx_word' id='word_1_198' title='bbox 207 2255 336 2286; x_wconf 88' lang='lat' dir='ltr'><strong>finitur.</strong></span> <span class='ocrx_word' id='word_1_199' title='bbox 385 2255 478 2287; x_wconf 94' lang='lat' dir='ltr'><strong>Cum</strong></span> <span class='ocrx_word' id='word_1_200' title='bbox 503 2256 597 2288; x_wconf 89' lang='lat' dir='ltr'><strong>enim</strong></span> <span class='ocrx_word' id='word_1_201' title='bbox 622 2264 664 2287; x_wconf 87' lang='lat' dir='ltr'><strong>ex</strong></span> <span class='ocrx_word' id='word_1_202' title='bbox 688 2258 808 2289; x_wconf 90' lang='lat' dir='ltr'><strong>nostra</strong></span> <span class='ocrx_word' id='word_1_203' title='bbox 825 2265 909 2289; x_wconf 90' lang='lat' dir='ltr'><strong>sen-</strong></span> 
     </span>
     <span class='ocr_line' id='line_1_39' title="bbox 208 2304 905 2338; baseline 0.003 -3"><span class='ocrx_word' id='word_1_204' title='bbox 208 2304 316 2336; x_wconf 86' lang='lat' dir='ltr'><strong>tentia</strong></span> <span class='ocrx_word' id='word_1_205' title='bbox 341 2313 486 2336; x_wconf 84' lang='lat' dir='ltr'><strong>carmen</strong></span> <span class='ocrx_word' id='word_1_206' title='bbox 510 2305 685 2337; x_wconf 75' lang='lat' dir='ltr'><strong>reseratur</strong></span> <span class='ocrx_word' id='word_1_207' title='bbox 707 2306 752 2337; x_wconf 89' lang='lat' dir='ltr'><strong>ad</strong></span> <span class='ocrx_word' id='word_1_208' title='bbox 769 2315 801 2338; x_wconf 89' lang='lat' dir='ltr'><strong>a.</strong></span> <span class='ocrx_word' id='word_1_209' title='bbox 820 2315 855 2337; x_wconf 91' lang='lat' dir='ltr'><strong>u.</strong></span> <span class='ocrx_word' id='word_1_210' title='bbox 874 2315 905 2338; x_wconf 87' lang='lat' dir='ltr'><strong>c.</strong></span> 
     </span>
     <span class='ocr_line' id='line_1_40' title="bbox 208 2352 910 2396; baseline 0.004 -12"><span class='ocrx_word' id='word_1_211' title='bbox 208 2353 283 2385; x_wconf 89' lang='grc'><strong>743.</strong></span> <span class='ocrx_word' id='word_1_212' title='bbox 317 2352 373 2385; x_wconf 85' lang='lat' dir='ltr'><strong>vel</strong></span> <span class='ocrx_word' id='word_1_213' title='bbox 408 2354 499 2394; x_wconf 60' lang='lat'><strong>744„</strong></span> <span class='ocrx_word' id='word_1_214' title='bbox 535 2363 600 2396; x_wconf 90' lang='lat' dir='ltr'><strong>per</strong></span> <span class='ocrx_word' id='word_1_215' title='bbox 634 2363 673 2387; x_wconf 93' lang='lat' dir='ltr'><strong>se</strong></span> <span class='ocrx_word' id='word_1_216' title='bbox 709 2354 910 2396; x_wconf 83' lang='lat' dir='ltr'><strong>intelligitur</strong></span> 
     </span>
     <span class='ocr_line' id='line_1_41' title="bbox 208 2402 908 2437; baseline 0.004 -4"><span class='ocrx_word' id='word_1_217' title='bbox 208 2402 328 2435; x_wconf 90' lang='lat' dir='ltr'><strong>verbis</strong></span> <span class='ocrx_word' id='word_1_218' title='bbox 336 2403 512 2435; x_wconf 84' lang='lat' dir='ltr'><strong>Barbarus</strong></span> <span class='ocrx_word' id='word_1_219' title='bbox 524 2420 540 2426; x_wconf 99' lang='lat'><em>-</em></span> <span class='ocrx_word' id='word_1_220' title='bbox 557 2404 689 2436; x_wconf 82' lang='lat' dir='ltr'><strong>-victor</strong></span> <span class='ocrx_word' id='word_1_221' title='bbox 707 2413 776 2436; x_wconf 92' lang='lat' dir='ltr'><strong>non</strong></span> <span class='ocrx_word' id='word_1_222' title='bbox 794 2405 908 2437; x_wconf 85' lang='lat' dir='ltr'><strong>Dacos</strong></span> 
     </span>
     <span class='ocr_line' id='line_1_42' title="bbox 210 2453 910 2494; baseline 0.003 -10"><span class='ocrx_word' id='word_1_223' title='bbox 210 2455 246 2484; x_wconf 84' lang='lat' dir='ltr'><strong>et</strong></span> <span class='ocrx_word' id='word_1_224' title='bbox 278 2454 469 2494; x_wconf 86' lang='lat' dir='ltr'><strong>Aegyptios</strong></span> <span class='ocrx_word' id='word_1_225' title='bbox 495 2454 569 2494; x_wconf 89' lang='lat' dir='ltr'><strong>(Od.</strong></span> <span class='ocrx_word' id='word_1_226' title='bbox 595 2454 632 2493; x_wconf 88' lang='lat'><strong>3,</strong></span> <span class='ocrx_word' id='word_1_227' title='bbox 659 2455 698 2493; x_wconf 88' lang='lat'><strong>6,</strong></span> <span class='ocrx_word' id='word_1_228' title='bbox 731 2453 811 2494; x_wconf 80' lang='grc'><strong>44.),</strong></span> <span class='ocrx_word' id='word_1_229' title='bbox 837 2456 910 2487; x_wconf 85' lang='lat' dir='ltr'><strong>An-</strong></span> 
     </span>
     <span class='ocr_line' id='line_1_43' title="bbox 209 2502 905 2544; baseline 0.003 -11"><span class='ocrx_word' id='word_1_230' title='bbox 209 2503 292 2534; x_wconf 86' lang='lat' dir='ltr'><strong>tonii</strong></span> <span class='ocrx_word' id='word_1_231' title='bbox 317 2503 437 2544; x_wconf 91' lang='lat' dir='ltr'><strong>copias</strong></span> <span class='ocrx_word' id='word_1_232' title='bbox 464 2502 670 2542; x_wconf 85' lang='lat' dir='ltr'><strong>auxiliares,</strong></span> <span class='ocrx_word' id='word_1_233' title='bbox 707 2503 905 2544; x_wconf 84' lang='lat' dir='ltr'><strong>significari.</strong></span> 
     </span>
     <span class='ocr_line' id='line_1_44' title="bbox 214 2552 905 2594; baseline 0.001 -12"><span class='ocrx_word' id='word_1_234' title='bbox 214 2569 247 2573; x_wconf 89' lang='lat'>—</span> <span class='ocrx_word' id='word_1_235' title='bbox 281 2553 406 2584; x_wconf 84' lang='lat' dir='ltr'><strong>cineres</strong></span> <span class='ocrx_word' id='word_1_236' title='bbox 439 2552 574 2594; x_wconf 76' lang='lat' dir='ltr'><strong>insistet]</strong></span> <span class='ocrx_word' id='word_1_237' title='bbox 610 2552 744 2585; x_wconf 87' lang='lat' dir='ltr'><strong>Eadem</strong></span> <span class='ocrx_word' id='word_1_238' title='bbox 776 2553 905 2585; x_wconf 80' lang='lat' dir='ltr'><strong>constr.</strong></span> 
     </span>
     <span class='ocr_line' id='line_1_45' title="bbox 210 2601 910 2642; baseline 0.003 -10"><span class='ocrx_word' id='word_1_239' title='bbox 210 2601 286 2632; x_wconf 89' lang='lat' dir='ltr'><strong>Ter.</strong></span> <span class='ocrx_word' id='word_1_240' title='bbox 313 2602 399 2633; x_wconf 88' lang='lat' dir='ltr'><strong>Eun.</strong></span> <span class='ocrx_word' id='word_1_241' title='bbox 427 2602 466 2639; x_wconf 75' lang='lat'><strong>2,</strong></span> <span class='ocrx_word' id='word_1_242' title='bbox 493 2601 525 2640; x_wconf 87' lang='grc'><strong>3,</strong></span> <span class='ocrx_word' id='word_1_243' title='bbox 551 2601 587 2633; x_wconf 91' lang='lat'><strong>3:</strong></span> <span class='ocrx_word' id='word_1_244' title='bbox 626 2611 729 2642; x_wconf 80' lang='lat' dir='ltr'><strong>quam</strong></span> <span class='ocrx_word' id='word_1_245' title='bbox 758 2603 910 2640; x_wconf 83' lang='lat' dir='ltr'><strong>insistam</strong></span> 
     </span>
     <span class='ocr_line' id='line_1_46' title="bbox 208 2650 909 2691; baseline 0.006 -11"><span class='ocrx_word' id='word_1_246' title='bbox 208 2650 330 2681; x_wconf 67' lang='lat' dir='ltr'><strong>riam?</strong></span> <span class='ocrx_word' id='word_1_247' title='bbox 352 2651 445 2691; x_wconf 84' lang='lat' dir='ltr'><strong>Virg.</strong></span> <span class='ocrx_word' id='word_1_248' title='bbox 466 2652 550 2683; x_wconf 81' lang='lat' dir='ltr'><strong>Aen.</strong></span> <span class='ocrx_word' id='word_1_249' title='bbox 571 2651 606 2690; x_wconf 84' lang='lat'><strong>6,</strong></span> <span class='ocrx_word' id='word_1_250' title='bbox 633 2651 716 2683; x_wconf 82' lang='lat'>563:</span> <span class='ocrx_word' id='word_1_251' title='bbox 742 2651 909 2684; x_wconf 84' lang='lat' dir='ltr'><strong>scelestum</strong></span> 
     </span>
    </p>
   </div>
   <div class='ocr_carea' id='block_1_8' title="bbox 954 763 1661 1056">
    <p class='ocr_par' dir='ltr' id='par_1_9' title="bbox 954 763 1661 1056">
     <span class='ocr_line' id='line_1_47' title="bbox 954 763 1658 807; baseline 0.004 -12"><span class='ocrx_word' id='word_1_252' title='bbox 954 765 1104 796; x_wconf 80' lang='lat' dir='ltr'><strong>insistere</strong></span> <span class='ocrx_word' id='word_1_253' title='bbox 1127 763 1238 797; x_wconf 83' lang='lat' dir='ltr'><strong>limen.</strong></span> <span class='ocrx_word' id='word_1_254' title='bbox 1266 763 1368 806; x_wconf 78' lang='lat' dir='ltr'><strong>Apul.</strong></span> <span class='ocrx_word' id='word_1_255' title='bbox 1393 765 1475 798; x_wconf 83' lang='lat' dir='ltr'><strong>Met.</strong></span> <span class='ocrx_word' id='word_1_256' title='bbox 1493 765 1533 805; x_wconf 81' lang='lat'><strong>2,</strong></span> <span class='ocrx_word' id='word_1_257' title='bbox 1549 765 1604 798; x_wconf 77' lang='lat'><strong>2⁴.</strong></span> <span class='ocrx_word' id='word_1_258' title='bbox 1621 774 1658 807; x_wconf 87' lang='lat' dir='ltr'><strong>p.</strong></span> 
     </span>
     <span class='ocr_line' id='line_1_48' title="bbox 956 813 1661 855; baseline 0.001 -9"><span class='ocrx_word' id='word_1_259' title='bbox 956 813 1031 846; x_wconf 74' lang='lat'><strong>⁴43.</strong></span> <span class='ocrx_word' id='word_1_260' title='bbox 1057 814 1116 846; x_wconf 87' lang='lat' dir='ltr'><strong>o.:</strong></span> <span class='ocrx_word' id='word_1_261' title='bbox 1148 813 1322 846; x_wconf 64' lang='lat' dir='ltr'><strong>miscebat</strong></span> <span class='ocrx_word' id='word_1_262' title='bbox 1346 814 1503 855; x_wconf 67' lang='lat' dir='ltr'><strong>lapidem.</strong></span> <span class='ocrx_word' id='word_1_263' title='bbox 1530 832 1568 838; x_wconf 95' lang='lat'><em>-</em></span> <span class='ocrx_word' id='word_1_264' title='bbox 1595 815 1661 847; x_wconf 82' lang='lat' dir='ltr'><strong>Ur-</strong></span> 
     </span>
     <span class='ocr_line' id='line_1_49' title="bbox 957 862 1658 905; baseline 0.006 -11"><span class='ocrx_word' id='word_1_265' title='bbox 957 863 1039 903; x_wconf 85' lang='lat' dir='ltr'><strong>bem]</strong></span> <span class='ocrx_word' id='word_1_266' title='bbox 1065 862 1222 902; x_wconf 83' lang='lat' dir='ltr'><strong>«solum,</strong></span> <span class='ocrx_word' id='word_1_267' title='bbox 1258 872 1329 905; x_wconf 88' lang='lat' dir='ltr'><strong>quo</strong></span> <span class='ocrx_word' id='word_1_268' title='bbox 1358 863 1448 898; x_wconf 89' lang='lat' dir='ltr'><strong>Urbs</strong></span> <span class='ocrx_word' id='word_1_269' title='bbox 1477 865 1658 898; x_wconf 75' lang='lat' dir='ltr'><strong>steterat.»</strong></span> 
     </span>
     <span class='ocr_line' id='line_1_50' title="bbox 960 912 1660 955; baseline 0.004 -10"><span class='ocrx_word' id='word_1_270' title='bbox 960 931 995 937; x_wconf 93' lang='lat'>—</span> <span class='ocrx_word' id='word_1_271' title='bbox 1013 914 1124 953; x_wconf 80' lang='lat' dir='ltr'><strong>Eques</strong></span> <span class='ocrx_word' id='word_1_272' title='bbox 1136 913 1220 955; x_wconf 85' lang='lat' dir='ltr'><strong>cet.]</strong></span> <span class='ocrx_word' id='word_1_273' title='bbox 1246 914 1444 955; x_wconf 72' lang='lat' dir='ltr'><strong>«equitatus</strong></span> <span class='ocrx_word' id='word_1_274' title='bbox 1457 912 1594 947; x_wconf 74' lang='lat' dir='ltr'><strong>hostilis</strong></span> <span class='ocrx_word' id='word_1_275' title='bbox 1610 914 1660 948; x_wconf 81' lang='lat' dir='ltr'><strong>fe-</strong></span> 
     </span>
     <span class='ocr_line' id='line_1_51' title="bbox 957 962 1659 1005; baseline 0.004 -11"><span class='ocrx_word' id='word_1_276' title='bbox 957 963 1090 995; x_wconf 82' lang='lat' dir='ltr'><strong>rociter</strong></span> <span class='ocrx_word' id='word_1_277' title='bbox 1104 962 1234 996; x_wconf 88' lang='lat' dir='ltr'><strong>urbem</strong></span> <span class='ocrx_word' id='word_1_278' title='bbox 1245 962 1529 1005; x_wconf 73' lang='lat' dir='ltr'><strong>pervagabitur.»</strong></span> <span class='ocrx_word' id='word_1_279' title='bbox 1548 963 1659 998; x_wconf 80' lang='lat' dir='ltr'><strong>Isaiae</strong></span> 
     </span>
     <span class='ocr_line' id='line_1_52' title="bbox 959 1013 1661 1056; baseline 0.004 -12"><span class='ocrx_word' id='word_1_280' title='bbox 959 1013 1018 1052; x_wconf 90' lang='grc'><strong>47,</strong></span> <span class='ocrx_word' id='word_1_281' title='bbox 1044 1013 1085 1045; x_wconf 75' lang='lat'><strong>2:</strong></span> <span class='ocrx_word' id='word_1_282' title='bbox 1120 1013 1308 1045; x_wconf 79' lang='lat' dir='ltr'><strong>Derelictac</strong></span> <span class='ocrx_word' id='word_1_283' title='bbox 1328 1013 1427 1046; x_wconf 81' lang='lat' dir='ltr'><strong>urbes</strong></span> <span class='ocrx_word' id='word_1_284' title='bbox 1445 1014 1556 1047; x_wconf 71' lang='lat' dir='ltr'><strong>Aroe&#39;r</strong></span> <span class='ocrx_word' id='word_1_285' title='bbox 1579 1022 1661 1056; x_wconf 66' lang='lat' dir='ltr'><strong>qro—</strong></span> 
     </span>
    </p>
   </div>
   <div class='ocr_carea' id='block_1_9' title="bbox 956 1061 1661 1104">
    <p class='ocr_par' dir='ltr' id='par_1_10' title="bbox 956 1061 1661 1104">
     <span class='ocr_line' id='line_1_53' title="bbox 956 1061 1661 1104; baseline 0.006 -12"><span class='ocrx_word' id='word_1_286' title='bbox 956 1061 1053 1102; x_wconf 77' lang='lat' dir='ltr'><strong>9ibus</strong></span> <span class='ocrx_word' id='word_1_287' title='bbox 1083 1061 1213 1103; x_wconf 87' lang='lat' dir='ltr'><strong>(dativ.)</strong></span> <span class='ocrx_word' id='word_1_288' title='bbox 1247 1066 1362 1103; x_wconf 83' lang='lat' dir='ltr'><strong>erunt,</strong></span> <span class='ocrx_word' id='word_1_289' title='bbox 1398 1065 1430 1095; x_wconf 87' lang='lat' dir='ltr'><strong>et</strong></span> <span class='ocrx_word' id='word_1_290' title='bbox 1459 1063 1661 1104; x_wconf 70' lang='lat' dir='ltr'><strong>requiescent</strong></span> 
     </span>
    </p>
   </div>
   <div class='ocr_carea' id='block_1_10' title="bbox 953 1111 1722 1453">
    <p class='ocr_par' dir='ltr' id='par_1_11' title="bbox 953 1111 1722 1453">
     <span class='ocr_line' id='line_1_54' title="bbox 955 1111 1722 1152; baseline 0.004 -9"><span class='ocrx_word' id='word_1_291' title='bbox 955 1111 1020 1149; x_wconf 87' lang='lat' dir='ltr'><strong>ibi‚·</strong></span> <span class='ocrx_word' id='word_1_292' title='bbox 1044 1114 1074 1143; x_wconf 87' lang='lat' dir='ltr'><strong>et</strong></span> <span class='ocrx_word' id='word_1_293' title='bbox 1095 1120 1162 1143; x_wconf 85' lang='lat' dir='ltr'><strong>non</strong></span> <span class='ocrx_word' id='word_1_294' title='bbox 1185 1111 1265 1151; x_wconf 77' lang='lat' dir='ltr'><strong>erit,</strong></span> <span class='ocrx_word' id='word_1_295' title='bbox 1290 1112 1348 1152; x_wconf 81' lang='lat' dir='ltr'><strong>qui</strong></span> <span class='ocrx_word' id='word_1_296' title='bbox 1362 1115 1542 1145; x_wconf 60' lang='lat' dir='ltr'><strong>meat.</strong></span> <span class='ocrx_word' id='word_1_297' title='bbox 1567 1113 1657 1146; x_wconf 83' lang='lat' dir='ltr'><strong>Eze-</strong></span> <span class='ocrx_word' id='word_1_298' title='bbox 1719 1129 1722 1131; x_wconf 95' lang='lat'>·</span> 
     </span>
     <span class='ocr_line' id='line_1_55' title="bbox 957 1159 1722 1203; baseline 0.004 -11"><span class='ocrx_word' id='word_1_299' title='bbox 957 1160 1050 1193; x_wconf 89' lang='lat' dir='ltr'><strong>chiel</strong></span> <span class='ocrx_word' id='word_1_300' title='bbox 1072 1161 1135 1200; x_wconf 78' lang='lat'><strong>26,</strong></span> <span class='ocrx_word' id='word_1_301' title='bbox 1161 1161 1221 1193; x_wconf 82' lang='grc'><strong>44;</strong></span> <span class='ocrx_word' id='word_1_302' title='bbox 1250 1161 1387 1203; x_wconf 65' lang='lat' dir='ltr'><strong>Ungulis</strong></span> <span class='ocrx_word' id='word_1_303' title='bbox 1407 1170 1661 1202; x_wconf 72' lang='lat' dir='ltr'><strong>equor-ummo-</strong></span> <span class='ocrx_word' id='word_1_304' title='bbox 1720 1159 1722 1161; x_wconf 78' lang='grc'><strong>’</strong></span> 
     </span>
     <span class='ocr_line' id='line_1_56' title="bbox 955 1210 1722 1252; baseline 0.004 -10"><span class='ocrx_word' id='word_1_305' title='bbox 955 1219 1035 1242; x_wconf 78' lang='lat' dir='ltr'><strong>rum</strong></span> <span class='ocrx_word' id='word_1_306' title='bbox 1056 1210 1263 1243; x_wconf 66' lang='lat' dir='ltr'><strong>conculcabit</strong></span> <span class='ocrx_word' id='word_1_307' title='bbox 1284 1219 1396 1243; x_wconf 82' lang='lat' dir='ltr'><strong>omnes</strong></span> <span class='ocrx_word' id='word_1_308' title='bbox 1417 1211 1551 1251; x_wconf 74' lang='lat' dir='ltr'><strong>plateas</strong></span> <span class='ocrx_word' id='word_1_309' title='bbox 1570 1214 1658 1252; x_wconf 74' lang='lat' dir='ltr'><strong>tuas,</strong></span> <span class='ocrx_word' id='word_1_310' title='bbox 1719 1213 1722 1249; x_wconf 74' lang='grc' dir='ltr'><strong><em>ζ</em></strong></span> 
     </span>
     <span class='ocr_line' id='line_1_57' title="bbox 953 1260 1722 1302; baseline 0.004 -10"><span class='ocrx_word' id='word_1_311' title='bbox 953 1260 1117 1301; x_wconf 79' lang='lat' dir='ltr'><strong>populum</strong></span> <span class='ocrx_word' id='word_1_312' title='bbox 1139 1263 1234 1293; x_wconf 88' lang='lat' dir='ltr'><strong>tuum</strong></span> <span class='ocrx_word' id='word_1_313' title='bbox 1255 1261 1369 1302; x_wconf 65' lang='lat' dir='ltr'><strong>gladio</strong></span> <span class='ocrx_word' id='word_1_314' title='bbox 1390 1262 1519 1302; x_wconf 79' lang='lat' dir='ltr'><strong>caedet,</strong></span> <span class='ocrx_word' id='word_1_315' title='bbox 1542 1265 1661 1295; x_wconf 80' lang='lat' dir='ltr'><strong>etsta—</strong></span> <span class='ocrx_word' id='word_1_316' title='bbox 1720 1272 1722 1281; x_wconf 76' lang='lat'>³</span> 
     </span>
     <span class='ocr_line' id='line_1_58' title="bbox 956 1309 1722 1345; baseline 0.004 -3"><span class='ocrx_word' id='word_1_317' title='bbox 956 1314 1035 1343; x_wconf 85' lang='lat' dir='ltr'><strong>tuae</strong></span> <span class='ocrx_word' id='word_1_318' title='bbox 1056 1314 1135 1342; x_wconf 84' lang='lat' dir='ltr'><strong>tuae</strong></span> <span class='ocrx_word' id='word_1_319' title='bbox 1155 1309 1280 1343; x_wconf 83' lang='lat' dir='ltr'><strong>nobiles</strong></span> <span class='ocrx_word' id='word_1_320' title='bbox 1292 1311 1330 1343; x_wconf 82' lang='lat' dir='ltr'><strong>in</strong></span> <span class='ocrx_word' id='word_1_321' title='bbox 1347 1313 1476 1344; x_wconf 67' lang='lat' dir='ltr'><strong>terram</strong></span> <span class='ocrx_word' id='word_1_322' title='bbox 1489 1315 1657 1345; x_wconf 75' lang='lat' dir='ltr'><strong>cor-ment.</strong></span> <span class='ocrx_word' id='word_1_323' title='bbox 1718 1314 1722 1331; x_wconf 76' lang='lat'>²</span> 
     </span>
     <span class='ocr_line' id='line_1_59' title="bbox 958 1352 1722 1407; baseline 0.004 -15"><span class='ocrx_word' id='word_1_324' title='bbox 958 1359 1056 1392; x_wconf 84' lang='lat' dir='ltr'><strong>ovid.</strong></span> <span class='ocrx_word' id='word_1_325' title='bbox 1075 1368 1119 1392; x_wconf 80' lang='lat' dir='ltr'><strong>ex</strong></span> <span class='ocrx_word' id='word_1_326' title='bbox 1133 1360 1233 1392; x_wconf 86' lang='lat' dir='ltr'><strong>Pont.</strong></span> <span class='ocrx_word' id='word_1_327' title='bbox 1252 1360 1288 1400; x_wconf 77' lang='grc'><strong>4,</strong></span> <span class='ocrx_word' id='word_1_328' title='bbox 1313 1361 1355 1400; x_wconf 80' lang='lat'><strong>2,</strong></span> <span class='ocrx_word' id='word_1_329' title='bbox 1381 1360 1464 1393; x_wconf 78' lang='lat' dir='ltr'><strong>m:</strong></span> <span class='ocrx_word' id='word_1_330' title='bbox 1487 1361 1659 1395; x_wconf 66' lang='lat' dir='ltr'><strong>Not-mace</strong></span> <span class='ocrx_word' id='word_1_331' title='bbox 1717 1352 1722 1407; x_wconf 72' lang='grc' dir='ltr'><strong>,ἰ</strong></span> 
     </span>
     <span class='ocr_line' id='line_1_60' title="bbox 957 1410 1722 1453; baseline 0.003 -12"><span class='ocrx_word' id='word_1_332' title='bbox 957 1410 1153 1450; x_wconf 80' lang='lat' dir='ltr'><strong>compositos</strong></span> <span class='ocrx_word' id='word_1_333' title='bbox 1165 1427 1186 1434; x_wconf 91' lang='lat'>-</span> <span class='ocrx_word' id='word_1_334' title='bbox 1200 1427 1221 1434; x_wconf 95' lang='lat'>-</span> <span class='ocrx_word' id='word_1_335' title='bbox 1232 1410 1374 1442; x_wconf 81' lang='lat' dir='ltr'><strong>Bistonii</strong></span> <span class='ocrx_word' id='word_1_336' title='bbox 1392 1411 1519 1443; x_wconf 76' lang='lat' dir='ltr'><strong>cineres</strong></span> <span class='ocrx_word' id='word_1_337' title='bbox 1530 1412 1660 1453; x_wconf 62' lang='lat' dir='ltr'><strong>unqua</strong></span> <span class='ocrx_word' id='word_1_338' title='bbox 1716 1410 1722 1443; x_wconf 72' lang='grc' dir='ltr'>ἔ</span> 
     </span>
    </p>
   </div>
   <div class='ocr_carea' id='block_1_11' title="bbox 952 1459 1661 2691">
    <p class='ocr_par' dir='ltr' id='par_1_12' title="bbox 952 1459 1661 2691">
     <span class='ocr_line' id='line_1_61' title="bbox 952 1459 1660 1502; baseline 0.004 -11"><span class='ocrx_word' id='word_1_339' title='bbox 952 1459 1062 1500; x_wconf 77' lang='lat' dir='ltr'><strong>pulset</strong></span> <span class='ocrx_word' id='word_1_340' title='bbox 1077 1460 1164 1500; x_wconf 78' lang='lat' dir='ltr'><strong>equi.</strong></span> <span class='ocrx_word' id='word_1_341' title='bbox 1199 1459 1348 1502; x_wconf 55' lang='lat' dir='ltr'><strong>(Unctae</strong></span> <span class='ocrx_word' id='word_1_342' title='bbox 1360 1468 1427 1502; x_wconf 88' lang='lat' dir='ltr'><strong>pro</strong></span> <span class='ocrx_word' id='word_1_343' title='bbox 1441 1469 1536 1502; x_wconf 85' lang='lat' dir='ltr'><strong>equo</strong></span> <span class='ocrx_word' id='word_1_344' title='bbox 1551 1461 1660 1499; x_wconf 85' lang='lat' dir='ltr'><strong>etiam</strong></span> 
     </span>
     <span class='ocr_line' id='line_1_62' title="bbox 959 1508 1660 1552; baseline 0.004 -11"><span class='ocrx_word' id='word_1_345' title='bbox 959 1510 1029 1541; x_wconf 79' lang='lat' dir='ltr'><strong>Sat:</strong></span> <span class='ocrx_word' id='word_1_346' title='bbox 1050 1509 1086 1548; x_wconf 90' lang='grc'><strong>4,</strong></span> <span class='ocrx_word' id='word_1_347' title='bbox 1113 1509 1150 1549; x_wconf 89' lang='grc'><strong>4,</strong></span> <span class='ocrx_word' id='word_1_348' title='bbox 1177 1508 1253 1542; x_wconf 74' lang='grc'><strong>444.</strong></span> <span class='ocrx_word' id='word_1_349' title='bbox 1295 1510 1403 1549; x_wconf 72' lang='lat' dir='ltr'><strong>«Quia</strong></span> <span class='ocrx_word' id='word_1_350' title='bbox 1436 1510 1473 1543; x_wconf 89' lang='lat' dir='ltr'><strong>in</strong></span> <span class='ocrx_word' id='word_1_351' title='bbox 1505 1509 1660 1552; x_wconf 81' lang='lat' dir='ltr'><strong>pedihus</strong></span> 
     </span>
     <span class='ocr_line' id='line_1_63' title="bbox 959 1558 1661 1602; baseline 0.003 -11"><span class='ocrx_word' id='word_1_352' title='bbox 959 1560 995 1592; x_wconf 88' lang='lat' dir='ltr'><strong>et</strong></span> <span class='ocrx_word' id='word_1_353' title='bbox 1022 1558 1153 1600; x_wconf 87' lang='lat' dir='ltr'><strong>ungula</strong></span> <span class='ocrx_word' id='word_1_354' title='bbox 1181 1558 1353 1592; x_wconf 83' lang='lat' dir='ltr'><strong>velocitas</strong></span> <span class='ocrx_word' id='word_1_355' title='bbox 1377 1560 1460 1601; x_wconf 88' lang='lat' dir='ltr'><strong>equi</strong></span> <span class='ocrx_word' id='word_1_356' title='bbox 1483 1561 1556 1599; x_wconf 84' lang='lat' dir='ltr'><strong>est,</strong></span> <span class='ocrx_word' id='word_1_357' title='bbox 1591 1569 1661 1602; x_wconf 87' lang='lat' dir='ltr'><strong>po-</strong></span> 
     </span>
     <span class='ocr_line' id='line_1_64' title="bbox 958 1609 1659 1650; baseline 0.003 -10"><span class='ocrx_word' id='word_1_358' title='bbox 958 1609 1051 1640; x_wconf 86' lang='lat' dir='ltr'><strong>nitur</strong></span> <span class='ocrx_word' id='word_1_359' title='bbox 1073 1617 1138 1650; x_wconf 92' lang='lat' dir='ltr'><strong>pro</strong></span> <span class='ocrx_word' id='word_1_360' title='bbox 1160 1609 1234 1641; x_wconf 87' lang='lat' dir='ltr'><strong>toto</strong></span> <span class='ocrx_word' id='word_1_361' title='bbox 1257 1617 1386 1650; x_wconf 72' lang='lat' dir='ltr'><strong>equo.»</strong></span> <span class='ocrx_word' id='word_1_362' title='bbox 1414 1609 1589 1642; x_wconf 68' lang='lat' dir='ltr'><strong>Bonum«.</strong></span> <span class='ocrx_word' id='word_1_363' title='bbox 1613 1609 1659 1642; x_wconf 83' lang='lat' dir='ltr'><strong>ad</strong></span> 
     </span>
     <span class='ocr_line' id='line_1_65' title="bbox 957 1657 1660 1699; baseline 0.001 -9"><span class='ocrx_word' id='word_1_364' title='bbox 957 1658 1052 1699; x_wconf 89' lang='lat' dir='ltr'><strong>Virg.</strong></span> <span class='ocrx_word' id='word_1_365' title='bbox 1078 1659 1139 1690; x_wconf 91' lang='lat' dir='ltr'><strong>Ge.</strong></span> <span class='ocrx_word' id='word_1_366' title='bbox 1164 1657 1204 1698; x_wconf 88' lang='lat'><strong>3,</strong></span> <span class='ocrx_word' id='word_1_367' title='bbox 1230 1658 1306 1691; x_wconf 89' lang='grc'><strong>446.</strong></span> <span class='ocrx_word' id='word_1_368' title='bbox 1339 1658 1394 1691; x_wconf 80' lang='lat' dir='ltr'><strong>Ad</strong></span> <span class='ocrx_word' id='word_1_369' title='bbox 1414 1667 1450 1691; x_wconf 81' lang='lat' dir='ltr'><strong>v.</strong></span> <span class='ocrx_word' id='word_1_370' title='bbox 1472 1658 1660 1692; x_wconf 77' lang='lat' dir='ltr'><strong>verberabit</strong></span> 
     </span>
     <span class='ocr_line' id='line_1_66' title="bbox 958 1707 1659 1742; baseline 0.001 -3"><span class='ocrx_word' id='word_1_371' title='bbox 958 1707 1021 1740; x_wconf 78' lang='lat' dir='ltr'><strong>cfr.</strong></span> <span class='ocrx_word' id='word_1_372' title='bbox 1047 1707 1221 1740; x_wconf 87' lang='lat' dir='ltr'><strong>Senecam</strong></span> <span class='ocrx_word' id='word_1_373' title='bbox 1247 1707 1375 1740; x_wconf 85' lang='lat' dir='ltr'><strong>Troad.</strong></span> <span class='ocrx_word' id='word_1_374' title='bbox 1401 1707 1456 1740; x_wconf 89' lang='grc'><strong>43.</strong></span> <span class='ocrx_word' id='word_1_375' title='bbox 1481 1707 1527 1741; x_wconf 91' lang='lat' dir='ltr'><strong>de</strong></span> <span class='ocrx_word' id='word_1_376' title='bbox 1549 1709 1659 1742; x_wconf 79' lang='lat' dir='ltr'><strong>Ama-</strong></span> 
     </span>
     <span class='ocr_line' id='line_1_67' title="bbox 958 1756 1660 1798; baseline 0.001 -9"><span class='ocrx_word' id='word_1_377' title='bbox 958 1756 1124 1790; x_wconf 88' lang='lat' dir='ltr'><strong>zonibus:</strong></span> <span class='ocrx_word' id='word_1_378' title='bbox 1160 1757 1282 1798; x_wconf 82' lang='lat' dir='ltr'><strong>Ripam</strong></span> <span class='ocrx_word' id='word_1_379' title='bbox 1313 1758 1458 1790; x_wconf 77' lang='lat' dir='ltr'><strong>catervis</strong></span> <span class='ocrx_word' id='word_1_380' title='bbox 1487 1759 1660 1791; x_wconf 75' lang='lat' dir='ltr'><strong>Ponticam</strong></span> 
     </span>
     <span class='ocr_line' id='line_1_68' title="bbox 956 1805 1654 1848; baseline 0.003 -10"><span class='ocrx_word' id='word_1_381' title='bbox 956 1807 1066 1838; x_wconf 80' lang='lat' dir='ltr'><strong>viduis</strong></span> <span class='ocrx_word' id='word_1_382' title='bbox 1100 1806 1189 1848; x_wconf 80' lang='lat' dir='ltr'><strong>ferit.</strong></span> <span class='ocrx_word' id='word_1_383' title='bbox 1198 1805 1212 1848; x_wconf 92' lang='lat'><em>)</em></span> <span class='ocrx_word' id='word_1_384' title='bbox 1254 1825 1291 1830; x_wconf 90' lang='lat'><strong>—</strong></span> <span class='ocrx_word' id='word_1_385' title='bbox 1331 1807 1490 1847; x_wconf 76' lang='lat' dir='ltr'><strong>Quaeque</strong></span> <span class='ocrx_word' id='word_1_386' title='bbox 1517 1807 1654 1848; x_wconf 73' lang='lat' dir='ltr'><strong>carent}</strong></span> 
     </span>
     <span class='ocr_line' id='line_1_69' title="bbox 960 1855 1656 1898; baseline 0.006 -13"><span class='ocrx_word' id='word_1_387' title='bbox 960 1856 1078 1895; x_wconf 86' lang='lat' dir='ltr'><strong>«Quae</strong></span> <span class='ocrx_word' id='word_1_388' title='bbox 1102 1864 1197 1888; x_wconf 89' lang='lat' dir='ltr'><strong>nunc</strong></span> <span class='ocrx_word' id='word_1_389' title='bbox 1212 1864 1314 1889; x_wconf 85' lang='lat' dir='ltr'><strong>sacro</strong></span> <span class='ocrx_word' id='word_1_390' title='bbox 1330 1856 1367 1888; x_wconf 89' lang='lat' dir='ltr'><strong>in</strong></span> <span class='ocrx_word' id='word_1_391' title='bbox 1381 1855 1572 1898; x_wconf 83' lang='lat' dir='ltr'><strong>sepulchro</strong></span> <span class='ocrx_word' id='word_1_392' title='bbox 1587 1855 1656 1890; x_wconf 85' lang='lat' dir='ltr'><strong>alte</strong></span> 
     </span>
     <span class='ocr_line' id='line_1_70' title="bbox 958 1905 1659 1945; baseline 0.003 -8"><span class='ocrx_word' id='word_1_393' title='bbox 958 1905 1118 1945; x_wconf 81' lang='lat' dir='ltr'><strong>defossa,</strong></span> <span class='ocrx_word' id='word_1_394' title='bbox 1143 1905 1320 1938; x_wconf 82' lang='lat' dir='ltr'><strong>subducta</strong></span> <span class='ocrx_word' id='word_1_395' title='bbox 1342 1914 1387 1938; x_wconf 84' lang='lat' dir='ltr'><strong>ac</strong></span> <span class='ocrx_word' id='word_1_396' title='bbox 1408 1905 1556 1939; x_wconf 78' lang='lat' dir='ltr'><strong>defensa</strong></span> <span class='ocrx_word' id='word_1_397' title='bbox 1574 1907 1659 1940; x_wconf 75' lang='lat' dir='ltr'><strong>sunt</strong></span> 
     </span>
     <span class='ocr_line' id='line_1_71' title="bbox 958 1953 1657 1998; baseline 0.004 -11"><span class='ocrx_word' id='word_1_398' title='bbox 958 1964 978 1987; x_wconf 90' lang='lat' dir='ltr'><strong>a</strong></span> <span class='ocrx_word' id='word_1_399' title='bbox 1001 1953 1075 1988; x_wconf 90' lang='lat' dir='ltr'><strong>sole</strong></span> <span class='ocrx_word' id='word_1_400' title='bbox 1098 1955 1303 1996; x_wconf 85' lang='lat' dir='ltr'><strong>ventisque,</strong></span> <span class='ocrx_word' id='word_1_401' title='bbox 1335 1955 1396 1997; x_wconf 90' lang='lat' dir='ltr'><strong>qui</strong></span> <span class='ocrx_word' id='word_1_402' title='bbox 1419 1964 1462 1988; x_wconf 86' lang='lat' dir='ltr'><strong>ea</strong></span> <span class='ocrx_word' id='word_1_403' title='bbox 1485 1955 1657 1998; x_wconf 73' lang='lat' dir='ltr'><strong>dissipare</strong></span> 
     </span>
     <span class='ocr_line' id='line_1_72' title="bbox 958 2005 1657 2048; baseline 0.004 -12"><span class='ocrx_word' id='word_1_404' title='bbox 958 2005 1107 2046; x_wconf 88' lang='lat' dir='ltr'><strong>possent</strong></span> <span class='ocrx_word' id='word_1_405' title='bbox 1129 2005 1221 2037; x_wconf 87' lang='lat' dir='ltr'><strong>cet.»</strong></span> <span class='ocrx_word' id='word_1_406' title='bbox 1247 2023 1284 2028; x_wconf 93' lang='lat'><strong>—</strong></span> <span class='ocrx_word' id='word_1_407' title='bbox 1308 2013 1384 2037; x_wconf 77' lang='lat' dir='ltr'><strong>ossa</strong></span> <span class='ocrx_word' id='word_1_408' title='bbox 1410 2005 1554 2048; x_wconf 72' lang='lat' dir='ltr'><strong>Quirini]</strong></span> <span class='ocrx_word' id='word_1_409' title='bbox 1580 2006 1657 2039; x_wconf 81' lang='lat' dir='ltr'><strong>«Sic</strong></span> 
     </span>
     <span class='ocr_line' id='line_1_73' title="bbox 959 2053 1655 2097; baseline 0.004 -11"><span class='ocrx_word' id='word_1_410' title='bbox 959 2054 1059 2093; x_wconf 85' lang='lat' dir='ltr'><strong>dicit,</strong></span> <span class='ocrx_word' id='word_1_411' title='bbox 1092 2055 1194 2095; x_wconf 86' lang='lat' dir='ltr'><strong>quasi</strong></span> <span class='ocrx_word' id='word_1_412' title='bbox 1217 2053 1387 2087; x_wconf 84' lang='lat' dir='ltr'><strong>Romulus</strong></span> <span class='ocrx_word' id='word_1_413' title='bbox 1415 2054 1576 2097; x_wconf 85' lang='lat' dir='ltr'><strong>sepultus</strong></span> <span class='ocrx_word' id='word_1_414' title='bbox 1598 2055 1655 2096; x_wconf 82' lang='lat' dir='ltr'><strong>sit,</strong></span> 
     </span>
     <span class='ocr_line' id='line_1_74' title="bbox 958 2103 1658 2146; baseline 0.003 -10"><span class='ocrx_word' id='word_1_415' title='bbox 958 2112 1030 2137; x_wconf 91' lang='lat' dir='ltr'><strong>non</strong></span> <span class='ocrx_word' id='word_1_416' title='bbox 1053 2103 1100 2135; x_wconf 88' lang='lat' dir='ltr'><strong>ad</strong></span> <span class='ocrx_word' id='word_1_417' title='bbox 1123 2103 1264 2136; x_wconf 85' lang='lat' dir='ltr'><strong>caelum</strong></span> <span class='ocrx_word' id='word_1_418' title='bbox 1286 2105 1410 2146; x_wconf 84' lang='lat' dir='ltr'><strong>raptus</strong></span> <span class='ocrx_word' id='word_1_419' title='bbox 1432 2105 1494 2137; x_wconf 81' lang='lat' dir='ltr'><strong>aut</strong></span> <span class='ocrx_word' id='word_1_420' title='bbox 1521 2104 1658 2138; x_wconf 81' lang='lat' dir='ltr'><strong>discer—</strong></span> 
     </span>
     <span class='ocr_line' id='line_1_75' title="bbox 957 2152 1659 2196; baseline 0.001 -11"><span class='ocrx_word' id='word_1_421' title='bbox 957 2154 1040 2196; x_wconf 88' lang='lat' dir='ltr'><strong>ptus</strong></span> <span class='ocrx_word' id='word_1_422' title='bbox 1051 2162 1072 2184; x_wconf 84' lang='lat' dir='ltr'><strong>a</strong></span> <span class='ocrx_word' id='word_1_423' title='bbox 1084 2152 1326 2192; x_wconf 81' lang='lat' dir='ltr'><strong>senatoribus3</strong></span> <span class='ocrx_word' id='word_1_424' title='bbox 1351 2161 1436 2186; x_wconf 88' lang='lat' dir='ltr'><strong>nam</strong></span> <span class='ocrx_word' id='word_1_425' title='bbox 1449 2154 1562 2186; x_wconf 88' lang='lat' dir='ltr'><strong>Varro</strong></span> <span class='ocrx_word' id='word_1_426' title='bbox 1577 2155 1659 2196; x_wconf 87' lang='lat' dir='ltr'><strong>post</strong></span> 
     </span>
     <span class='ocr_line' id='line_1_76' title="bbox 958 2201 1656 2244; baseline 0.001 -10"><span class='ocrx_word' id='word_1_427' title='bbox 958 2203 1082 2235; x_wconf 86' lang='lat' dir='ltr'><strong>Rostra</strong></span> <span class='ocrx_word' id='word_1_428' title='bbox 1113 2202 1221 2235; x_wconf 77' lang='lat' dir='ltr'><strong>fuisse</strong></span> <span class='ocrx_word' id='word_1_429' title='bbox 1255 2201 1487 2244; x_wconf 84' lang='lat' dir='ltr'><strong>sepulchrum</strong></span> <span class='ocrx_word' id='word_1_430' title='bbox 1519 2202 1656 2236; x_wconf 86' lang='lat' dir='ltr'><strong>Romuli</strong></span> 
     </span>
     <span class='ocr_line' id='line_1_77' title="bbox 959 2251 1658 2293; baseline 0.001 -9"><span class='ocrx_word' id='word_1_431' title='bbox 959 2252 1078 2284; x_wconf 79' lang='lat' dir='ltr'><strong>dicit.»</strong></span> <span class='ocrx_word' id='word_1_432' title='bbox 1103 2253 1269 2284; x_wconf 66' lang='lat' dir='ltr'><strong>Pomm.</strong></span> <span class='ocrx_word' id='word_1_433' title='bbox 1295 2251 1419 2293; x_wconf 71' lang='lat' dir='ltr'><strong>(Coun.</strong></span> <span class='ocrx_word' id='word_1_434' title='bbox 1434 2252 1556 2290; x_wconf 55' lang='lat' dir='ltr'><strong>Canos</strong></span> <span class='ocrx_word' id='word_1_435' title='bbox 1575 2261 1658 2293; x_wconf 77' lang='lat' dir='ltr'><strong>«pro</strong></span> 
     </span>
     <span class='ocr_line' id='line_1_78' title="bbox 958 2300 1657 2341; baseline 0 -7"><span class='ocrx_word' id='word_1_436' title='bbox 958 2301 1083 2334; x_wconf 81' lang='lat' dir='ltr'><strong>Rostris</strong></span> <span class='ocrx_word' id='word_1_437' title='bbox 1100 2318 1116 2324; x_wconf 95' lang='lat'><em>-</em></span> <span class='ocrx_word' id='word_1_438' title='bbox 1130 2318 1156 2341; x_wconf 89' lang='lat'><strong>—‚</strong></span> <span class='ocrx_word' id='word_1_439' title='bbox 1192 2300 1254 2333; x_wconf 89' lang='lat' dir='ltr'><strong>ubi</strong></span> <span class='ocrx_word' id='word_1_440' title='bbox 1288 2301 1397 2334; x_wconf 83' lang='lat' dir='ltr'><strong>etiam</strong></span> <span class='ocrx_word' id='word_1_441' title='bbox 1418 2301 1582 2335; x_wconf 66' lang='lat' dir='ltr'><strong>in‘huius</strong></span> <span class='ocrx_word' id='word_1_442' title='bbox 1605 2301 1657 2334; x_wconf 87' lang='lat' dir='ltr'><strong>rei</strong></span> 
     </span>
     <span class='ocr_line' id='line_1_79' title="bbox 960 2349 1658 2384; baseline -0.001 0"><span class='ocrx_word' id='word_1_443' title='bbox 960 2351 1170 2384; x_wconf 88' lang='lat' dir='ltr'><strong>memoriam</strong></span> <span class='ocrx_word' id='word_1_444' title='bbox 1193 2350 1283 2384; x_wconf 85' lang='lat' dir='ltr'><strong>duos</strong></span> <span class='ocrx_word' id='word_1_445' title='bbox 1306 2349 1428 2384; x_wconf 80' lang='lat' dir='ltr'><strong>leones</strong></span> <span class='ocrx_word' id='word_1_446' title='bbox 1450 2349 1560 2384; x_wconf 81' lang='lat' dir='ltr'><strong>fuisse</strong></span> <span class='ocrx_word' id='word_1_447' title='bbox 1575 2359 1658 2383; x_wconf 85' lang='lat' dir='ltr'><strong>ere-</strong></span> 
     </span>
     <span class='ocr_line' id='line_1_80' title="bbox 959 2399 1657 2441; baseline -0.001 -8"><span class='ocrx_word' id='word_1_448' title='bbox 959 2402 1036 2434; x_wconf 85' lang='lat' dir='ltr'><strong>ctos</strong></span> <span class='ocrx_word' id='word_1_449' title='bbox 1053 2401 1236 2441; x_wconf 69' lang='lat' dir='ltr'><strong>constat»)</strong></span> <span class='ocrx_word' id='word_1_450' title='bbox 1261 2400 1395 2433; x_wconf 79' lang='lat' dir='ltr'><strong>Referri</strong></span> <span class='ocrx_word' id='word_1_451' title='bbox 1410 2400 1540 2433; x_wconf 89' lang='lat' dir='ltr'><strong>eodem</strong></span> <span class='ocrx_word' id='word_1_452' title='bbox 1553 2399 1657 2433; x_wconf 87' lang='lat' dir='ltr'><strong>vide-</strong></span> 
     </span>
     <span class='ocr_line' id='line_1_81' title="bbox 960 2449 1653 2492; baseline -0.001 -9"><span class='ocrx_word' id='word_1_453' title='bbox 960 2452 1016 2483; x_wconf 92' lang='lat' dir='ltr'><strong>tur</strong></span> <span class='ocrx_word' id='word_1_454' title='bbox 1038 2450 1214 2483; x_wconf 89' lang='lat' dir='ltr'><strong>obscurus</strong></span> <span class='ocrx_word' id='word_1_455' title='bbox 1229 2450 1330 2483; x_wconf 83' lang='lat' dir='ltr'><strong>locus</strong></span> <span class='ocrx_word' id='word_1_456' title='bbox 1345 2450 1437 2483; x_wconf 85' lang='lat' dir='ltr'><strong>Festi</strong></span> <span class='ocrx_word' id='word_1_457' title='bbox 1452 2450 1506 2482; x_wconf 86' lang='lat' dir='ltr'><strong>Fr.</strong></span> <span class='ocrx_word' id='word_1_458' title='bbox 1522 2458 1559 2492; x_wconf 83' lang='lat' dir='ltr'><strong>p.</strong></span> <span class='ocrx_word' id='word_1_459' title='bbox 1578 2449 1653 2482; x_wconf 80' lang='grc'><strong>477.</strong></span> 
     </span>
     <span class='ocr_line' id='line_1_82' title="bbox 959 2499 1657 2542; baseline -0.001 -9"><span class='ocrx_word' id='word_1_460' title='bbox 959 2502 1003 2534; x_wconf 85' lang='grc' dir='ltr'><strong>Μ.</strong></span> <span class='ocrx_word' id='word_1_461' title='bbox 1030 2501 1104 2533; x_wconf 82' lang='grc'><strong>485.</strong></span> <span class='ocrx_word' id='word_1_462' title='bbox 1131 2501 1189 2533; x_wconf 85' lang='lat' dir='ltr'><strong>L.:</strong></span> <span class='ocrx_word' id='word_1_463' title='bbox 1232 2501 1337 2542; x_wconf 70' lang='lat' dir='ltr'><strong>Niyer</strong></span> <span class='ocrx_word' id='word_1_464' title='bbox 1355 2500 1444 2540; x_wconf 71' lang='lat' dir='ltr'><strong>lapis</strong></span> <span class='ocrx_word' id='word_1_465' title='bbox 1463 2500 1500 2531; x_wconf 80' lang='lat' dir='ltr'><strong>in</strong></span> <span class='ocrx_word' id='word_1_466' title='bbox 1518 2499 1657 2532; x_wconf 75' lang='lat' dir='ltr'><strong>Comitio</strong></span> 
     </span>
     <span class='ocr_line' id='line_1_83' title="bbox 959 2549 1653 2592; baseline -0.003 -9"><span class='ocrx_word' id='word_1_467' title='bbox 959 2550 1068 2583; x_wconf 83' lang='lat' dir='ltr'><strong>locum</strong></span> <span class='ocrx_word' id='word_1_468' title='bbox 1080 2551 1247 2592; x_wconf 78' lang='lat' dir='ltr'><strong>funestum</strong></span> <span class='ocrx_word' id='word_1_469' title='bbox 1261 2550 1439 2592; x_wconf 56' lang='lat' dir='ltr'><strong>significat,</strong></span> <span class='ocrx_word' id='word_1_470' title='bbox 1455 2552 1493 2582; x_wconf 82' lang='lat' dir='ltr'><strong>ut</strong></span> <span class='ocrx_word' id='word_1_471' title='bbox 1507 2549 1555 2581; x_wconf 83' lang='lat' dir='ltr'><strong>ali</strong></span> <span class='ocrx_word' id='word_1_472' title='bbox 1567 2549 1653 2591; x_wconf 86' lang='lat' dir='ltr'><strong>(sic),</strong></span> 
     </span>
     <span class='ocr_line' id='line_1_84' title="bbox 959 2598 1655 2640; baseline -0.001 -8"><span class='ocrx_word' id='word_1_473' title='bbox 959 2600 1089 2633; x_wconf 70' lang='lat' dir='ltr'><strong>Romuli</strong></span> <span class='ocrx_word' id='word_1_474' title='bbox 1128 2602 1229 2632; x_wconf 80' lang='lat' dir='ltr'><strong>morti</strong></span> <span class='ocrx_word' id='word_1_475' title='bbox 1272 2599 1472 2632; x_wconf 64' lang='lat' dir='ltr'><strong>minam</strong></span> <span class='ocrx_word' id='word_1_476' title='bbox 1516 2598 1655 2640; x_wconf 66' lang='lat' dir='ltr'><strong>(cetera</strong></span> 
     </span>
     <span class='ocr_line' id='line_1_85' title="bbox 958 2648 1654 2691; baseline -0.004 -6"><span class='ocrx_word' id='word_1_477' title='bbox 958 2658 1084 2685; x_wconf 84' lang='lat' dir='ltr'><strong>manca</strong></span> <span class='ocrx_word' id='word_1_478' title='bbox 1107 2649 1217 2690; x_wconf 88' lang='lat' dir='ltr'><strong>sunt).</strong></span> <span class='ocrx_word' id='word_1_479' title='bbox 1247 2649 1560 2691; x_wconf 78' lang='lat' dir='ltr'><strong>Appropinquanta</strong></span> <span class='ocrx_word' id='word_1_480' title='bbox 1583 2648 1654 2682; x_wconf 79' lang='lat' dir='ltr'><strong>iam</strong></span> 
     </span>
    </p>
   </div>
  </div>
 </body>
</html>
