1722 2904
223 123 305 164 370
737 125 908 158 HORATII
933 125 1159 161 CARMINUM

394 229 484 272 Vim
516 234 797 285 temperatam
826 229 868 272 di
901 243 1077 288 quoque
1109 230 1352 288 provehunt

448 311 494 351 In
526 309 687 361 maius;
721 309 835 354 idem
866 311 1001 355 odere
1030 312 1147 355 vires

507 395 647 438 Omne
677 394 797 437 nefas
827 393 970 437 animo
1001 400 1235 437 moventes.

390 501 525 544 Testis
555 514 753 544 mearum
782 500 1051 544 centimanus
1083 499 1200 558 Gyas

390 581 731 632 Sententiarum,
763 587 890 624 notus
921 587 964 624 et
993 582 1185 643 intefflae
1619 582 1673 624 70

446 646 647 706 Tentator
676 662 814 706 Orion
843 662 1038 712 Dianae,

498 744 697 800 Virginea
728 743 915 786 domitus
947 744 1111 800 sagitta.

309 865 362 896 69.
390 864 483 903 Gyas
505 863 529 895 d
555 863 593 905 (ἢ)
619 864 666 895 L:
691 863 790 905 yiqas
811 863 960 903 BbSTc,
988 864 1042 903 ct,
1069 863 1178 905 ques
1200 871 1284 896 cum
1308 862 1466 896 Bentleio
1489 864 1558 898 FM.
1579 865 1630 907 (Ut

259 922 344 953 nos,
369 914 413 954 J.)
442 930 478 936 -
504 913 558 945 70.
585 913 834 946 Sententiarum
855 916 975 953 notas,
1000 916 1032 945 et
1052 913 1206 955 integrae
1228 913 1309 946 LCt.

215 1020 252 1060 8,
288 1020 350 1051 45:
389 1018 464 1052 Βία
496 1017 537 1051 δὲ
570 1019 637 1051 καὶ
669 1016 919 1062 μεγάλαυχον
971 1020 1060 1057 cet.;
1098 1018 1253 1060 denique
1282 1027 1317 1051 v.
1346 1019 1585 1052 sententiarum
1615 1020 1672 1053 vel

214 1065 385 1110 ὓ«ἔσφαλεν
408 1067 449 1101 ἐν
465 1065 605 1114 χρόνῳ.
632 1069 752 1111 Eurip.
777 1070 830 1101 Fr.
849 1070 918 1101 Te-
969 1069 1047 1110 ipso
1075 1076 1165 1100 sono
1194 1076 1363 1110 magnum
1388 1068 1499 1102 hahet
1521 1069 1673 1111 dignita-
1699 1088 1706 1099 .

215 1118 349 1152 menid.
379 1119 415 1150 44
436 1128 443 1150 :
479 1114 606 1161 Ῥώμη
637 1116 679 1151 δέ
703 1118 734 1162 γ’
758 1114 919 1162 ἀμαθὴς
969 1119 1044 1150 tem
1067 1118 1174 1159 atque
1199 1118 1421 1159 gravitatem.
1446 1136 1483 1141 —
1503 1119 1672 1152 Ceterum

215 1166 399 1209 πολλάκις
424 1169 542 1202 τίκτει
564 1166 732 1212 βλάβην.
970 1168 1005 1200 in
1039 1166 1206 1200 omnibus
1242 1167 1495 1201 huiuscemodi
1530 1165 1674 1212 ἀθετή-

256 1219 310 1251 67.
336 1219 434 1251 odere
454 1218 553 1260 vires]
583 1219 702 1260 Eurip.
727 1217 803 1251 Hel.
828 1218 916 1250 903:
970 1227 1078 1250 σεσιν
1101 1225 1227 1250 earum
1248 1217 1454 1251 inventores
1468 1226 1597 1260 parum
1612 1227 1674 1252 eo-

214 1270 325 1310 μισεΐ
343 1264 416 1314 γὰρ
439 1264 462 1300 ὁ
485 1265 578 1309 θεὸς
599 1265 671 1310 τὴν
693 1266 796 1308 βίαν.
851 1269 919 1300 Ter
969 1267 1140 1308 gitarunt‚
1165 1266 1246 1307 quis
1269 1267 1326 1298 cui
1347 1266 1444 1299 hono
1466 1266 1555 1301 tales
1569 1267 1672 1302 locos

214 1317 375 1350 consulto
410 1318 587 1359 repetitur
619 1327 653 1350 v.
696 1318 769 1357 vis3
821 1318 919 1359 quod
969 1318 1055 1359 ipsis
1092 1317 1281 1358 suspectos
1318 1316 1498 1350 inculcare
1537 1313 1574 1350 et
1604 1327 1672 1351 vo-

212 1369 351 1400 tantum
374 1367 478 1400 abest
505 1369 545 1400 ut
567 1368 694 1401 merito
718 1368 919 1410 reprehen-
968 1366 1074 1399 luerit
1104 1367 1141 1398 et
1169 1366 1337 1408 potuerit.
1384 1368 1474 1399 Nam
1504 1376 1596 1409 quae
1625 1368 1671 1401 de

213 1425 294 1449 sum
328 1418 374 1450 sit
407 1417 452 1449 ab
484 1417 627 1450 Editore
651 1416 840 1458 Leidensi‚
879 1419 919 1449 ut
969 1416 1029 1450 tali
1051 1417 1286 1458 perversitate
1309 1415 1377 1449 sibi
1401 1416 1571 1450 confinxit
1599 1418 1668 1452 ΗΡ.

211 1467 345 1509 optime
369 1461 586 1509 respondeat
607 1468 736 1509 poetae
771 1466 917 1500 consilio
969 1467 1066 1499 omni
1089 1465 1339 1508 probabilitate
1363 1467 1485 1499 critica
1501 1466 1670 1500 destituta

211 1526 232 1549 a
254 1516 419 1550 violentia
444 1526 486 1550 ac
510 1516 679 1559 superbia
703 1527 769 1551 nos
785 1518 919 1551 dehor-
969 1517 1063 1548 sunt.
1100 1534 1137 1538 —
1169 1514 1277 1557 notus]
1313 1515 1418 1548 Orion
1451 1517 1601 1558 propter
1633 1516 1671 1549 id

214 1567 324 1599 tandi.
968 1566 1087 1607 ipsum
1110 1566 1264 1598 maxime
1286 1568 1402 1606 notus,
1439 1565 1537 1608 quod
1559 1575 1669 1600 ausus
1694 1602 1696 1606 Α

256 1616 311 1648 69.
337 1616 441 1658 Gyas]
466 1616 553 1649 Vide
578 1617 642 1650 Od.
668 1618 708 1658 2,
736 1619 797 1658 47,
824 1617 878 1651 44.
969 1616 1024 1648 est
1062 1616 1200 1647 tentare
1230 1615 1380 1648 Dianam
1416 1616 1586 1658 integram
1623 1616 1670 1649 ab
1692 1616 1694 1618 ’

254 1665 308 1697 70.
335 1666 389 1698 74.
414 1666 680 1709 Sententiarum]
714 1668 918 1700 «veracium
969 1674 1084 1706 eaque
1116 1665 1256 1698 occisus
1287 1665 1344 1698 est
1371 1665 1409 1698 in
1437 1665 1553 1698 insula
1580 1665 1691 1707 Delov

211 1716 463 1748 monitorum.»
518 1717 652 1749 Locum
687 1717 783 1750 hunc
817 1717 919 1750 affert
967 1714 1024 1747 vel
1057 1715 1155 1748 Chio.
1183 1715 1255 1748 Cic.
1288 1715 1384 1748 Arat.
1415 1714 1492 1748 420.
1524 1715 1671 1758 Eupho-

212 1765 413 1798 Priscianus
434 1774 515 1807 pag.
543 1766 619 1798 748.
645 1767 791 1799 Putsch.
817 1768 918 1799 Butt-
968 1765 1058 1796 rion.
1089 1765 1193 1798 Mein.
1226 1772 1307 1806 pag.
1342 1764 1418 1796 464.
1456 1765 1519 1798 Est
1548 1766 1671 1798 autem

212 1823 365 1848 mannus
387 1814 533 1856 Mythol.
563 1816 595 1848 2.
620 1825 701 1857 pag.
727 1817 803 1849 369.
835 1826 917 1849 eum
968 1814 1074 1846 Orion
1098 1813 1260 1854 Horatio,
1286 1815 1327 1845 ut
1347 1812 1424 1847 aliis
1447 1814 1543 1856 apud
1565 1813 1672 1856 Apol·

213 1866 361 1907 propter
383 1866 589 1907 repetitum,
614 1867 654 1898 ut
675 1866 765 1906 volt,
792 1876 835 1899 ex
851 1867 914 1899 Od.
966 1862 1038 1895 lod·
1057 1864 1093 1903 ⁴,
1111 1863 1148 1901 4,
1175 1863 1207 1895 3·
1232 1860 1415 1906 γηγενής,
1440 1872 1524 1897 cum
1539 1865 1672 1901 Phere-

212 1916 250 1954 2,
289 1915 349 1955 47,
387 1914 440 1948 44.
475 1914 654 1948 ἐπίθετον
688 1917 912 1955 centimanus,
968 1912 1079 1953 cydes
1115 1921 1198 1945 eum
1232 1913 1386 1954 Neptuni
1425 1914 1462 1946 et
1493 1913 1668 1956 Euryalae

212 1965 290 1996 tum
311 1966 461 2006 propter
483 1965 704 1998 mentionem
727 1966 820 2006 Gyae
835 1967 918 2008 post
967 1961 1079 1995 filium
1095 1962 1250 1995 fecisset.
1278 1963 1441 2005 (Prorsus
1457 1963 1599 1997 diverse
1615 1963 1670 1997 fa-

214 2014 400 2055 Gigantum
415 2023 573 2055 pugnam
596 2024 720 2048 rursus
736 2016 913 2055 iniectam,
966 2012 1050 2044 bula
1081 2014 1268 2045 enarratur
1295 2012 1341 2045 ab
1365 2013 1488 2046 Ovidio
1511 2014 1603 2047 Fast.
1627 2015 1667 2055 ὅ,

214 2064 291 2095 tum
323 2065 471 2105 propter
503 2073 536 2096 v.
568 2065 823 2104 sententiarum,
860 2065 917 2096 ni-
967 2062 1056 2103 534.)
1073 2079 1109 2086 -
1123 2062 1284 2104 inteyrae]
1302 2062 1476 2095 «intactae
1487 2063 1669 2105 virginis.»
1721 2059 1722 2075 ³

214 2113 300 2152 mis,
331 2114 370 2144 ut
392 2113 455 2152 ait,
487 2112 695 2155 pedestrem
719 2114 915 2146 orationem
966 2110 1105 2145 Nullam
1120 2111 1208 2152 hoc,
1233 2112 1274 2144 ut
1287 2120 1468 2145 nonnemo
1484 2113 1590 2146 ratus·
1599 2113 1666 2153 est,

214 2160 397 2202 redolens,
422 2163 535 2195 totam
552 2163 736 2204 stropham
752 2171 817 2204 pro
834 2162 917 2196 sub-
965 2161 1077 2193 habet
1099 2160 1346 2194 offensionem.
1371 2163 1462 2194 Nam
1485 2162 1515 2195 si
1533 2162 1669 2195 Teren-

215 2210 332 2243 diticia
365 2210 501 2244 habuit.
559 2213 762 2244 Buttmanni
795 2214 916 2244 autem
966 2211 1035 2243 tius
1067 2210 1188 2243 dicere
1218 2211 1333 2252 potuit
1362 2211 1447 2244 Hec.
1473 2212 1513 2252 4,
1538 2211 1578 2252 2,
1603 2211 1667 2244 70:

216 2261 420 2301 opinionem
455 2270 538 2294 cum
573 2260 648 2294 aliis
683 2263 827 2295 secutus
862 2263 918 2294 est
965 2262 1180 2301 Narratque,
1215 2264 1254 2292 ut
1281 2261 1378 2303 virgo
1407 2261 1451 2293 ab
1478 2269 1514 2293 se
1534 2261 1668 2304 inteqra

216 2310 323 2342 etiam
347 2310 499 2343 Liibker.
548 2312 683 2344 Verum
711 2312 918 2347 centimanus
966 2311 1067 2344 etiam
1088 2313 1159 2342 tum
1179 2310 1258 2342 siet:
1285 2310 1407 2351 quidni
1427 2311 1591 2343 Horatius
1605 2309 1672 2347 ab-‚

216 2360 431 2401 perpetuum
463 2362 499 2393 et
527 2361 751 2403 aptissimum
779 2361 917 2394 utrobi-
967 2359 1080 2393 solute
1111 2360 1279 2401 inteqram
1309 2368 1375 2401 pro
1405 2358 1572 2393 inviolata
1601 2367 1668 2402 ap-

218 2417 287 2450 que
321 2410 377 2441 est
405 2411 501 2450 Gyae
528 2409 721 2451 ἑπίθετον,
757 2411 797 2443 ut
825 2411 919 2443 diras
966 2409 1099 2452 pellare
1123 2410 1280 2451 potuerit
1300 2410 1472 2442 Dianam?
1491 2427 1527 2434 --
1547 2410 1669 2443 Tantas

217 2465 361 2498 semper
382 2458 567 2498 Hannibal;
593 2459 691 2507 'duos
715 2461 835 2493 autem
858 2461 917 2493 Gi·
967 2459 1030 2501 ιον]
1045 2468 1135 2491 nove
1149 2458 1298 2492 fortasse
1311 2458 1447 2492 dictum
1459 2459 1568 2501 (certe
1619 2459 1626 2466 ¹

218 2508 364 2547 gantum
395 2507 515 2540 dedita
546 2517 656 2550 opera
687 2509 805 2542 denuo
838 2518 917 2542 me-
967 2518 1062 2542 nunc
1097 2517 1167 2541 non
1200 2509 1415 2550 invenitur),
1455 2509 1587 2542 facmm
1619 2516 1641 2541 a

218 2557 369 2588 moravit
408 2559 490 2598 post
527 2558 785 2599 digressionem
822 2558 917 2591 illam
968 2561 1190 2592 Graecumv.
1209 2556 1428 2606 πειραστής,
1452 2556 1625 2606 πειρᾷνκ
1652 2563 1660 2573 >¹

218 2606 252 2637 in
290 2605 456 2648 Apollinis
498 2607 640 2640 laudem
684 2617 726 2640 ac
763 2605 918 2652 γνώμας
967 2619 1060 2655 ρην,
1083 2611 1258 2652 γυναῖκα.

219 2656 431 2696 sequentes,
462 2658 501 2688 ut
527 2655 618 2689 illico
642 2657 918 2698 intelligeremus
1012 2659 1064 2691 72.
1097 2658 1150 2690 73.
1195 2657 1506 2700 Virginea-sagitta]
1540 2638 1663 2699 Diphi'

220 2704 330 2736 verba
354 2714 387 2737 v.
411 2705 464 2737 73.
489 2706 614 2739 Iniecta
636 2708 792 2740 monstris
816 2708 920 2740 Terra
968 2707 1022 2740 lus
1038 2715 1094 2749 ap.
1113 2707 1239 2772 Athen.
1259 2707 1291 2747 6,
1309 2716 1343 2749 p.
1362 2707 1426 2740 223
1448 2716 1488 2739 a:
1511 2703 1641 2749 Λητοῖ)
