1722 2904
579 98 712 131 LIBER.
760 98 890 131 CAnu.
915 95 985 130 XV.

575 400 886 443 cm
922 399 1045 440 xv.

202 522 294 566 Nox
323 527 414 564 erat
445 527 487 563 et
515 519 636 564 caelo
666 519 851 577 fulgebat
880 519 978 562 luna
1008 532 1164 562 sereno

258 603 372 646 Inter
400 602 566 645 minora
595 600 758 650 sidera,

205 684 312 727 Cum
340 689 385 726 tu
415 695 667 739 magnorum
696 694 854 724 numen
885 679 1055 724 laesura
1086 679 1267 723 deorum

261 764 307 805 ln
335 762 469 806 verba
499 762 672 805 iurabas
706 775 823 810 mea,

202 844 343 887 Artius
373 850 501 901 atque
531 842 695 886 hedera
723 855 905 899 procera
936 841 1214 898 adstringitur
1243 840 1346 891 ilex,
1508 841 1533 882 ’3

262 924 421 968 Lentis'
436 922 677 967 adhaerens
706 922 892 967 brachiis
910 938 918 964 :

181 1039 252 1071 XV.
276 1039 387 1070 Inscr.
413 1036 503 1078 volg.
528 1037 578 1068 Ad
591 1037 772 1069 Neaeram.
790 1055 827 1059 —
851 1037 1020 1068 Neaeram
1034 1036 1180 1067 amicam
1195 1036 1379 1076 alloquitur
1393 1037 1431 1069 B.
1452 1054 1487 1060 ——

135 1089 174 1120 In
196 1088 365 1120 Neaeram
386 1087 530 1119 amicam
554 1094 585 1118 c.
613 1102 650 1109 —·
676 1086 752 1118 Om.
778 1086 815 1118 T.

134 1186 206 1219 XV.
252 1186 429 1224 Neaerae,
471 1193 563 1226 quae
588 1185 787 1216 amatorem

92 1236 239 1269 divitem
254 1235 398 1268 Horatio
413 1232 657 1276 praeferebat,
683 1233 789 1274 perfl-

91 1285 188 1318 diam
214 1284 369 1326 graviter
397 1283 552 1323 incusat,
588 1282 787 1323 iniectaque

91 1335 177 1367 iuris
199 1333 355 1373 iurandi,
386 1340 457 1374 quo
480 1340 583 1365 suam
606 1331 788 1372 quondam

94 1383 227 1416 amoris
248 1381 359 1414 fidem
380 1381 602 1414 sanctissime
629 1379 787 1422 alligarit,

90 1431 261 1474 religione
291 1440 334 1464 ac
363 1429 515 1472 neglecti
545 1429 708 1462 eiusdem
734 1429 790 1461 di·-

90 1482 174 1514 vina
193 1480 348 1513 vindicta
369 1480 595 1520 minatusque
618 1488 657 1511 se
681 1478 790 1511 disci-

92 1530 210 1570 dium,
232 1529 296 1562 ubi
310 1528 422 1562 semel
436 1528 670 1570 perdoluerit,
694 1527 808 1570 hene¹

91 1588 135 1613 ac
149 1579 287 1612 fortiter
299 1578 465 1617 laturum,
490 1577 538 1610 ad
551 1578 691 1610 saniora
708 1586 789 1609 eam

92 1626 238 1662 consilia
268 1635 439 1660 revocare
476 1627 654 1659 annititur.
700 1627 789 1658 Tum

92 1677 139 1710 ad
169 1676 316 1710 rivalem
346 1685 452 1709 suum
475 1684 688 1714 conversus,
723 1684 789 1708 suo

91 1727 211 1769 ipsum
233 1725 398 1768 exemplo
420 1725 550 1758 edocet
572 1727 787 1766 monetque,

92 1785 202 1818 quam
217 1775 320 1808 fallax
333 1784 419 1807 aura
434 1776 499 1808 ista
514 1776 577 1815 sit,
595 1783 705 1816 quam
720 1775 791 1806 iam

23 1823 26 1825 ’
92 1825 294 1867 experiatur
316 1825 389 1856 tam
411 1824 620 1856 secundam.
645 1825 787 1856 Mirscn.

93 1874 366 1915 compositionis
396 1874 537 1914 tempus
565 1881 713 1914 prorsus
735 1873 792 1904 in-

93 1924 232 1956 certum
264 1923 329 1955 est.
375 1922 549 1954 Kirchner
588 1923 623 1954 et
656 1922 788 1954 Franke

92 1972 251 2005 referunt
272 1971 318 2004 ad
341 1979 373 2003 a.
398 1980 434 2003 u.
460 1980 492 2003 c.
518 1971 594 2003 724.
611 1996 619 2010 ,
655 1970 791 2003 Weber

91 2022 207 2054 Hor-az
226 2029 263 2062 p.
288 2020 342 2053 83.
368 2020 414 2052 ad
436 2029 469 2052 a.
494 2021 569 2052 742.
606 2019 663 2052 vel
685 2020 787 2058 743.,

41 2088 44 2091 -
83 2069 283 2103 'Grotet'end
305 2069 350 2102 ad
373 2079 405 2101 a.
431 2069 507 2102 746.

134 2118 209 2151 2-4.
244 2119 378 2151 utinm-a
405 2118 535 2160 sidera]
571 2118 642 2151 ctr.
667 2118 730 2151 Od.
750 2119 787 2158 4,

94 2168 149 2206 42,
165 2167 220 2201 47.
235 2169 271 2200 et
282 2168 328 2200 ad
342 2169 454 2200 totam
466 2176 613 2200 scenam
626 2166 790 2208 Meleagri

92 2216 156 2258 Ep.
181 2217 236 2249 74.
267 2218 370 2250 Anth.
404 2217 475 2250 Pal.
500 2218 526 2249 1.
551 2226 587 2258 p.
613 2217 672 2249 85·
708 2213 791 2258 Νὺξ

93 2262 176 2311 ἱερὴ
199 2266 266 2299 καὶ
298 2263 432 2306 λύχνε,
467 2267 700 2322 συνίστορας
722 2261 790 2298 οὔ-

93 2324 200 2355 τινας
221 2310 365 2356 ἄλλους
378 2310 540 2372 “Ὀρκοις,
566 2311 646 2347 ἀλλ
669 2311 789 2357 ὑμέας

93 2362 258 2406 εἱλόμεθ’
280 2360 508 2424 &pm-&repom
533 2361 603 2396 Χῶ
627 2363 699 2406 μὲν
721 2363 789 2406 ἐμὲ

94 2410 282 2468 στέρξειν,
315 2416 442 2445 κεῖνον
471 2411 503 2444 δ’
527 2410 599 2456 ἐγώ
624 2408 672 2445 οὗ
698 2421 790 2445 ποτε

94 2459 243 2502 λείψειν
254 2457 499 2505 Ὠμόσαμεν·
523 2458 659 2504 κοινὴν
681 2459 712 2493 δ
736 2459 791 2493 εἷ’-

96 2519 182 2549 χετε
202 2511 426 2568 μαρτυριην.
450 2509 531 2543 Νῦν
553 2509 582 2542 δ’
597 2506 621 2542 ὁ
641 2503 752 2552 aas*
729 2520 792 2556 ορ-

96 2570 163 2592 κια
184 2561 305 2602 φησὶν
335 2560 376 2593 ἐν
399 2555 506 2593 ὕδατι
540 2563 647 2592 κεῖνα
677 2560 791 2614 φέρε-

97 2609 212 2649 σθαι,
228 2606 373 2648 Αὑχνε,
391 2606 440 2642 σὺ
456 2608 485 2641 δ’
500 2609 540 2642 ἐν
554 2607 713 2649 κόλποις
727 2604 794 2641 αὖ·

98 2654 166 2689 τὸν
194 2653 289 2703 ὁρᾷς
316 2657 464 2703 ἑτέρων.
493 2674 528 2680 -
554 2658 699 2699 laesura]
734 2658 792 2690 Ti-

213 2718 335 2747 ΠοιιΑτ.
356 2725 428 2747 voi..
451 2718 473 2746 1.
515 2726 565 2746 ει).
589 2725 691 2747 aaron
714 2717 761 2746 m.

532 2879 550 2887 ο

844 1102 880 1109 -
906 1086 938 1117 5.
965 1085 1165 1126 ανῆ-ηραν
1186 1086 1222 1117 Β.

837 1182 923 1216 hull.
950 1184 986 1223 4,
1012 1184 1049 1223 9,
1076 1185 1114 1216 4;
1142 1184 1228 1224 Quid
1248 1184 1352 1224 mihi,
1377 1184 1535 1226 sifueras

836 1232 1159 1265 miseros—laesurus
1194 1242 1348 1273 amores,
1386 1234 1535 1267 Foedera

832 1291 897 1323 per
923 1283 1032 1322 divos,
1070 1283 1159 1314 clam
1188 1282 1363 1322 violanda,
1402 1283 1537 1317 dabas?

839 1331 959 1363 «ovid.
986 1332 1068 1363 Her.
1092 1332 1131 1370 2,
1155 1331 1209 1364 43.
1235 1331 1281 1364 de
1304 1331 1409 1365 laesis
1432 1334 1538 1366 ane·

837 1381 1054 1422 mophoonte
1069 1389 1135 1422 per
1148 1381 1302 1422 periuria
1317 1381 1535 1416 numinibus:

837 1429 875 1461 Si
902 1430 942 1461 de
963 1433 1010 1461 tot
1035 1430 1132 1461 laesis
1152 1439 1215 1462 sua
1236 1431 1378 1462 nmina
1399 1432 1539 1471 quisque

838 1480 975 1511 deor-mn
1001 1479 1162 1519 Vindicet,
1187 1481 1222 1512 in
1242 1489 1369 1520 poenas
1387 1490 1456 1513 non
1476 1490 1537 1513 sa—

837 1529 879 1560 tis
906 1537 995 1560 unu-3
1022 1529 1121 1560 eris.»
1156 1529 1264 1561 Dona.
1292 1547 1329 1552 —-
1352 1530 1393 1562 In
1416 1530 1536 1572 verba]

838 1576 1038 1609 Fon-mulam
1051 1602 1059 1616 ‚
1084 1586 1154 1619 qua
1179 1577 1308 1610 milites
1332 1578 1414 1611 duci
1429 1588 1469 1612 se
1485 1579 1538 1612 di-

839 1628 896 1658 cto
912 1627 1096 1659 audientes
1116 1627 1191 1659 fore
1214 1627 1392 1668 iurabant,
1417 1629 1476 1661 hic
1490 1629 1538 1661 ad

838 1684 982 1708 amores
1015 1676 1197 1716 transfert,
1233 1678 1273 1708 ut
1299 1677 1345 1709 ad
1378 1677 1538 1719 philoso-

838 1725 960 1766 phiam
982 1725 1070 1767 Epp.
1093 1726 1129 1764 4,
1157 1726 1195 1764 4,
1222 1725 1284 1758 44;
1318 1727 1452 1760 Nullius
1472 1729 1539 1759 ad—

839 1775 945 1806 dictus
965 1774 1083 1806 iurare
1104 1775 1140 1806 in
1160 1774 1264 1806 verba
1279 1777 1446 1818 magistri.

882 1823 979 1855 5-40.
1015 1823 1130 1855 Artius
1151 1824 1261 1865 atque]
1285 1825 1338 1856 De
1360 1825 1430 1857 hoc
1451 1833 1538 1867 par-

838 1871 967 1904 ticulae
990 1880 1057 1904 usu
1086 1872 1186 1904 Hand
1214 1873 1315 1906 Turs.
1339 1875 1367 1906 1.
1391 1883 1427 1916 p.
1452 1874 1534 1907 472:

842 1922 1025 1954 «Oratores
1062 1921 1130 1953 hac
1164 1921 1317 1955 dictione
1354 1932 1537 1965 nunquam

839 1972 900 2003 aut
922 1971 1102 2003 rarissime
1125 1972 1291 2010 utuntur,
1317 1971 1536 2013 frequentius

838 2021 978 2061 poetae.
1003 2020 1046 2051 Et
1066 2019 1250 2052 veteribus
1267 2020 1399 2061 (Plauto
1416 2030 1459 2054 ac
1474 2022 1538 2053 Te-

838 2068 963 2108 rentio)
981 2077 1024 2100 ea
1046 2069 1118 2100 iam
1141 2069 1278 2109 cognita
1295 2071 1389 2108 erat;
1414 2079 1538 2103 recen-

838 2117 987 2150 tioribus
996 2116 1190 2158 elegantiae
1201 2126 1308 2150 causa
1319 2127 1536 2161 magnopere

838 2166 1001 2208 placuit.»
1029 2184 1066 2189 —
1091 2166 1225 2207 hedera]
1250 2167 1315 2199 Od.
1333 2169 1348 2199 4
1365 2193 1373 2206 ,
1398 2168 1454 2208 36,
1478 2170 1532 2201 20.

840 2214 962 2248 Catull.
978 2214 1032 2253 64,
1049 2215 1111 2247 33;
1134 2216 1278 2248 Mentem
1292 2225 1408 2249 amore
1421 2219 1536 2250 revin—

838 2266 942 2304 ciens,
971 2265 1011 2296 Ut
1023 2267 1128 2296 tenu-1.-
1139 2264 1262 2296 hedera
1274 2265 1338 2297 huc
1353 2269 1384 2298 et
1398 2266 1462 2298 huc
1474 2268 1538 2299 Ar-

839 2314 951 2346 borem
971 2313 1120 2353 implicat
1142 2322 1272 2346 errans.
1308 2315 1535 2348 «Adhaerens
1585 2324 1594 2329 ·

838 2362 941 2395 lentis
979 2363 1047 2394 tuis
1083 2361 1238 2395 brachiis
1277 2364 1386 2396 artius
1426 2373 1534 2406 quam

838 2420 987 2453 procera
1004 2411 1277 2453 (nocht-agend)
1302 2412 1369 2444 ilex
1385 2414 1536 2446 circum-

839 2460 988 2502 plicatur
1002 2459 1047 2491 ab
1071 2460 1239 2492 hedera.»
1260 2477 1296 2483 —
1314 2462 1434 2503 Lentis]
1453 2463 1536 2494 usse-

839 2509 1004 2542 xibilibus
1020 2517 1062 2541 ac
1078 2509 1298 2542 tenacibus.»
1316 2510 1397 2551 (mit
1411 2512 1534 2544 zaken

838 2559 986 2591 Armen
1019 2559 1347 2600 anyeschmieyt.
1386 2560 1477 2593 Voss
1499 2563 1536 2593 et

841 2608 979 2648 Garve.)
1003 2607 1059 2639 Sic
1081 2607 1173 2648 Virg.
1192 2607 1263 2639 Ecl.
1281 2607 1320 2647 3,
1345 2608 1406 2641 38:
1430 2609 1534 2642 Lenta

840 2656 957 2697 quibus
987 2656 1142 2698 (poculis)
1172 2661 1268 2690 torno
1295 2657 1389 2698 facili
1417 2667 1535 2698 super—

1235 2717 1271 2746 46
