1722 2904
607 69 687 102 ΠΒ.
710 69 767 102 IV.
815 69 854 102 C.
879 70 935 102 vl.

1448 70 1531 112 569

257 172 348 217 Rite
375 172 563 216 Latonae
593 185 778 230 puerum
807 179 1031 222 canentes,

256 252 349 296 Rite
378 259 645 296 crescentem
674 252 767 297 sace
796 252 1079 303 Noctilucam,

256 334 512 390 Prosperam
541 333 710 391 frugum
738 332 1013 390 celeremque
1043 347 1203 391 pronos

367 412 547 456 Volvere
575 420 761 456 menses.

1478 415 1531 456 40

255 517 396 574 Nupta
424 517 509 559 iam
538 516 675 560 dices:
707 517 796 575 Ego
826 517 893 561 dis
922 518 1127 568 amicum,

258 596 415 640 Seculo
443 596 574 640 festas
603 596 815 640 referente
846 596 987 648 luceS‚

264 675 447 720 Reddidi
478 690 673 727 carmen,
705 676 856 721 docilis
885 677 1111 722 modorum

370 756 485 801 Vatis
515 757 674 800 Horati.

175 887 229 920 37.
250 887 349 928 pueri
370 888 408 920 Τ.
437 904 473 910 -
499 887 553 921 38.
578 888 792 940 Noctelucqm
814 888 849 928 d,
875 897 938 921 sex
960 890 1125 922 Pottierii.
1151 890 1259 931 (nocte
1279 892 1384 925 luoom
1406 894 1457 934 T.)

89 999 123 1032 8.
160 999 272 1031 Varro
304 999 342 1031 L.
375 999 414 1032 L.
438 999 477 1038 5,
503 999 567 1031 68:
620 999 785 1031 Luna--

89 1048 180 1080 dicta
199 1048 375 1080 Noctiluca
395 1048 431 1080 in
450 1048 581 1080 Palatio
592 1057 605 1086 ‚·
637 1057 719 1080 nam
740 1048 786 1080 ibi

87 1100 189 1130 noctu
207 1097 295 1130 lucet
313 1096 479 1138 templum.
508 1097 691 1139 Inscriptio
707 1098 785 1130 Mu—

89 1147 143 1179 sei
164 1146 322 1179 Kircher.
353 1146 410 1179 ed.
434 1147 590 1178 Brunatii
611 1155 691 1188 pag.
717 1147 782 1179 40:

89 1195 173 1228 Bon.
214 1196 326 1228 Dm.
370 1196 571 1228 Lucmrm.
610 1196 781 1229 Aunsru.

93 1245 250 1277 Vnum.
274 1253 340 1277 m.
363 1252 439 1276 m.
464 1253 499 1276 n.
522 1253 557 1276 D.

132 1293 187 1326 39.
220 1294 419 1334 bosporum
452 1293 606 1335 fmyum]
650 1295 784 1327 Graeca

90 1342 353 1375 constructione
368 1367 380 1382 ,
403 1345 694 1384 «prosperantem
716 1344 787 1376 fru—

90 1400 154 1433 ges
169 1390 404 1432 celeriterque
420 1400 527 1424 cursu
549 1401 615 1424 suo
629 1392 785 1433 singulos

89 1448 233 1474 menses
255 1440 301 1473 ad
315 1440 424 1473 finem
438 1441 730 1482 perducentem.»
746 1459 782 1465 -

83 1489 226 1532 pronos]
272 1489 457 1522 «celeriter
481 1493 783 1532 praetereuntes.»

90 1537 214 1572 Catull.
248 1537 309 1578 34,
348 1539 412 1571 ⁴7:
465 1538 512 1571 Tu
542 1548 658 1579 cursu,
697 1541 783 1580 dea,

88 1590 257 1620 menstruo
281 1589 421 1621 Melicas
442 1589 507 1620 tter
525 1598 691 1628 annuum,
716 1591 785 1622 Ru-

89 1638 175 1670 stica
199 1637 368 1678 ayt-icem
393 1637 485 1670 bonis
511 1638 607 1670 Tecta
634 1639 786 1680 frugibus

134 1734 172 1768 Η
189 1735 274 1769 -44,
307 1736 425 1776 Nupta
446 1736 534 1778 cet.]
560 1736 784 1777 «Aliquando

91 1784 289 1825 gratissima
306 1784 370 1817 tibi
390 1785 457 1817 erit
475 1785 646 1818 festorum
659 1786 786 1817 horum

92 1833 232 1866 dierum
253 1834 487 1867 recordatio.»
519 1835 616 1873 Quae
640 1835 784 1876 quidem

93 1883 255 1925 cogitatio
273 1883 344 1916 iam
366 1892 460 1916 nunc
482 1882 599 1916 alacre
619 1884 785 1916 carminis

834 1001 931 1032 recte
960 1000 1122 1033 discendi
1150 1002 1307 1036 studium
1337 1005 1531 1039 excitatura

835 1050 921 1081 erat.
957 1049 1127 1082 Tenerior
1142 1052 1262 1085 autem
1277 1061 1321 1085 eo
1336 1053 1375 1086 fit
1389 1063 1528 1096 sensus,

834 1098 929 1139 quod
972 1099 1017 1131 de
1051 1100 1245 1141 virginibus
1285 1103 1531 1138 tantummodo

833 1147 945 1180 verba
968 1148 1061 1180 facit.
1092 1166 1128 1172 —
1164 1150 1262 1192 luces]
1286 1152 1355 1183 Per
1375 1153 1532 1186 triduum

835 1198 870 1228 et
904 1198 1107 1231 trinoctium
1152 1199 1427 1233 celebrabantur
1458 1201 1532 1235 ludi

835 1246 1027 1279 seculares.
1055 1266 1094 1271 —
1116 1250 1265 1292 Reddidi]
1292 1250 1441 1290 acaum,
1468 1261 1533 1293 ge-

835 1297 908 1333 stu.
934 1295 1116 1329 saltatione
1140 1300 1298 1340 expressi
1322 1308 1407 1340 ego,
1441 1309 1532 1342 quos

835 1344 992 1377 studiose
1017 1348 1053 1377 et
1075 1346 1165 1378 facili
1188 1356 1297 1388 opera
1321 1348 1529 1389 didiceram,

835 1394 967 1429 Horatii
990 1403 1149 1428 versus.»
1176 1397 1214 1428 ln
1238 1397 1355 1438 ipsum
1379 1398 1532 1430 Carmen

835 1441 998 1475 seculare
1010 1452 1093 1476 cum
1108 1453 1239 1477 nomen
1252 1454 1357 1478 suum
1373 1446 1531 1479 inserere

835 1500 906 1523 non
921 1494 1062 1533 posset,
1088 1494 1306 1526 Graecorum
1321 1495 1531 1535 Lyricorum

835 1540 997 1581 exempla
1026 1543 1170 1574 secutus
1200 1543 1290 1575 iusta
1318 1551 1400 1576 cum
1422 1543 1532 1585 gloria

834 1591 869 1622 in
892 1591 961 1622 hoc
984 1592 1167 1632 prooemio
1191 1600 1230 1624 se
1254 1592 1300 1624 ad
1322 1592 1406 1625 illud
1430 1602 1533 1626 com-

834 1639 1040 1681 ponendum
1071 1639 1250 1673 delectum
1284 1649 1366 1674 esse
1389 1641 1435 1674 ab
1458 1644 1533 1675 Au—

836 1690 938 1729 gusto
961 1690 1231 1721 commemorat.
1250 1708 1288 1712 —
1304 1691 1442 1731 Horati]
1465 1692 1533 1723 No-

837 1745 920 1769 men
943 1737 1013 1769 hoc
1036 1739 1163 1778 poetae
1186 1740 1306 1779 pater,
1338 1741 1377 1771 ut
1398 1739 1533 1781 proba-

835 1785 905 1818 bile
929 1788 1003 1825 est,
1043 1788 1235 1828 assumpsit
1259 1797 1278 1819 a
1302 1788 1396 1820 tribu
1419 1789 1533 1820 Hora-

835 1836 902 1872 tia,
940 1835 998 1867 cui
1025 1835 1194 1876 adscripti
1225 1838 1325 1869 erant
1347 1837 1529 1869 Venusini.

835 1884 929 1916 vidit
952 1884 1209 1917 Grotefcndius.
