<?xml version="1.0" encoding="UTF-8"?>
<!DOCTYPE html PUBLIC "-//W3C//DTD XHTML 1.0 Transitional//EN"
    "http://www.w3.org/TR/xhtml1/DTD/xhtml1-transitional.dtd">
<html xmlns="http://www.w3.org/1999/xhtml" xml:lang="en" lang="en">
 <head>
  <title>
</title>
<meta http-equiv="Content-Type" content="text/html;charset=utf-8" />
  <meta name='ocr-system' content='tesseract 3.04.00' />
  <meta name='ocr-capabilities' content='ocr_page ocr_carea ocr_par ocr_line ocrx_word'/>
</head>
<body>
  <div class='ocr_page' id='page_1' title='image "./qhoratiusflaccus12horauoft_0321.png"; bbox 0 0 1722 2904; ppageno 0'>
   <div class='ocr_carea' id='block_1_1' title="bbox 618 57 1017 91">
    <p class='ocr_par' dir='ltr' id='par_1_1' title="bbox 618 57 1017 91">
     <span class='ocr_line' id='line_1_1' title="bbox 618 57 1017 91; baseline -0.005 0"><span class='ocrx_word' id='word_1_1' title='bbox 618 58 698 91; x_wconf 86' lang='lat' dir='ltr'><strong>LlB.</strong></span> <span class='ocrx_word' id='word_1_2' title='bbox 718 58 776 91; x_wconf 88' lang='lat'><strong>111.</strong></span> <span class='ocrx_word' id='word_1_3' title='bbox 823 58 863 91; x_wconf 91' lang='lat' dir='ltr'><strong>C.</strong></span> <span class='ocrx_word' id='word_1_4' title='bbox 886 57 1017 90; x_wconf 80' lang='lat' dir='ltr'><strong>XXVII.</strong></span> 
     </span>
    </p>
   </div>
   <div class='ocr_carea' id='block_1_2' title="bbox 1455 54 1537 96">
    <p class='ocr_par' dir='ltr' id='par_1_2' title="bbox 1455 54 1537 96">
     <span class='ocr_line' id='line_1_2' title="bbox 1455 54 1537 96; baseline 0 0"><span class='ocrx_word' id='word_1_5' title='bbox 1455 54 1537 96; x_wconf 71' lang='lat'><strong>489</strong></span> 
     </span>
    </p>
   </div>
   <div class='ocr_carea' id='block_1_3' title="bbox 522 457 1107 499">
    <p class='ocr_par' dir='ltr' id='par_1_3' title="bbox 522 457 1107 499">
     <span class='ocr_line' id='line_1_3' title="bbox 522 457 1107 499; baseline -0.002 0"><span class='ocrx_word' id='word_1_6' title='bbox 522 457 1107 499; x_wconf 67' lang='lat' dir='ltr'><strong>mum</strong></span> 
     </span>
    </p>
   </div>
   <div class='ocr_carea' id='block_1_4' title="bbox 315 570 1078 628">
    <p class='ocr_par' dir='ltr' id='par_1_4' title="bbox 315 570 1078 628">
     <span class='ocr_line' id='line_1_4' title="bbox 315 570 1078 628; baseline -0.001 -15"><span class='ocrx_word' id='word_1_7' title='bbox 315 570 474 628; x_wconf 91' lang='lat' dir='ltr'><strong>Impios</strong></span> <span class='ocrx_word' id='word_1_8' title='bbox 503 583 658 627; x_wconf 90' lang='lat' dir='ltr'><strong>parrae</strong></span> <span class='ocrx_word' id='word_1_9' title='bbox 689 570 920 614; x_wconf 84' lang='lat' dir='ltr'><strong>recinentis</strong></span> <span class='ocrx_word' id='word_1_10' title='bbox 950 583 1078 613; x_wconf 89' lang='lat' dir='ltr'><strong>omen</strong></span> 
     </span>
    </p>
   </div>
   <div class='ocr_carea' id='block_1_5' title="bbox 176 687 1493 730">
    <p class='ocr_par' dir='ltr' id='par_1_5' title="bbox 176 687 1493 730">
     <span class='ocr_line' id='line_1_5' title="bbox 176 687 1493 730; baseline 0.001 -9"><span class='ocrx_word' id='word_1_11' title='bbox 176 687 303 721; x_wconf 82' lang='lat' dir='ltr'><strong>xxvu.</strong></span> <span class='ocrx_word' id='word_1_12' title='bbox 328 689 437 722; x_wconf 88' lang='lat' dir='ltr'><strong>Inscr.</strong></span> <span class='ocrx_word' id='word_1_13' title='bbox 454 687 546 730; x_wconf 88' lang='lat' dir='ltr'><strong>volg.</strong></span> <span class='ocrx_word' id='word_1_14' title='bbox 570 689 621 721; x_wconf 77' lang='lat' dir='ltr'><strong>Aa</strong></span> <span class='ocrx_word' id='word_1_15' title='bbox 642 688 834 726; x_wconf 76' lang='lat' dir='ltr'><strong><em>Galateam,</em></strong></span> <span class='ocrx_word' id='word_1_16' title='bbox 860 690 895 721; x_wconf 88' lang='lat' dir='ltr'><strong>et</strong></span> <span class='ocrx_word' id='word_1_17' title='bbox 917 689 969 722; x_wconf 90' lang='lat' dir='ltr'><strong>sic</strong></span> <span class='ocrx_word' id='word_1_18' title='bbox 991 688 1106 722; x_wconf 91' lang='lat' dir='ltr'><strong>Codd.</strong></span> <span class='ocrx_word' id='word_1_19' title='bbox 1133 689 1253 722; x_wconf 78' lang='lat' dir='ltr'>nostri.</span> <span class='ocrx_word' id='word_1_20' title='bbox 1282 690 1341 729; x_wconf 89' lang='lat' dir='ltr'><strong>(ST</strong></span> <span class='ocrx_word' id='word_1_21' title='bbox 1357 690 1493 722; x_wconf 88' lang='lat' dir='ltr'><strong>addunt</strong></span> 
     </span>
    </p>
   </div>
   <div class='ocr_carea' id='block_1_6' title="bbox 134 738 359 779">
    <p class='ocr_par' dir='ltr' id='par_1_6' title="bbox 134 738 359 779">
     <span class='ocr_line' id='line_1_6' title="bbox 134 738 359 779; baseline 0 -9"><span class='ocrx_word' id='word_1_22' title='bbox 134 738 359 779; x_wconf 55' lang='lat' dir='ltr'><strong>hyponam.)</strong></span> 
     </span>
    </p>
   </div>
   <div class='ocr_carea' id='block_1_7' title="bbox 90 841 792 2651">
    <p class='ocr_par' dir='ltr' id='par_1_7' title="bbox 90 841 792 2651">
     <span class='ocr_line' id='line_1_7' title="bbox 135 841 790 883; baseline -0.003 -8"><span class='ocrx_word' id='word_1_23' title='bbox 135 842 268 875; x_wconf 80' lang='lat' dir='ltr'><strong>xxvn.</strong></span> <span class='ocrx_word' id='word_1_24' title='bbox 286 843 384 875; x_wconf 79' lang='lat' dir='ltr'><strong>«Non</strong></span> <span class='ocrx_word' id='word_1_25' title='bbox 398 841 501 875; x_wconf 84' lang='lat' dir='ltr'><strong>malis</strong></span> <span class='ocrx_word' id='word_1_26' title='bbox 517 841 686 883; x_wconf 87' lang='lat' dir='ltr'><strong>equidem</strong></span> <span class='ocrx_word' id='word_1_27' title='bbox 701 842 790 874; x_wconf 92' lang='lat' dir='ltr'><strong>omi—</strong></span> 
     </span>
     <span class='ocr_line' id='line_1_8' title="bbox 91 891 789 933; baseline -0.004 -8"><span class='ocrx_word' id='word_1_28' title='bbox 91 891 197 926; x_wconf 81' lang='lat' dir='ltr'><strong>nibus</strong></span> <span class='ocrx_word' id='word_1_29' title='bbox 220 892 274 931; x_wconf 89' lang='lat' dir='ltr'><strong>te,</strong></span> <span class='ocrx_word' id='word_1_30' title='bbox 299 891 458 931; x_wconf 76' lang='lat' dir='ltr'><strong>Galatea,</strong></span> <span class='ocrx_word' id='word_1_31' title='bbox 484 900 592 933; x_wconf 88' lang='lat' dir='ltr'><strong>quam</strong></span> <span class='ocrx_word' id='word_1_32' title='bbox 613 892 687 923; x_wconf 87' lang='lat' dir='ltr'><strong>tam</strong></span> <span class='ocrx_word' id='word_1_33' title='bbox 702 891 789 923; x_wconf 88' lang='lat' dir='ltr'><strong>invi-</strong></span> 
     </span>
     <span class='ocr_line' id='line_1_9' title="bbox 91 940 789 982; baseline -0.001 -9"><span class='ocrx_word' id='word_1_34' title='bbox 91 941 149 973; x_wconf 89' lang='lat' dir='ltr'><strong>tus</strong></span> <span class='ocrx_word' id='word_1_35' title='bbox 171 940 327 981; x_wconf 79' lang='lat' dir='ltr'><strong>dimitto,</strong></span> <span class='ocrx_word' id='word_1_36' title='bbox 353 940 399 973; x_wconf 87' lang='lat' dir='ltr'><strong>ab</strong></span> <span class='ocrx_word' id='word_1_37' title='bbox 422 941 564 979; x_wconf 90' lang='lat' dir='ltr'><strong>itinere,</strong></span> <span class='ocrx_word' id='word_1_38' title='bbox 595 940 692 982; x_wconf 92' lang='lat' dir='ltr'><strong>quod</strong></span> <span class='ocrx_word' id='word_1_39' title='bbox 714 948 789 972; x_wconf 84' lang='lat' dir='ltr'><strong>me·</strong></span> 
     </span>
     <span class='ocr_line' id='line_1_10' title="bbox 91 989 787 1030; baseline -0.001 -8"><span class='ocrx_word' id='word_1_40' title='bbox 91 990 232 1029; x_wconf 81' lang='lat' dir='ltr'><strong>ditaris,</strong></span> <span class='ocrx_word' id='word_1_41' title='bbox 257 989 468 1030; x_wconf 77' lang='lat' dir='ltr'><strong>deteri-ebo,</strong></span> <span class='ocrx_word' id='word_1_42' title='bbox 492 990 602 1022; x_wconf 89' lang='lat' dir='ltr'><strong>immo</strong></span> <span class='ocrx_word' id='word_1_43' title='bbox 625 989 713 1022; x_wconf 92' lang='lat' dir='ltr'><strong>deos</strong></span> <span class='ocrx_word' id='word_1_44' title='bbox 726 998 787 1021; x_wconf 79' lang='lat' dir='ltr'><strong>ve-</strong></span> 
     </span>
     <span class='ocr_line' id='line_1_11' title="bbox 92 1037 788 1079; baseline -0.003 -8"><span class='ocrx_word' id='word_1_45' title='bbox 92 1037 264 1078; x_wconf 88' lang='lat' dir='ltr'><strong>nerabor,</strong></span> <span class='ocrx_word' id='word_1_46' title='bbox 298 1041 339 1072; x_wconf 90' lang='lat' dir='ltr'><strong>ut</strong></span> <span class='ocrx_word' id='word_1_47' title='bbox 364 1038 468 1071; x_wconf 87' lang='lat' dir='ltr'><strong>honis</strong></span> <span class='ocrx_word' id='word_1_48' title='bbox 491 1037 617 1071; x_wconf 88' lang='lat' dir='ltr'><strong>avibus</strong></span> <span class='ocrx_word' id='word_1_49' title='bbox 641 1039 675 1070; x_wconf 87' lang='lat' dir='ltr'><strong>te</strong></span> <span class='ocrx_word' id='word_1_50' title='bbox 701 1046 788 1079; x_wconf 88' lang='lat' dir='ltr'><strong>pro-</strong></span> 
     </span>
     <span class='ocr_line' id='line_1_12' title="bbox 91 1086 788 1126; baseline -0.001 -7"><span class='ocrx_word' id='word_1_51' title='bbox 91 1087 201 1119; x_wconf 86' lang='lat' dir='ltr'><strong>ficisci</strong></span> <span class='ocrx_word' id='word_1_52' title='bbox 229 1086 392 1126; x_wconf 73' lang='lat' dir='ltr'><strong>iubeant3</strong></span> <span class='ocrx_word' id='word_1_53' title='bbox 424 1088 490 1120; x_wconf 88' lang='lat' dir='ltr'><strong>sed</strong></span> <span class='ocrx_word' id='word_1_54' title='bbox 518 1087 601 1119; x_wconf 90' lang='lat' dir='ltr'><strong>licet</strong></span> <span class='ocrx_word' id='word_1_55' title='bbox 622 1094 707 1119; x_wconf 90' lang='lat' dir='ltr'><strong>aves</strong></span> <span class='ocrx_word' id='word_1_56' title='bbox 730 1086 788 1118; x_wconf 83' lang='lat' dir='ltr'><strong>iti-</strong></span> 
     </span>
     <span class='ocr_line' id='line_1_13' title="bbox 91 1136 784 1177; baseline -0.001 -9"><span class='ocrx_word' id='word_1_57' title='bbox 91 1136 169 1168; x_wconf 84' lang='lat' dir='ltr'><strong>neri</strong></span> <span class='ocrx_word' id='word_1_58' title='bbox 191 1138 252 1168; x_wconf 86' lang='lat' dir='ltr'><strong>tuo</strong></span> <span class='ocrx_word' id='word_1_59' title='bbox 270 1136 456 1176; x_wconf 82' lang='lat' dir='ltr'><strong>addicant,</strong></span> <span class='ocrx_word' id='word_1_60' title='bbox 481 1137 610 1177; x_wconf 85' lang='lat' dir='ltr'><strong>cogita,</strong></span> <span class='ocrx_word' id='word_1_61' title='bbox 636 1144 784 1177; x_wconf 82' lang='lat' dir='ltr'>quaeso,</span> 
     </span>
     <span class='ocr_line' id='line_1_14' title="bbox 92 1185 787 1228; baseline -0.001 -10"><span class='ocrx_word' id='word_1_62' title='bbox 92 1194 200 1227; x_wconf 88' lang='lat' dir='ltr'><strong>quam</strong></span> <span class='ocrx_word' id='word_1_63' title='bbox 229 1194 356 1227; x_wconf 84' lang='lat' dir='ltr'><strong>graves</strong></span> <span class='ocrx_word' id='word_1_64' title='bbox 383 1187 453 1218; x_wconf 90' lang='lat' dir='ltr'><strong>hoc</strong></span> <span class='ocrx_word' id='word_1_65' title='bbox 480 1186 574 1228; x_wconf 90' lang='lat' dir='ltr'><strong>ipso,</strong></span> <span class='ocrx_word' id='word_1_66' title='bbox 612 1185 709 1226; x_wconf 90' lang='lat' dir='ltr'><strong>quod</strong></span> <span class='ocrx_word' id='word_1_67' title='bbox 731 1186 787 1217; x_wconf 90' lang='lat' dir='ltr'><strong>in-</strong></span> 
     </span>
     <span class='ocr_line' id='line_1_15' title="bbox 90 1234 786 1277; baseline 0 -11"><span class='ocrx_word' id='word_1_68' title='bbox 90 1235 175 1274; x_wconf 87' lang='lat' dir='ltr'><strong>stat,</strong></span> <span class='ocrx_word' id='word_1_69' title='bbox 201 1235 283 1267; x_wconf 89' lang='lat' dir='ltr'><strong>anni</strong></span> <span class='ocrx_word' id='word_1_70' title='bbox 311 1236 474 1277; x_wconf 88' lang='lat' dir='ltr'><strong>tempore</strong></span> <span class='ocrx_word' id='word_1_71' title='bbox 497 1235 728 1276; x_wconf 82' lang='lat' dir='ltr'><strong>tempestates</strong></span> <span class='ocrx_word' id='word_1_72' title='bbox 751 1234 786 1266; x_wconf 91' lang='lat' dir='ltr'><strong>in</strong></span> 
     </span>
     <span class='ocr_line' id='line_1_16' title="bbox 91 1283 783 1325; baseline 0 -9"><span class='ocrx_word' id='word_1_73' title='bbox 91 1283 182 1315; x_wconf 83' lang='lat' dir='ltr'><strong>mari</strong></span> <span class='ocrx_word' id='word_1_74' title='bbox 214 1284 298 1316; x_wconf 86' lang='lat' dir='ltr'><strong>oriri</strong></span> <span class='ocrx_word' id='word_1_75' title='bbox 330 1283 478 1316; x_wconf 80' lang='lat' dir='ltr'><strong>soleant.</strong></span> <span class='ocrx_word' id='word_1_76' title='bbox 532 1285 627 1316; x_wconf 86' lang='lat' dir='ltr'><strong>Cave</strong></span> <span class='ocrx_word' id='word_1_77' title='bbox 662 1284 783 1325; x_wconf 87' lang='lat' dir='ltr'><strong>igitur,</strong></span> 
     </span>
     <span class='ocr_line' id='line_1_17' title="bbox 90 1332 787 1374; baseline 0.001 -10"><span class='ocrx_word' id='word_1_78' title='bbox 90 1340 136 1364; x_wconf 87' lang='lat' dir='ltr'><strong>ne</strong></span> <span class='ocrx_word' id='word_1_79' title='bbox 159 1332 221 1364; x_wconf 86' lang='lat' dir='ltr'><strong>tihi</strong></span> <span class='ocrx_word' id='word_1_80' title='bbox 250 1332 365 1365; x_wconf 86' lang='lat' dir='ltr'><strong>fraudi</strong></span> <span class='ocrx_word' id='word_1_81' title='bbox 392 1333 438 1365; x_wconf 88' lang='lat' dir='ltr'><strong>sit</strong></span> <span class='ocrx_word' id='word_1_82' title='bbox 466 1342 524 1373; x_wconf 90' lang='lat' dir='ltr'><strong>ea,</strong></span> <span class='ocrx_word' id='word_1_83' title='bbox 555 1341 663 1374; x_wconf 93' lang='lat' dir='ltr'><strong>quam</strong></span> <span class='ocrx_word' id='word_1_84' title='bbox 692 1341 787 1365; x_wconf 91' lang='lat' dir='ltr'><strong>nunc</strong></span> 
     </span>
     <span class='ocr_line' id='line_1_18' title="bbox 91 1380 786 1422; baseline 0 -9"><span class='ocrx_word' id='word_1_85' title='bbox 91 1380 230 1414; x_wconf 86' lang='lat' dir='ltr'><strong>caelum</strong></span> <span class='ocrx_word' id='word_1_86' title='bbox 265 1381 441 1422; x_wconf 78' lang='lat' dir='ltr'><strong>ostendit,</strong></span> <span class='ocrx_word' id='word_1_87' title='bbox 485 1383 670 1415; x_wconf 83' lang='lat' dir='ltr'><strong>serenitas.</strong></span> <span class='ocrx_word' id='word_1_88' title='bbox 730 1382 786 1414; x_wconf 91' lang='lat' dir='ltr'><strong>Sic</strong></span> 
     </span>
     <span class='ocr_line' id='line_1_19' title="bbox 91 1430 786 1473; baseline 0.003 -11"><span class='ocrx_word' id='word_1_89' title='bbox 91 1430 232 1473; x_wconf 83' lang='lat' dir='ltr'><strong>Europe</strong></span> <span class='ocrx_word' id='word_1_90' title='bbox 255 1439 398 1472; x_wconf 82' lang='lat' dir='ltr'><strong>quoque</strong></span> <span class='ocrx_word' id='word_1_91' title='bbox 422 1430 505 1463; x_wconf 88' lang='lat' dir='ltr'><strong>olim</strong></span> <span class='ocrx_word' id='word_1_92' title='bbox 519 1440 586 1472; x_wconf 90' lang='lat' dir='ltr'><strong>per</strong></span> <span class='ocrx_word' id='word_1_93' title='bbox 601 1433 786 1464; x_wconf 85' lang='lat' dir='ltr'><strong>externam</strong></span> 
     </span>
     <span class='ocr_line' id='line_1_20' title="bbox 91 1479 785 1522; baseline 0.001 -11"><span class='ocrx_word' id='word_1_94' title='bbox 91 1480 182 1511; x_wconf 87' lang='lat' dir='ltr'><strong>tauri</strong></span> <span class='ocrx_word' id='word_1_95' title='bbox 215 1479 248 1512; x_wconf 90' lang='lat' dir='ltr'><strong>ei</strong></span> <span class='ocrx_word' id='word_1_96' title='bbox 277 1479 536 1512; x_wconf 84' lang='lat' dir='ltr'><strong>adblandientis</strong></span> <span class='ocrx_word' id='word_1_97' title='bbox 564 1481 723 1522; x_wconf 89' lang='lat' dir='ltr'><strong>speciem</strong></span> <span class='ocrx_word' id='word_1_98' title='bbox 750 1481 785 1512; x_wconf 92' lang='lat' dir='ltr'><strong>in</strong></span> 
     </span>
     <span class='ocr_line' id='line_1_21' title="bbox 90 1527 786 1562; baseline 0.003 -2"><span class='ocrx_word' id='word_1_99' title='bbox 90 1527 256 1561; x_wconf 77' lang='lat' dir='ltr'><strong>fraudem</strong></span> <span class='ocrx_word' id='word_1_100' title='bbox 281 1528 424 1561; x_wconf 86' lang='lat' dir='ltr'><strong>inducta</strong></span> <span class='ocrx_word' id='word_1_101' title='bbox 452 1530 489 1560; x_wconf 91' lang='lat' dir='ltr'><strong>et</strong></span> <span class='ocrx_word' id='word_1_102' title='bbox 510 1537 651 1561; x_wconf 92' lang='lat' dir='ltr'><strong>summo</strong></span> <span class='ocrx_word' id='word_1_103' title='bbox 678 1529 786 1562; x_wconf 90' lang='lat' dir='ltr'><strong>animi</strong></span> 
     </span>
     <span class='ocr_line' id='line_1_22' title="bbox 91 1578 787 1619; baseline 0.001 -10"><span class='ocrx_word' id='word_1_104' title='bbox 91 1586 223 1618; x_wconf 86' lang='lat' dir='ltr'><strong>angore</strong></span> <span class='ocrx_word' id='word_1_105' title='bbox 238 1585 410 1619; x_wconf 87' lang='lat' dir='ltr'><strong>oppressa</strong></span> <span class='ocrx_word' id='word_1_106' title='bbox 425 1579 495 1618; x_wconf 88' lang='lat' dir='ltr'><strong>est,</strong></span> <span class='ocrx_word' id='word_1_107' title='bbox 531 1578 646 1610; x_wconf 90' lang='lat' dir='ltr'><strong>donec</strong></span> <span class='ocrx_word' id='word_1_108' title='bbox 666 1578 787 1610; x_wconf 87' lang='lat' dir='ltr'><strong>Venus</strong></span> 
     </span>
     <span class='ocr_line' id='line_1_23' title="bbox 91 1625 783 1668; baseline 0 -10"><span class='ocrx_word' id='word_1_109' title='bbox 91 1634 173 1658; x_wconf 87' lang='lat' dir='ltr'><strong>eam</strong></span> <span class='ocrx_word' id='word_1_110' title='bbox 200 1625 455 1658; x_wconf 75' lang='lat' dir='ltr'><strong>consolaretur.</strong></span> <span class='ocrx_word' id='word_1_111' title='bbox 489 1627 542 1658; x_wconf 86' lang='lat' dir='ltr'><strong>lta</strong></span> <span class='ocrx_word' id='word_1_112' title='bbox 564 1628 604 1658; x_wconf 91' lang='lat' dir='ltr'><strong>tu</strong></span> <span class='ocrx_word' id='word_1_113' title='bbox 627 1635 783 1668; x_wconf 88' lang='lat' dir='ltr'><strong>quoque,</strong></span> 
     </span>
     <span class='ocr_line' id='line_1_24' title="bbox 91 1674 787 1717; baseline 0 -10"><span class='ocrx_word' id='word_1_114' title='bbox 91 1675 160 1707; x_wconf 86' lang='lat' dir='ltr'><strong>etsi</strong></span> <span class='ocrx_word' id='word_1_115' title='bbox 180 1674 330 1708; x_wconf 83' lang='lat' dir='ltr'><strong>fortasse</strong></span> <span class='ocrx_word' id='word_1_116' title='bbox 346 1684 499 1717; x_wconf 83' lang='lat' dir='ltr'><strong>prosper</strong></span> <span class='ocrx_word' id='word_1_117' title='bbox 513 1676 580 1708; x_wconf 87' lang='lat' dir='ltr'><strong>erit</strong></span> <span class='ocrx_word' id='word_1_118' title='bbox 593 1675 787 1717; x_wconf 77' lang='lat' dir='ltr'><strong>profectio-</strong></span> 
     </span>
     <span class='ocr_line' id='line_1_25' title="bbox 91 1724 787 1766; baseline 0 -10"><span class='ocrx_word' id='word_1_119' title='bbox 91 1724 147 1756; x_wconf 90' lang='lat' dir='ltr'><strong>nis</strong></span> <span class='ocrx_word' id='word_1_120' title='bbox 179 1725 262 1757; x_wconf 83' lang='lat' dir='ltr'><strong>tuae</strong></span> <span class='ocrx_word' id='word_1_121' title='bbox 296 1725 409 1757; x_wconf 84' lang='lat' dir='ltr'><strong>exitus</strong></span> <span class='ocrx_word' id='word_1_122' title='bbox 444 1724 492 1766; x_wconf 88' lang='lat' dir='ltr'><strong>(id</strong></span> <span class='ocrx_word' id='word_1_123' title='bbox 526 1725 624 1766; x_wconf 91' lang='lat' dir='ltr'><strong>quod</strong></span> <span class='ocrx_word' id='word_1_124' title='bbox 653 1724 716 1757; x_wconf 82' lang='lat' dir='ltr'><strong>tibi</strong></span> <span class='ocrx_word' id='word_1_125' title='bbox 743 1733 787 1756; x_wconf 83' lang='lat' dir='ltr'><strong>ex</strong></span> 
     </span>
     <span class='ocr_line' id='line_1_26' title="bbox 91 1773 787 1816; baseline 0 -11"><span class='ocrx_word' id='word_1_126' title='bbox 91 1773 210 1806; x_wconf 88' lang='lat' dir='ltr'><strong>animo</strong></span> <span class='ocrx_word' id='word_1_127' title='bbox 237 1773 357 1815; x_wconf 89' lang='lat' dir='ltr'><strong>opto),</strong></span> <span class='ocrx_word' id='word_1_128' title='bbox 390 1775 509 1806; x_wconf 90' lang='lat' dir='ltr'><strong>tamen</strong></span> <span class='ocrx_word' id='word_1_129' title='bbox 537 1774 567 1806; x_wconf 88' lang='lat' dir='ltr'><strong>si</strong></span> <span class='ocrx_word' id='word_1_130' title='bbox 588 1773 787 1816; x_wconf 85' lang='lat' dir='ltr'><strong>perstiteris</strong></span> 
     </span>
     <span class='ocr_line' id='line_1_27' title="bbox 91 1821 787 1865; baseline -0.001 -10"><span class='ocrx_word' id='word_1_131' title='bbox 91 1823 128 1855; x_wconf 91' lang='lat' dir='ltr'><strong>in</strong></span> <span class='ocrx_word' id='word_1_132' title='bbox 148 1822 274 1854; x_wconf 87' lang='lat' dir='ltr'><strong>itinere</strong></span> <span class='ocrx_word' id='word_1_133' title='bbox 297 1823 365 1856; x_wconf 85' lang='lat' dir='ltr'><strong>isto</strong></span> <span class='ocrx_word' id='word_1_134' title='bbox 387 1823 633 1865; x_wconf 90' lang='lat' dir='ltr'><strong>suscipiendo,</strong></span> <span class='ocrx_word' id='word_1_135' title='bbox 668 1821 787 1855; x_wconf 93' lang='lat' dir='ltr'><strong>multis</strong></span> 
     </span>
     <span class='ocr_line' id='line_1_28' title="bbox 91 1870 789 1913; baseline 0.001 -10"><span class='ocrx_word' id='word_1_136' title='bbox 91 1871 278 1904; x_wconf 87' lang='lat' dir='ltr'><strong>timoribus</strong></span> <span class='ocrx_word' id='word_1_137' title='bbox 299 1871 516 1913; x_wconf 69' lang='lat' dir='ltr'><strong>agitabere.»</strong></span> <span class='ocrx_word' id='word_1_138' title='bbox 539 1873 638 1904; x_wconf 87' lang='lat' dir='ltr'><strong>Hanc</strong></span> <span class='ocrx_word' id='word_1_139' title='bbox 652 1870 789 1913; x_wconf 85' lang='lat' dir='ltr'><strong>simpli-</strong></span> 
     </span>
     <span class='ocr_line' id='line_1_29' title="bbox 92 1921 785 1962; baseline 0 -10"><span class='ocrx_word' id='word_1_140' title='bbox 92 1921 271 1953; x_wconf 86' lang='lat' dir='ltr'><strong>cissimam</strong></span> <span class='ocrx_word' id='word_1_141' title='bbox 293 1922 468 1954; x_wconf 90' lang='lat' dir='ltr'><strong>rationem</strong></span> <span class='ocrx_word' id='word_1_142' title='bbox 489 1921 552 1954; x_wconf 87' lang='lat' dir='ltr'><strong>ubi</strong></span> <span class='ocrx_word' id='word_1_143' title='bbox 578 1929 785 1962; x_wconf 88' lang='lat' dir='ltr'><strong>sequamur,</strong></span> 
     </span>
     <span class='ocr_line' id='line_1_30' title="bbox 93 1969 789 2013; baseline -0.001 -11"><span class='ocrx_word' id='word_1_144' title='bbox 93 1969 177 2013; x_wconf 92' lang='lat' dir='ltr'><strong>nihil</strong></span> <span class='ocrx_word' id='word_1_145' title='bbox 199 1969 308 2002; x_wconf 89' lang='lat' dir='ltr'><strong>habet</strong></span> <span class='ocrx_word' id='word_1_146' title='bbox 322 1971 521 2007; x_wconf 82' lang='lat' dir='ltr'><strong>inconcinni</strong></span> <span class='ocrx_word' id='word_1_147' title='bbox 536 1970 702 2002; x_wconf 81' lang='lat' dir='ltr'><strong>carminis</strong></span> <span class='ocrx_word' id='word_1_148' title='bbox 718 1969 789 2002; x_wconf 76' lang='lat' dir='ltr'><strong>exi—&#39;</strong></span> 
     </span>
     <span class='ocr_line' id='line_1_31' title="bbox 92 2018 789 2061; baseline 0 -10"><span class='ocrx_word' id='word_1_149' title='bbox 92 2020 149 2051; x_wconf 88' lang='lat' dir='ltr'><strong>tus</strong></span> <span class='ocrx_word' id='word_1_150' title='bbox 169 2027 287 2060; x_wconf 90' lang='lat' dir='ltr'><strong>neque</strong></span> <span class='ocrx_word' id='word_1_151' title='bbox 307 2019 453 2051; x_wconf 83' lang='lat' dir='ltr'><strong>exordio</strong></span> <span class='ocrx_word' id='word_1_152' title='bbox 475 2020 661 2061; x_wconf 87' lang='lat' dir='ltr'><strong>repugnat.</strong></span> <span class='ocrx_word' id='word_1_153' title='bbox 695 2018 789 2052; x_wconf 85' lang='lat' dir='ltr'><strong>Ube-</strong></span> 
     </span>
     <span class='ocr_line' id='line_1_32' title="bbox 92 2067 790 2109; baseline -0.001 -10"><span class='ocrx_word' id='word_1_154' title='bbox 92 2068 169 2100; x_wconf 89' lang='lat' dir='ltr'><strong>rior</strong></span> <span class='ocrx_word' id='word_1_155' title='bbox 182 2069 303 2100; x_wconf 86' lang='lat' dir='ltr'><strong>autem</strong></span> <span class='ocrx_word' id='word_1_156' title='bbox 325 2067 465 2100; x_wconf 82' lang='lat' dir='ltr'><strong>fabulae</strong></span> <span class='ocrx_word' id='word_1_157' title='bbox 488 2068 534 2100; x_wconf 87' lang='lat' dir='ltr'><strong>de</strong></span> <span class='ocrx_word' id='word_1_158' title='bbox 549 2068 712 2109; x_wconf 88' lang='lat' dir='ltr'><strong>Europae</strong></span> <span class='ocrx_word' id='word_1_159' title='bbox 730 2076 790 2099; x_wconf 83' lang='lat' dir='ltr'><strong>ex-</strong></span> 
     </span>
     <span class='ocr_line' id='line_1_33' title="bbox 93 2116 790 2159; baseline -0.001 -11"><span class='ocrx_word' id='word_1_160' title='bbox 93 2116 220 2158; x_wconf 90' lang='lat' dir='ltr'><strong>positio</strong></span> <span class='ocrx_word' id='word_1_161' title='bbox 237 2116 400 2149; x_wconf 85' lang='lat' dir='ltr'><strong>eiusdem</strong></span> <span class='ocrx_word' id='word_1_162' title='bbox 413 2125 563 2159; x_wconf 91' lang='lat' dir='ltr'><strong>prorsus</strong></span> <span class='ocrx_word' id='word_1_163' title='bbox 578 2117 719 2158; x_wconf 84' lang='lat' dir='ltr'><strong>generis</strong></span> <span class='ocrx_word' id='word_1_164' title='bbox 735 2116 790 2148; x_wconf 88' lang='lat' dir='ltr'><strong>est</strong></span> 
     </span>
     <span class='ocr_line' id='line_1_34' title="bbox 92 2165 790 2207; baseline -0.001 -10"><span class='ocrx_word' id='word_1_165' title='bbox 92 2166 199 2206; x_wconf 89' lang='lat' dir='ltr'><strong>atque</strong></span> <span class='ocrx_word' id='word_1_166' title='bbox 215 2165 279 2198; x_wconf 92' lang='lat' dir='ltr'><strong>Od.</strong></span> <span class='ocrx_word' id='word_1_167' title='bbox 296 2165 334 2205; x_wconf 88' lang='lat'><strong>3,</strong></span> <span class='ocrx_word' id='word_1_168' title='bbox 353 2166 389 2198; x_wconf 89' lang='lat'><strong>⁴⁴</strong></span> <span class='ocrx_word' id='word_1_169' title='bbox 405 2190 412 2206; x_wconf 97' lang='lat'><strong>,</strong></span> <span class='ocrx_word' id='word_1_170' title='bbox 430 2165 484 2197; x_wconf 88' lang='grc'><strong>33.</strong></span> <span class='ocrx_word' id='word_1_171' title='bbox 502 2166 547 2198; x_wconf 92' lang='lat' dir='ltr'><strong>de</strong></span> <span class='ocrx_word' id='word_1_172' title='bbox 563 2166 790 2207; x_wconf 87' lang='lat' dir='ltr'><strong>Hypermne—</strong></span> 
     </span>
     <span class='ocr_line' id='line_1_35' title="bbox 94 2214 789 2257; baseline -0.001 -10"><span class='ocrx_word' id='word_1_173' title='bbox 94 2216 168 2248; x_wconf 87' lang='lat' dir='ltr'><strong>stra</strong></span> <span class='ocrx_word' id='word_1_174' title='bbox 198 2215 371 2255; x_wconf 88' lang='lat' dir='ltr'><strong>narratio,</strong></span> <span class='ocrx_word' id='word_1_175' title='bbox 408 2224 560 2257; x_wconf 87' lang='lat' dir='ltr'><strong>quarum</strong></span> <span class='ocrx_word' id='word_1_176' title='bbox 588 2217 715 2248; x_wconf 90' lang='lat' dir='ltr'><strong>neutra</strong></span> <span class='ocrx_word' id='word_1_177' title='bbox 743 2214 789 2247; x_wconf 92' lang='lat' dir='ltr'><strong>ad</strong></span> 
     </span>
     <span class='ocr_line' id='line_1_36' title="bbox 94 2264 792 2307; baseline 0 -11"><span class='ocrx_word' id='word_1_178' title='bbox 94 2264 262 2297; x_wconf 85' lang='lat' dir='ltr'><strong>carminis</strong></span> <span class='ocrx_word' id='word_1_179' title='bbox 276 2264 413 2297; x_wconf 90' lang='lat' dir='ltr'><strong>initium</strong></span> <span class='ocrx_word' id='word_1_180' title='bbox 428 2266 464 2297; x_wconf 85' lang='lat' dir='ltr'><strong>et</strong></span> <span class='ocrx_word' id='word_1_181' title='bbox 482 2265 692 2307; x_wconf 87' lang='lat' dir='ltr'><strong>primarium</strong></span> <span class='ocrx_word' id='word_1_182' title='bbox 708 2272 792 2296; x_wconf 87' lang='lat' dir='ltr'><strong>con-</strong></span> 
     </span>
     <span class='ocr_line' id='line_1_37' title="bbox 95 2311 790 2354; baseline -0.003 -8"><span class='ocrx_word' id='word_1_183' title='bbox 95 2311 212 2346; x_wconf 88' lang='lat' dir='ltr'><strong>silium</strong></span> <span class='ocrx_word' id='word_1_184' title='bbox 233 2313 451 2354; x_wconf 86' lang='lat' dir='ltr'><strong>regreditur,</strong></span> <span class='ocrx_word' id='word_1_185' title='bbox 484 2314 550 2346; x_wconf 92' lang='lat' dir='ltr'><strong>sed</strong></span> <span class='ocrx_word' id='word_1_186' title='bbox 578 2314 613 2345; x_wconf 91' lang='lat' dir='ltr'><strong>in</strong></span> <span class='ocrx_word' id='word_1_187' title='bbox 639 2312 790 2345; x_wconf 87' lang='lat' dir='ltr'><strong>liberam</strong></span> 
     </span>
     <span class='ocr_line' id='line_1_38' title="bbox 95 2359 792 2405; baseline -0.001 -11"><span class='ocrx_word' id='word_1_188' title='bbox 95 2362 313 2402; x_wconf 76' lang='grc' dir='ltr'><strong><em>φαντασίαν</em></strong></span> <span class='ocrx_word' id='word_1_189' title='bbox 335 2371 355 2394; x_wconf 90' lang='lat' dir='ltr'><strong>a</strong></span> <span class='ocrx_word' id='word_1_190' title='bbox 378 2359 491 2405; x_wconf 76' lang='grc' dir='ltr'>μύθῳ</span> <span class='ocrx_word' id='word_1_191' title='bbox 514 2362 631 2404; x_wconf 89' lang='lat' dir='ltr'><strong>aliquo</strong></span> <span class='ocrx_word' id='word_1_192' title='bbox 663 2362 792 2394; x_wconf 83' lang='lat' dir='ltr'><strong>excita-</strong></span> 
     </span>
     <span class='ocr_line' id='line_1_39' title="bbox 97 2410 790 2452; baseline -0.003 -8"><span class='ocrx_word' id='word_1_193' title='bbox 97 2413 182 2450; x_wconf 83' lang='lat' dir='ltr'><strong>tam,</strong></span> <span class='ocrx_word' id='word_1_194' title='bbox 207 2411 289 2444; x_wconf 89' lang='lat' dir='ltr'><strong>alibi</strong></span> <span class='ocrx_word' id='word_1_195' title='bbox 304 2412 411 2444; x_wconf 89' lang='lat' dir='ltr'><strong>etiam</strong></span> <span class='ocrx_word' id='word_1_196' title='bbox 432 2411 478 2444; x_wconf 90' lang='lat' dir='ltr'><strong>ab</strong></span> <span class='ocrx_word' id='word_1_197' title='bbox 499 2412 645 2444; x_wconf 87' lang='lat' dir='ltr'><strong>historia</strong></span> <span class='ocrx_word' id='word_1_198' title='bbox 661 2410 790 2452; x_wconf 89' lang='lat' dir='ltr'><strong>aliqua,</strong></span> 
     </span>
     <span class='ocr_line' id='line_1_40' title="bbox 95 2459 791 2501; baseline 0 -9"><span class='ocrx_word' id='word_1_199' title='bbox 95 2461 135 2492; x_wconf 85' lang='lat' dir='ltr'><strong>ut</strong></span> <span class='ocrx_word' id='word_1_200' title='bbox 149 2459 270 2501; x_wconf 85' lang='lat' dir='ltr'><strong>Reguli</strong></span> <span class='ocrx_word' id='word_1_201' title='bbox 285 2461 349 2493; x_wconf 93' lang='lat' dir='ltr'><strong>Od.</strong></span> <span class='ocrx_word' id='word_1_202' title='bbox 368 2460 406 2500; x_wconf 90' lang='lat'><strong>3,</strong></span> <span class='ocrx_word' id='word_1_203' title='bbox 425 2462 458 2499; x_wconf 89' lang='lat'><strong>5,</strong></span> <span class='ocrx_word' id='word_1_204' title='bbox 476 2460 543 2499; x_wconf 88' lang='lat'><strong>⁴3.,</strong></span> <span class='ocrx_word' id='word_1_205' title='bbox 569 2461 667 2492; x_wconf 88' lang='lat' dir='ltr'><strong>cuius</strong></span> <span class='ocrx_word' id='word_1_206' title='bbox 679 2459 791 2493; x_wconf 90' lang='lat' dir='ltr'><strong>simil—</strong></span> 
     </span>
     <span class='ocr_line' id='line_1_41' title="bbox 96 2508 792 2551; baseline 0 -10"><span class='ocrx_word' id='word_1_207' title='bbox 96 2508 179 2541; x_wconf 89' lang='lat' dir='ltr'><strong>lima</strong></span> <span class='ocrx_word' id='word_1_208' title='bbox 194 2511 249 2541; x_wconf 93' lang='lat' dir='ltr'><strong>est</strong></span> <span class='ocrx_word' id='word_1_209' title='bbox 264 2510 491 2551; x_wconf 88' lang='lat' dir='ltr'><strong>compositio,</strong></span> <span class='ocrx_word' id='word_1_210' title='bbox 517 2510 696 2551; x_wconf 86' lang='lat' dir='ltr'><strong>evagatur.</strong></span> <span class='ocrx_word' id='word_1_211' title='bbox 729 2510 792 2542; x_wconf 90' lang='lat' dir='ltr'><strong>Ta-</strong></span> 
     </span>
     <span class='ocr_line' id='line_1_42' title="bbox 97 2558 791 2600; baseline 0.001 -10"><span class='ocrx_word' id='word_1_212' title='bbox 97 2558 139 2590; x_wconf 89' lang='lat' dir='ltr'><strong>lis</strong></span> <span class='ocrx_word' id='word_1_213' title='bbox 169 2559 289 2591; x_wconf 89' lang='lat' dir='ltr'><strong>autem</strong></span> <span class='ocrx_word' id='word_1_214' title='bbox 319 2559 433 2591; x_wconf 77' lang='lat' dir='ltr'><strong>exitus</strong></span> <span class='ocrx_word' id='word_1_215' title='bbox 464 2567 555 2598; x_wconf 91' lang='lat' dir='ltr'><strong>non,</strong></span> <span class='ocrx_word' id='word_1_216' title='bbox 585 2561 624 2591; x_wconf 92' lang='lat' dir='ltr'><strong>ut</strong></span> <span class='ocrx_word' id='word_1_217' title='bbox 646 2559 791 2600; x_wconf 85' lang='lat' dir='ltr'><strong>quidam</strong></span> 
     </span>
     <span class='ocr_line' id='line_1_43' title="bbox 98 2606 790 2651; baseline 0.001 -11"><span class='ocrx_word' id='word_1_218' title='bbox 98 2607 309 2649; x_wconf 85' lang='lat' dir='ltr'><strong>interpretes</strong></span> <span class='ocrx_word' id='word_1_219' title='bbox 323 2606 459 2648; x_wconf 86' lang='lat' dir='ltr'><strong>volunt,</strong></span> <span class='ocrx_word' id='word_1_220' title='bbox 485 2616 606 2641; x_wconf 85' lang='lat' dir='ltr'><strong>merus</strong></span> <span class='ocrx_word' id='word_1_221' title='bbox 622 2616 663 2641; x_wconf 89' lang='lat' dir='ltr'><strong>ac</strong></span> <span class='ocrx_word' id='word_1_222' title='bbox 678 2617 790 2651; x_wconf 87' lang='lat' dir='ltr'><strong>prope</strong></span> 
     </span>
    </p>
   </div>
   <div class='ocr_carea' id='block_1_8' title="bbox 834 842 1539 2652">
    <p class='ocr_par' dir='ltr' id='par_1_8' title="bbox 834 842 1538 1916">
     <span class='ocr_line' id='line_1_44' title="bbox 837 842 1536 885; baseline 0.003 -11"><span class='ocrx_word' id='word_1_223' title='bbox 837 842 1118 884; x_wconf 89' lang='lat' dir='ltr'><strong>reprehensione</strong></span> <span class='ocrx_word' id='word_1_224' title='bbox 1149 843 1277 885; x_wconf 87' lang='lat' dir='ltr'><strong>dignus</strong></span> <span class='ocrx_word' id='word_1_225' title='bbox 1305 845 1361 876; x_wconf 84' lang='lat' dir='ltr'><strong>est</strong></span> <span class='ocrx_word' id='word_1_226' title='bbox 1388 846 1536 876; x_wconf 86' lang='lat' dir='ltr'><strong>ornatus</strong></span> 
     </span>
     <span class='ocr_line' id='line_1_45' title="bbox 837 892 1534 934; baseline 0.004 -11"><span class='ocrx_word' id='word_1_227' title='bbox 837 892 1017 933; x_wconf 74' lang='lat' dir='ltr'><strong>poeticus,</strong></span> <span class='ocrx_word' id='word_1_228' title='bbox 1043 892 1110 925; x_wconf 89' lang='lat' dir='ltr'><strong>sed</strong></span> <span class='ocrx_word' id='word_1_229' title='bbox 1132 892 1179 925; x_wconf 90' lang='lat' dir='ltr'><strong>ad</strong></span> <span class='ocrx_word' id='word_1_230' title='bbox 1201 893 1277 934; x_wconf 87' lang='lat' dir='ltr'><strong>ipsa</strong></span> <span class='ocrx_word' id='word_1_231' title='bbox 1299 893 1385 926; x_wconf 85' lang='lat' dir='ltr'><strong>artis</strong></span> <span class='ocrx_word' id='word_1_232' title='bbox 1405 902 1534 926; x_wconf 87' lang='lat' dir='ltr'><strong>arcana</strong></span> 
     </span>
     <span class='ocr_line' id='line_1_46' title="bbox 838 941 1535 984; baseline 0.003 -11"><span class='ocrx_word' id='word_1_233' title='bbox 838 941 964 973; x_wconf 80' lang='lat' dir='ltr'><strong>referri</strong></span> <span class='ocrx_word' id='word_1_234' title='bbox 988 941 1116 982; x_wconf 86' lang='lat' dir='ltr'><strong>debet,</strong></span> <span class='ocrx_word' id='word_1_235' title='bbox 1153 942 1283 983; x_wconf 86' lang='lat' dir='ltr'><strong>quibus</strong></span> <span class='ocrx_word' id='word_1_236' title='bbox 1303 943 1444 984; x_wconf 87' lang='lat' dir='ltr'><strong>penitus</strong></span> <span class='ocrx_word' id='word_1_237' title='bbox 1467 944 1535 976; x_wconf 89' lang='lat' dir='ltr'><strong>ini-</strong></span> 
     </span>
     <span class='ocr_line' id='line_1_47' title="bbox 839 991 1532 1025; baseline 0.004 -3"><span class='ocrx_word' id='word_1_238' title='bbox 839 991 942 1023; x_wconf 87' lang='lat' dir='ltr'><strong>tiatus</strong></span> <span class='ocrx_word' id='word_1_239' title='bbox 980 993 1058 1023; x_wconf 85' lang='lat' dir='ltr'><strong>erat</strong></span> <span class='ocrx_word' id='word_1_240' title='bbox 1102 992 1210 1024; x_wconf 90' lang='lat' dir='ltr'><strong>etiam</strong></span> <span class='ocrx_word' id='word_1_241' title='bbox 1253 991 1361 1025; x_wconf 86' lang='lat' dir='ltr'><strong>Balde</strong></span> <span class='ocrx_word' id='word_1_242' title='bbox 1400 994 1532 1025; x_wconf 90' lang='lat' dir='ltr'><strong>noster.</strong></span> 
     </span>
     <span class='ocr_line' id='line_1_48' title="bbox 837 1039 1537 1084; baseline 0.004 -12"><span class='ocrx_word' id='word_1_243' title='bbox 837 1039 1048 1082; x_wconf 77' lang='lat' dir='ltr'><strong>Exemplum</strong></span> <span class='ocrx_word' id='word_1_244' title='bbox 1086 1043 1164 1074; x_wconf 90' lang='lat' dir='ltr'><strong>esto</strong></span> <span class='ocrx_word' id='word_1_245' title='bbox 1201 1042 1294 1081; x_wconf 72' lang='lat' dir='ltr'><strong>Lyra</strong></span> <span class='ocrx_word' id='word_1_246' title='bbox 1326 1042 1537 1084; x_wconf 69' lang='lat' dir='ltr'><strong>Pymaqorae</strong></span> 
     </span>
     <span class='ocr_line' id='line_1_49' title="bbox 836 1090 1533 1132; baseline 0.003 -11"><span class='ocrx_word' id='word_1_247' title='bbox 836 1090 952 1130; x_wconf 82' lang='lat' dir='ltr'><strong>Lyric.</strong></span> <span class='ocrx_word' id='word_1_248' title='bbox 977 1090 1019 1128; x_wconf 77' lang='lat'><strong>2,</strong></span> <span class='ocrx_word' id='word_1_249' title='bbox 1042 1090 1097 1122; x_wconf 77' lang='lat'><strong>2⁴.</strong></span> <span class='ocrx_word' id='word_1_250' title='bbox 1123 1091 1211 1132; x_wconf 92' lang='lat' dir='ltr'><strong>Opp.</strong></span> <span class='ocrx_word' id='word_1_251' title='bbox 1237 1091 1412 1123; x_wconf 81' lang='lat' dir='ltr'><strong>Monachii</strong></span> <span class='ocrx_word' id='word_1_252' title='bbox 1434 1091 1533 1124; x_wconf 74' lang='lat'><strong>⁴729.</strong></span> 
     </span>
     <span class='ocr_line' id='line_1_50' title="bbox 836 1138 1532 1180; baseline 0.003 -10"><span class='ocrx_word' id='word_1_253' title='bbox 836 1140 873 1171; x_wconf 92' lang='lat' dir='ltr'><strong>T.</strong></span> <span class='ocrx_word' id='word_1_254' title='bbox 891 1139 917 1170; x_wconf 91' lang='lat'><strong>1.</strong></span> <span class='ocrx_word' id='word_1_255' title='bbox 942 1147 978 1180; x_wconf 92' lang='lat' dir='ltr'><strong>p.</strong></span> <span class='ocrx_word' id='word_1_256' title='bbox 1003 1138 1057 1171; x_wconf 77' lang='lat'><strong>82.</strong></span> <span class='ocrx_word' id='word_1_257' title='bbox 1094 1138 1305 1172; x_wconf 87' lang='lat' dir='ltr'><strong>Incredibile</strong></span> <span class='ocrx_word' id='word_1_258' title='bbox 1329 1141 1451 1172; x_wconf 87' lang='lat' dir='ltr'><strong>autem</strong></span> <span class='ocrx_word' id='word_1_259' title='bbox 1466 1142 1532 1178; x_wconf 78' lang='lat' dir='ltr'><strong>est,</strong></span> 
     </span>
     <span class='ocr_line' id='line_1_51' title="bbox 837 1188 1536 1229; baseline 0.004 -10"><span class='ocrx_word' id='word_1_260' title='bbox 837 1196 926 1229; x_wconf 89' lang='lat' dir='ltr'><strong>quas</strong></span> <span class='ocrx_word' id='word_1_261' title='bbox 948 1188 983 1219; x_wconf 91' lang='lat' dir='ltr'><strong>in</strong></span> <span class='ocrx_word' id='word_1_262' title='bbox 1006 1188 1114 1220; x_wconf 86' lang='lat' dir='ltr'><strong>tricas</strong></span> <span class='ocrx_word' id='word_1_263' title='bbox 1137 1197 1219 1221; x_wconf 89' lang='lat' dir='ltr'><strong>sese</strong></span> <span class='ocrx_word' id='word_1_264' title='bbox 1243 1189 1462 1222; x_wconf 90' lang='lat' dir='ltr'><strong>coniecerint</strong></span> <span class='ocrx_word' id='word_1_265' title='bbox 1476 1191 1536 1221; x_wconf 88' lang='lat' dir='ltr'><strong>In-</strong></span> 
     </span>
     <span class='ocr_line' id='line_1_52' title="bbox 837 1237 1534 1279; baseline 0.001 -10"><span class='ocrx_word' id='word_1_266' title='bbox 837 1238 1027 1279; x_wconf 82' lang='lat' dir='ltr'><strong>terpretes.</strong></span> <span class='ocrx_word' id='word_1_267' title='bbox 1054 1238 1156 1276; x_wconf 89' lang='lat' dir='ltr'><strong>Quid,</strong></span> <span class='ocrx_word' id='word_1_268' title='bbox 1175 1238 1271 1279; x_wconf 91' lang='lat' dir='ltr'><strong>quod</strong></span> <span class='ocrx_word' id='word_1_269' title='bbox 1283 1238 1318 1270; x_wconf 84' lang='lat' dir='ltr'><strong>F.</strong></span> <span class='ocrx_word' id='word_1_270' title='bbox 1331 1239 1372 1270; x_wconf 98' lang='lat' dir='ltr'><strong>A.</strong></span> <span class='ocrx_word' id='word_1_271' title='bbox 1387 1237 1534 1270; x_wconf 88' lang='lat' dir='ltr'><strong>Schulze</strong></span> 
     </span>
     <span class='ocr_line' id='line_1_53' title="bbox 836 1286 1536 1328; baseline 0.001 -10"><span class='ocrx_word' id='word_1_272' title='bbox 836 1295 880 1318; x_wconf 89' lang='lat' dir='ltr'><strong>eo</strong></span> <span class='ocrx_word' id='word_1_273' title='bbox 904 1294 1020 1327; x_wconf 88' lang='lat' dir='ltr'><strong>usque</strong></span> <span class='ocrx_word' id='word_1_274' title='bbox 1042 1295 1255 1328; x_wconf 86' lang='lat' dir='ltr'><strong>progressus</strong></span> <span class='ocrx_word' id='word_1_275' title='bbox 1278 1289 1345 1327; x_wconf 87' lang='lat' dir='ltr'><strong>est,</strong></span> <span class='ocrx_word' id='word_1_276' title='bbox 1370 1290 1410 1319; x_wconf 90' lang='lat' dir='ltr'><strong>ut</strong></span> <span class='ocrx_word' id='word_1_277' title='bbox 1432 1286 1536 1320; x_wconf 89' lang='lat' dir='ltr'><strong>Gala-</strong></span> 
     </span>
     <span class='ocr_line' id='line_1_54' title="bbox 836 1334 1535 1377; baseline 0.003 -11"><span class='ocrx_word' id='word_1_278' title='bbox 836 1337 931 1367; x_wconf 88' lang='lat' dir='ltr'><strong>team</strong></span> <span class='ocrx_word' id='word_1_279' title='bbox 954 1343 1021 1376; x_wconf 89' lang='lat' dir='ltr'><strong>pro</strong></span> <span class='ocrx_word' id='word_1_280' title='bbox 1037 1334 1165 1367; x_wconf 78' lang='lat' dir='ltr'><strong>infelici</strong></span> <span class='ocrx_word' id='word_1_281' title='bbox 1181 1334 1299 1377; x_wconf 87' lang='lat' dir='ltr'><strong>puella</strong></span> <span class='ocrx_word' id='word_1_282' title='bbox 1315 1335 1360 1367; x_wconf 89' lang='lat' dir='ltr'><strong>ab</strong></span> <span class='ocrx_word' id='word_1_283' title='bbox 1377 1338 1535 1377; x_wconf 86' lang='lat' dir='ltr'><strong>Augusto</strong></span> 
     </span>
     <span class='ocr_line' id='line_1_55' title="bbox 835 1383 1533 1425; baseline 0.001 -9"><span class='ocrx_word' id='word_1_284' title='bbox 835 1386 935 1425; x_wconf 87' lang='lat' dir='ltr'><strong>rapta</strong></span> <span class='ocrx_word' id='word_1_285' title='bbox 957 1383 1015 1416; x_wconf 77' lang='lat' dir='ltr'><strong>vel</strong></span> <span class='ocrx_word' id='word_1_286' title='bbox 1044 1385 1193 1416; x_wconf 89' lang='lat' dir='ltr'><strong>Romam</strong></span> <span class='ocrx_word' id='word_1_287' title='bbox 1217 1383 1342 1417; x_wconf 88' lang='lat' dir='ltr'><strong>allecta</strong></span> <span class='ocrx_word' id='word_1_288' title='bbox 1364 1384 1533 1423; x_wconf 88' lang='lat' dir='ltr'><strong>haberet,</strong></span> 
     </span>
     <span class='ocr_line' id='line_1_56' title="bbox 836 1433 1537 1475; baseline 0.003 -11"><span class='ocrx_word' id='word_1_289' title='bbox 836 1441 946 1475; x_wconf 85' lang='lat' dir='ltr'><strong>quam</strong></span> <span class='ocrx_word' id='word_1_290' title='bbox 969 1433 1005 1465; x_wconf 90' lang='lat' dir='ltr'><strong>in</strong></span> <span class='ocrx_word' id='word_1_291' title='bbox 1026 1434 1179 1475; x_wconf 90' lang='lat' dir='ltr'><strong>patriam</strong></span> <span class='ocrx_word' id='word_1_292' title='bbox 1194 1433 1313 1466; x_wconf 88' lang='lat' dir='ltr'><strong>redire</strong></span> <span class='ocrx_word' id='word_1_293' title='bbox 1329 1434 1460 1467; x_wconf 89' lang='lat' dir='ltr'><strong>misere</strong></span> <span class='ocrx_word' id='word_1_294' title='bbox 1476 1443 1537 1466; x_wconf 89' lang='lat' dir='ltr'><strong>cu-</strong></span> 
     </span>
     <span class='ocr_line' id='line_1_57' title="bbox 836 1482 1534 1524; baseline 0.001 -10"><span class='ocrx_word' id='word_1_295' title='bbox 836 1483 995 1524; x_wconf 90' lang='lat' dir='ltr'><strong>pientem</strong></span> <span class='ocrx_word' id='word_1_296' title='bbox 1018 1483 1133 1515; x_wconf 88' lang='lat' dir='ltr'><strong>amieo</strong></span> <span class='ocrx_word' id='word_1_297' title='bbox 1155 1482 1352 1515; x_wconf 83' lang='lat' dir='ltr'><strong>velificatus</strong></span> <span class='ocrx_word' id='word_1_298' title='bbox 1388 1483 1423 1515; x_wconf 90' lang='lat' dir='ltr'><strong>in</strong></span> <span class='ocrx_word' id='word_1_299' title='bbox 1442 1483 1534 1518; x_wconf 87' lang='lat' dir='ltr'><strong>Urbe</strong></span> 
     </span>
     <span class='ocr_line' id='line_1_58' title="bbox 835 1531 1536 1574; baseline 0.003 -11"><span class='ocrx_word' id='word_1_300' title='bbox 835 1531 991 1563; x_wconf 89' lang='lat' dir='ltr'><strong>retinere</strong></span> <span class='ocrx_word' id='word_1_301' title='bbox 1014 1534 1121 1573; x_wconf 78' lang='lat' dir='ltr'><strong>poeta</strong></span> <span class='ocrx_word' id='word_1_302' title='bbox 1143 1533 1292 1564; x_wconf 85' lang='lat' dir='ltr'><strong>conatus</strong></span> <span class='ocrx_word' id='word_1_303' title='bbox 1314 1533 1384 1564; x_wconf 80' lang='lat' dir='ltr'><strong>sit‘?</strong></span> <span class='ocrx_word' id='word_1_304' title='bbox 1412 1534 1536 1574; x_wconf 82' lang='lat' dir='ltr'><strong>Aeque</strong></span> 
     </span>
     <span class='ocr_line' id='line_1_59' title="bbox 834 1580 1533 1622; baseline 0.001 -10"><span class='ocrx_word' id='word_1_305' title='bbox 834 1589 925 1612; x_wconf 86' lang='lat' dir='ltr'><strong>vana</strong></span> <span class='ocrx_word' id='word_1_306' title='bbox 939 1581 995 1612; x_wconf 90' lang='lat' dir='ltr'><strong>est</strong></span> <span class='ocrx_word' id='word_1_307' title='bbox 1017 1580 1232 1613; x_wconf 79' lang='lat' dir='ltr'><strong>Grotefendii</strong></span> <span class='ocrx_word' id='word_1_308' title='bbox 1253 1581 1371 1622; x_wconf 90' lang='lat' dir='ltr'><strong>opinio</strong></span> <span class='ocrx_word' id='word_1_309' title='bbox 1398 1581 1533 1622; x_wconf 90' lang='lat' dir='ltr'><strong>(Philol.</strong></span> 
     </span>
     <span class='ocr_line' id='line_1_60' title="bbox 835 1629 1536 1671; baseline 0.001 -10"><span class='ocrx_word' id='word_1_310' title='bbox 835 1630 876 1662; x_wconf 88' lang='lat'><strong>11.</strong></span> <span class='ocrx_word' id='word_1_311' title='bbox 912 1630 945 1661; x_wconf 80' lang='lat'><strong>2.</strong></span> <span class='ocrx_word' id='word_1_312' title='bbox 979 1638 1016 1671; x_wconf 91' lang='lat' dir='ltr'><strong>p.</strong></span> <span class='ocrx_word' id='word_1_313' title='bbox 1053 1629 1144 1671; x_wconf 75' lang='lat'><strong>28⁴.)</strong></span> <span class='ocrx_word' id='word_1_314' title='bbox 1178 1629 1367 1670; x_wconf 84' lang='lat' dir='ltr'><strong>significari</strong></span> <span class='ocrx_word' id='word_1_315' title='bbox 1400 1630 1536 1662; x_wconf 88' lang='lat' dir='ltr'><strong>Aeliam</strong></span> 
     </span>
     <span class='ocr_line' id='line_1_61' title="bbox 837 1677 1537 1720; baseline 0.001 -10"><span class='ocrx_word' id='word_1_316' title='bbox 837 1677 971 1710; x_wconf 90' lang='lat' dir='ltr'><strong>Gallam</strong></span> <span class='ocrx_word' id='word_1_317' title='bbox 993 1687 1015 1710; x_wconf 93' lang='lat' dir='ltr'><strong>a</strong></span> <span class='ocrx_word' id='word_1_318' title='bbox 1037 1679 1222 1720; x_wconf 88' lang='lat' dir='ltr'><strong>Propertio</strong></span> <span class='ocrx_word' id='word_1_319' title='bbox 1244 1678 1283 1718; x_wconf 87' lang='lat'><strong>3,</strong></span> <span class='ocrx_word' id='word_1_320' title='bbox 1309 1679 1367 1718; x_wconf 76' lang='lat'><strong>⁴2,</strong></span> <span class='ocrx_word' id='word_1_321' title='bbox 1393 1679 1448 1711; x_wconf 86' lang='lat'><strong>38.</strong></span> <span class='ocrx_word' id='word_1_322' title='bbox 1474 1688 1537 1711; x_wconf 88' lang='lat' dir='ltr'><strong>cc-</strong></span> 
     </span>
     <span class='ocr_line' id='line_1_62' title="bbox 836 1727 1537 1766; baseline 0.001 -7"><span class='ocrx_word' id='word_1_323' title='bbox 836 1727 1023 1759; x_wconf 87' lang='lat' dir='ltr'><strong>lebratam.</strong></span> <span class='ocrx_word' id='word_1_324' title='bbox 1052 1746 1088 1750; x_wconf 85' lang='lat'><strong>—-</strong></span> <span class='ocrx_word' id='word_1_325' title='bbox 1107 1728 1256 1766; x_wconf 88' lang='lat' dir='ltr'><strong>Quando</strong></span> <span class='ocrx_word' id='word_1_326' title='bbox 1272 1736 1418 1760; x_wconf 86' lang='lat' dir='ltr'><strong>carmen</strong></span> <span class='ocrx_word' id='word_1_327' title='bbox 1434 1736 1537 1760; x_wconf 90' lang='lat' dir='ltr'><strong>com-</strong></span> 
     </span>
     <span class='ocr_line' id='line_1_63' title="bbox 836 1775 1538 1818; baseline 0.001 -10"><span class='ocrx_word' id='word_1_328' title='bbox 836 1777 992 1818; x_wconf 88' lang='lat' dir='ltr'><strong>positum</strong></span> <span class='ocrx_word' id='word_1_329' title='bbox 1014 1776 1076 1816; x_wconf 89' lang='lat' dir='ltr'><strong>sit,</strong></span> <span class='ocrx_word' id='word_1_330' title='bbox 1101 1785 1169 1808; x_wconf 88' lang='lat' dir='ltr'><strong>nos</strong></span> <span class='ocrx_word' id='word_1_331' title='bbox 1185 1775 1280 1808; x_wconf 90' lang='lat' dir='ltr'><strong>latet.</strong></span> <span class='ocrx_word' id='word_1_332' title='bbox 1305 1776 1467 1809; x_wconf 88' lang='lat' dir='ltr'><strong>Nonnulli</strong></span> <span class='ocrx_word' id='word_1_333' title='bbox 1480 1785 1538 1809; x_wconf 91' lang='lat' dir='ltr'><strong>re-</strong></span> 
     </span>
     <span class='ocr_line' id='line_1_64' title="bbox 837 1825 1535 1866; baseline 0 -8"><span class='ocrx_word' id='word_1_334' title='bbox 837 1826 955 1858; x_wconf 77' lang='lat' dir='ltr'><strong>ferunt</strong></span> <span class='ocrx_word' id='word_1_335' title='bbox 970 1825 1016 1857; x_wconf 93' lang='lat' dir='ltr'><strong>ad</strong></span> <span class='ocrx_word' id='word_1_336' title='bbox 1031 1834 1063 1857; x_wconf 88' lang='lat' dir='ltr'><strong>a.</strong></span> <span class='ocrx_word' id='word_1_337' title='bbox 1082 1825 1158 1857; x_wconf 87' lang='lat'><strong>733.</strong></span> <span class='ocrx_word' id='word_1_338' title='bbox 1182 1825 1320 1865; x_wconf 90' lang='lat' dir='ltr'><strong>(Similis</strong></span> <span class='ocrx_word' id='word_1_339' title='bbox 1336 1827 1535 1866; x_wconf 86' lang='lat' dir='ltr'><strong>argumenti</strong></span> 
     </span>
     <span class='ocr_line' id='line_1_65' title="bbox 838 1874 1533 1916; baseline 0 -9"><span class='ocrx_word' id='word_1_340' title='bbox 838 1876 895 1908; x_wconf 89' lang='lat' dir='ltr'><strong>est</strong></span> <span class='ocrx_word' id='word_1_341' title='bbox 919 1874 1091 1916; x_wconf 88' lang='lat' dir='ltr'><strong>Propertii</strong></span> <span class='ocrx_word' id='word_1_342' title='bbox 1123 1874 1160 1913; x_wconf 94' lang='lat'><strong>⁴,</strong></span> <span class='ocrx_word' id='word_1_343' title='bbox 1192 1874 1224 1906; x_wconf 91' lang='lat'><strong>8.</strong></span> <span class='ocrx_word' id='word_1_344' title='bbox 1259 1876 1295 1906; x_wconf 91' lang='lat' dir='ltr'><strong>et</strong></span> <span class='ocrx_word' id='word_1_345' title='bbox 1324 1874 1424 1906; x_wconf 88' lang='lat' dir='ltr'><strong>ovid.</strong></span> <span class='ocrx_word' id='word_1_346' title='bbox 1454 1875 1533 1907; x_wconf 86' lang='lat' dir='ltr'><strong>Am.</strong></span> 
     </span>
    </p>

    <p class='ocr_par' dir='ltr' id='par_1_9' title="bbox 838 1970 1539 2652">
     <span class='ocr_line' id='line_1_66' title="bbox 882 1970 1534 2014; baseline 0 -9"><span class='ocrx_word' id='word_1_347' title='bbox 882 1974 914 2005; x_wconf 90' lang='lat'><strong>⁴.</strong></span> <span class='ocrx_word' id='word_1_348' title='bbox 932 1973 965 2004; x_wconf 76' lang='lat'><strong>2.</strong></span> <span class='ocrx_word' id='word_1_349' title='bbox 989 1971 1122 2013; x_wconf 77' lang='lat' dir='ltr'><strong>Impios]</strong></span> <span class='ocrx_word' id='word_1_350' title='bbox 1146 1970 1239 2003; x_wconf 86' lang='lat' dir='ltr'><strong>Talia</strong></span> <span class='ocrx_word' id='word_1_351' title='bbox 1255 1972 1393 2012; x_wconf 90' lang='lat' dir='ltr'><strong>omina,</strong></span> <span class='ocrx_word' id='word_1_352' title='bbox 1418 1971 1534 2014; x_wconf 86' lang='lat' dir='ltr'><strong>qualia</strong></span> 
     </span>
     <span class='ocr_line' id='line_1_67' title="bbox 838 2020 1532 2061; baseline -0.001 -6"><span class='ocrx_word' id='word_1_353' title='bbox 838 2023 896 2055; x_wconf 88' lang='lat' dir='ltr'><strong>hic</strong></span> <span class='ocrx_word' id='word_1_354' title='bbox 917 2022 1179 2059; x_wconf 88' lang='lat' dir='ltr'><strong>memorantur,</strong></span> <span class='ocrx_word' id='word_1_355' title='bbox 1202 2020 1400 2061; x_wconf 83' lang='lat' dir='ltr'><strong>Aeschylus</strong></span> <span class='ocrx_word' id='word_1_356' title='bbox 1415 2023 1532 2054; x_wconf 90' lang='lat' dir='ltr'><strong>Prom.</strong></span> 
     </span>
     <span class='ocr_line' id='line_1_68' title="bbox 838 2067 1532 2111; baseline -0.001 -8"><span class='ocrx_word' id='word_1_357' title='bbox 838 2070 921 2104; x_wconf 77' lang='lat'><strong>487:</strong></span> <span class='ocrx_word' id='word_1_358' title='bbox 958 2067 1131 2109; x_wconf 82' lang='grc' dir='ltr'><strong><em>ἐνοδίους</em></strong></span> <span class='ocrx_word' id='word_1_359' title='bbox 1163 2067 1387 2111; x_wconf 83' lang='grc' dir='ltr'><em>συμβόλους</em></span> <span class='ocrx_word' id='word_1_360' title='bbox 1416 2073 1532 2103; x_wconf 85' lang='lat' dir='ltr'><strong>vocat.</strong></span> 
     </span>
     <span class='ocr_line' id='line_1_69' title="bbox 841 2117 1534 2160; baseline 0.007 -13"><span class='ocrx_word' id='word_1_361' title='bbox 841 2137 878 2143; x_wconf 85' lang='lat'><strong>-.</strong></span> <span class='ocrx_word' id='word_1_362' title='bbox 898 2119 1037 2160; x_wconf 73' lang='lat' dir='ltr'><strong>«Impiis</strong></span> <span class='ocrx_word' id='word_1_363' title='bbox 1056 2117 1180 2159; x_wconf 87' lang='lat' dir='ltr'><strong>(qualis</strong></span> <span class='ocrx_word' id='word_1_364' title='bbox 1201 2120 1239 2150; x_wconf 88' lang='lat' dir='ltr'><strong>tu</strong></span> <span class='ocrx_word' id='word_1_365' title='bbox 1261 2120 1359 2150; x_wconf 87' lang='lat' dir='ltr'><strong>certe</strong></span> <span class='ocrx_word' id='word_1_366' title='bbox 1383 2127 1454 2151; x_wconf 92' lang='lat' dir='ltr'><strong>non</strong></span> <span class='ocrx_word' id='word_1_367' title='bbox 1478 2120 1534 2159; x_wconf 85' lang='lat' dir='ltr'><strong>es)</strong></span> 
     </span>
     <span class='ocr_line' id='line_1_70' title="bbox 838 2167 1539 2208; baseline 0 -8"><span class='ocrx_word' id='word_1_368' title='bbox 838 2168 1039 2200; x_wconf 88' lang='lat' dir='ltr'><strong>tristissima</strong></span> <span class='ocrx_word' id='word_1_369' title='bbox 1056 2167 1175 2199; x_wconf 89' lang='lat' dir='ltr'><strong>omina</strong></span> <span class='ocrx_word' id='word_1_370' title='bbox 1190 2167 1225 2199; x_wconf 89' lang='lat' dir='ltr'><strong>in</strong></span> <span class='ocrx_word' id='word_1_371' title='bbox 1239 2167 1458 2208; x_wconf 84' lang='lat' dir='ltr'><strong>profectione</strong></span> <span class='ocrx_word' id='word_1_372' title='bbox 1473 2168 1539 2200; x_wconf 86' lang='lat' dir='ltr'><strong>ob-</strong></span> 
     </span>
     <span class='ocr_line' id='line_1_71' title="bbox 838 2217 1536 2255; baseline 0 -5"><span class='ocrx_word' id='word_1_373' title='bbox 838 2218 997 2255; x_wconf 88' lang='lat' dir='ltr'><strong>veniant,</strong></span> <span class='ocrx_word' id='word_1_374' title='bbox 1034 2224 1102 2248; x_wconf 90' lang='lat' dir='ltr'><strong>nec</strong></span> <span class='ocrx_word' id='word_1_375' title='bbox 1128 2217 1250 2248; x_wconf 84' lang='lat' dir='ltr'><strong>tamen</strong></span> <span class='ocrx_word' id='word_1_376' title='bbox 1279 2224 1343 2248; x_wconf 92' lang='lat' dir='ltr'><strong>eos</strong></span> <span class='ocrx_word' id='word_1_377' title='bbox 1365 2219 1536 2250; x_wconf 87' lang='lat' dir='ltr'><strong>revocent</strong></span> 
     </span>
     <span class='ocr_line' id='line_1_72' title="bbox 839 2264 1535 2307; baseline 0.001 -9"><span class='ocrx_word' id='word_1_378' title='bbox 839 2266 885 2298; x_wconf 88' lang='lat' dir='ltr'><strong>ab</strong></span> <span class='ocrx_word' id='word_1_379' title='bbox 907 2266 1067 2307; x_wconf 89' lang='lat' dir='ltr'><strong>incepto,</strong></span> <span class='ocrx_word' id='word_1_380' title='bbox 1103 2264 1194 2297; x_wconf 91' lang='lat' dir='ltr'><strong>adeo</strong></span> <span class='ocrx_word' id='word_1_381' title='bbox 1216 2266 1256 2296; x_wconf 92' lang='lat' dir='ltr'><strong>ut</strong></span> <span class='ocrx_word' id='word_1_382' title='bbox 1282 2265 1317 2297; x_wconf 91' lang='lat' dir='ltr'><strong>in</strong></span> <span class='ocrx_word' id='word_1_383' title='bbox 1339 2266 1535 2307; x_wconf 84' lang='lat' dir='ltr'><strong>perniciem</strong></span> 
     </span>
     <span class='ocr_line' id='line_1_73' title="bbox 839 2313 1535 2356; baseline 0 -9"><span class='ocrx_word' id='word_1_384' title='bbox 839 2316 978 2347; x_wconf 77' lang='lat' dir='ltr'><strong>ruant.»</strong></span> <span class='ocrx_word' id='word_1_385' title='bbox 1015 2332 1051 2336; x_wconf 88' lang='lat'><em>-</em></span> <span class='ocrx_word' id='word_1_386' title='bbox 1083 2313 1230 2355; x_wconf 69' lang='lat' dir='ltr'><strong>parrae]</strong></span> <span class='ocrx_word' id='word_1_387' title='bbox 1263 2314 1535 2356; x_wconf 86' lang='lat' dir='ltr'><strong>Vanderburgio</strong></span> 
     </span>
     <span class='ocr_line' id='line_1_74' title="bbox 841 2363 1536 2405; baseline 0 -9"><span class='ocrx_word' id='word_1_388' title='bbox 841 2364 969 2396; x_wconf 90' lang='lat' dir='ltr'><strong>eadem</strong></span> <span class='ocrx_word' id='word_1_389' title='bbox 990 2363 1132 2395; x_wconf 86' lang='lat' dir='ltr'><strong>videtur</strong></span> <span class='ocrx_word' id='word_1_390' title='bbox 1152 2363 1245 2403; x_wconf 81' lang='lat' dir='ltr'><strong>avis,</strong></span> <span class='ocrx_word' id='word_1_391' title='bbox 1281 2372 1374 2405; x_wconf 86' lang='lat' dir='ltr'><strong>quae</strong></span> <span class='ocrx_word' id='word_1_392' title='bbox 1399 2364 1435 2396; x_wconf 94' lang='lat' dir='ltr'><strong>in</strong></span> <span class='ocrx_word' id='word_1_393' title='bbox 1458 2364 1536 2396; x_wconf 81' lang='lat' dir='ltr'><strong>dia·</strong></span> 
     </span>
     <span class='ocr_line' id='line_1_75' title="bbox 839 2412 1535 2454; baseline 0.001 -10"><span class='ocrx_word' id='word_1_394' title='bbox 839 2412 932 2444; x_wconf 88' lang='lat' dir='ltr'><strong>lecto</strong></span> <span class='ocrx_word' id='word_1_395' title='bbox 955 2412 1090 2445; x_wconf 86' lang='lat' dir='ltr'><strong>Veneta</strong></span> <span class='ocrx_word' id='word_1_396' title='bbox 1118 2420 1313 2452; x_wconf 71' lang='lat' dir='ltr'><strong>pan-azzo,</strong></span> <span class='ocrx_word' id='word_1_397' title='bbox 1349 2413 1384 2444; x_wconf 90' lang='lat' dir='ltr'><strong>in</strong></span> <span class='ocrx_word' id='word_1_398' title='bbox 1417 2412 1535 2454; x_wconf 88' lang='lat' dir='ltr'><strong>lingua</strong></span> 
     </span>
     <span class='ocr_line' id='line_1_76' title="bbox 840 2460 1533 2501; baseline 0 -8"><span class='ocrx_word' id='word_1_399' title='bbox 840 2460 956 2493; x_wconf 87' lang='lat' dir='ltr'><strong>Italica</strong></span> <span class='ocrx_word' id='word_1_400' title='bbox 994 2462 1174 2494; x_wconf 88' lang='lat' dir='ltr'><strong>communi</strong></span> <span class='ocrx_word' id='word_1_401' title='bbox 1210 2462 1331 2494; x_wconf 70' lang='lat' dir='ltr'><strong>civetw</strong></span> <span class='ocrx_word' id='word_1_402' title='bbox 1366 2463 1533 2501; x_wconf 82' lang='lat' dir='ltr'><strong>vocatur,</strong></span> 
     </span>
     <span class='ocr_line' id='line_1_77' title="bbox 842 2510 1536 2551; baseline -0.001 -8"><span class='ocrx_word' id='word_1_403' title='bbox 842 2510 935 2543; x_wconf 92' lang='lat' dir='ltr'><strong>ulula</strong></span> <span class='ocrx_word' id='word_1_404' title='bbox 957 2510 1180 2551; x_wconf 86' lang='lat' dir='ltr'><strong>flammeata,</strong></span> <span class='ocrx_word' id='word_1_405' title='bbox 1205 2510 1437 2550; x_wconf 73' lang='lat' dir='ltr'><strong>Schleiereule,</strong></span> <span class='ocrx_word' id='word_1_406' title='bbox 1461 2511 1536 2551; x_wconf 78' lang='lat' dir='ltr'><strong>l’ef-</strong></span> 
     </span>
     <span class='ocr_line' id='line_1_78' title="bbox 838 2558 1535 2601; baseline -0.001 -9"><span class='ocrx_word' id='word_1_407' title='bbox 838 2559 927 2601; x_wconf 64' lang='lat' dir='ltr'><strong>frate</strong></span> <span class='ocrx_word' id='word_1_408' title='bbox 959 2558 1016 2592; x_wconf 86' lang='lat' dir='ltr'><strong>vel</strong></span> <span class='ocrx_word' id='word_1_409' title='bbox 1037 2560 1231 2601; x_wconf 71' lang='lat' dir='ltr'><strong>l&#39;emosaie,</strong></span> <span class='ocrx_word' id='word_1_410' title='bbox 1267 2561 1366 2592; x_wconf 89' lang='lat' dir='ltr'><strong>cuius</strong></span> <span class='ocrx_word' id='word_1_411' title='bbox 1391 2560 1535 2592; x_wconf 88' lang='lat' dir='ltr'><strong>cantum</strong></span> 
     </span>
     <span class='ocr_line' id='line_1_79' title="bbox 841 2609 1537 2652; baseline -0.003 -10"><span class='ocrx_word' id='word_1_412' title='bbox 841 2610 1055 2643; x_wconf 82' lang='lat' dir='ltr'><strong>nocturnum</strong></span> <span class='ocrx_word' id='word_1_413' title='bbox 1076 2618 1143 2652; x_wconf 89' lang='lat' dir='ltr'><strong>pro</strong></span> <span class='ocrx_word' id='word_1_414' title='bbox 1166 2610 1290 2643; x_wconf 87' lang='lat' dir='ltr'><strong>mortis</strong></span> <span class='ocrx_word' id='word_1_415' title='bbox 1313 2610 1459 2652; x_wconf 86' lang='lat' dir='ltr'><strong>augurio</strong></span> <span class='ocrx_word' id='word_1_416' title='bbox 1475 2609 1537 2641; x_wconf 86' lang='lat' dir='ltr'><strong>ha-</strong></span> 
     </span>
    </p>
   </div>
  </div>
 </body>
</html>
