1722 2904
0 1559 6 1594 ζ
67 1555 137 1590 δέα
159 1557 285 1591 τέκνα.

582 39 661 72 Lm.
686 37 743 71 Ν.
790 38 828 71 C.
854 38 927 71 vu.

128 143 306 209 lnfernis
336 155 477 200 neque
507 141 622 186 enim
649 141 839 185 tenebris
872 142 1008 184 Diana
1037 141 1241 199 pudicum

297 221 470 266 Liberat
498 221 796 280 Hippolytum,

1431 39 1514 81 575

1458 144 1512 185 25

127 305 216 348 Nec
244 301 431 346 Lethaea
457 301 571 345 valet
599 301 790 346 Theseus
819 301 1077 359 abrumpere
1106 296 1207 345 caro

296 381 472 426 Vincula
500 381 700 425 Pirithoo.

71 583 190 616 neque
212 574 372 607 Theseus
387 574 541 606 amicum
565 581 689 606 secum
704 572 767 606 ab-

72 624 205 657 ducere
231 623 357 666 potuit.
395 622 466 655 Cfr.
490 623 587 655 Bach
615 623 661 655 ad
688 623 767 655 Cri-

70 674 156 706 tiam
179 681 217 715 p.
241 672 296 705 80.
353 673 451 711 Quae
479 671 592 705 forma
627 671 765 705 fabulae

71 731 155 756 cum
178 722 324 755 minime
348 722 523 763 repugnet
538 722 670 754 Horatii
684 730 768 753 con-

70 771 166 812 silio,
200 779 273 812 quo
294 770 514 803 demonstrat
535 779 653 811 neque
673 779 695 802 a
711 770 766 803 dis

68 821 156 863 ipsis
180 828 299 861 neque
325 819 371 852 ab
401 820 532 852 intimis
564 820 688 852 amicis
721 828 766 852 ex

70 870 161 903 oreo
193 869 356 902 revocari
389 877 607 910 quemquam
644 877 762 910 posse

71 919 216 951 minime
243 926 287 950 eo
326 917 568 958 confugiamus
606 919 762 959 oportet,

69 968 110 1000 ut
119 967 280 1000 dieamus
291 965 377 999 alios
389 967 537 999 fortasse
549 967 761 1006 narravisse,

70 1015 208 1058 alligato
235 1016 307 1048 iam
343 1024 455 1058 proco
475 1017 642 1057 protervo
670 1016 765 1048 The-

69 1073 173 1098 seum
193 1065 230 1098 in
245 1065 376 1098 Orcum
390 1064 620 1097 descendisse
637 1066 672 1097 et
686 1066 764 1096 tum

69 1113 219 1147 demum
239 1123 263 1146 a
282 1113 428 1147 Plutone
449 1113 598 1146 vinculis
613 1114 765 1147 constri-

69 1163 169 1196 ctum
196 1171 289 1196 6888.
333 1162 399 1196 Vel
427 1172 473 1196 ex
500 1163 607 1196 Critia
633 1162 691 1195 vel
719 1172 763 1195 ex

68 1212 234 1255 Euripide
262 1211 352 1246 Plut.
380 1211 502 1245 Moral.
528 1221 609 1254 pag.
634 1213 689 1244 96.
714 1221 760 1245 c.:

68 1258 221 1305 Θησεὺς
248 1259 301 1305 τῷ
323 1260 491 1307 Πειρίθῳ
517 1260 762 1304 κολαζομένῳ

68 1311 136 1344 καὶ
154 1308 339 1354 δεδεμένῳ
359 1309 501 1352 Πέδαις
517 1306 764 1350 ἀχαλκεύτοι-

68 1370 132 1393 σιν
156 1356 327 1402 egenum
353 1357 486 1401 πόδας.
512 1378 550 1384 -
574 1362 763 1394 Praeterea

0 1433 8 1435 »ν
68 1409 132 1443 cfr.
155 1409 283 1451 odyss.
314 1408 354 1450 λ,
389 1410 465 1444 63⁴.
493 1419 639 1443 versum
661 1419 683 1442 a
705 1411 763 1443 Pi-

68 1459 227 1499 sistrato,
243 1460 284 1491 ut
297 1459 414 1500 aiunt,
430 1458 662 1492 inculcatum:
688 1458 764 1502 Θη-

68 1508 159 1549 σέα,
190 1506 398 1554 Πειρίθοόν
419 1518 480 1549 τε,
513 1507 615 1541 θεῶν
637 1508 763 1551 ἐρικυ-

337 1557 499 1600 Sophocl.
531 1558 654 1600 Oedip.
686 1558 760 1591 Col.

69 1599 264 1640 ⁴593201‘1
297 1617 347 1640 τα
382 1607 540 1650 Θησέως
577 1608 761 1654 Πειρίθου

0 1665 4 1710 ¹.
68 1665 111 1689 τε
141 1659 265 1690 κεῖται
296 1657 396 1690 πίστ’
426 1652 488 1691 ἀεὶ
519 1655 759 1701 ξυνθήματα.

816 573 904 607 Plut.
929 574 1034 607 Thes.
1058 574 1112 606 20.
1138 574 1231 616 Virg.
1255 577 1343 608 Aen.
1361 577 1399 614 6,
1425 577 1507 608 6⁴7:

815 624 901 655 sedet
918 626 1153 664 aeternumque
1167 623 1286 656 sedebit
1299 625 1420 666 Infelix
1437 626 1513 658 Tho-

814 680 898 704 sous.
922 671 1088 705 Fabulam
1113 673 1273 705 tractavit
1291 674 1361 706 iam
1376 675 1512 715 Panya-

816 721 876 754 sis.
902 721 973 754 Cfr.
1000 721 1509 762 Paus.⁴0,29,4:11avae5u-

815 779 879 811 σις
906 768 948 802 δὲ
977 769 1158 828 ἐποίησεν
1187 781 1241 812 ως
1267 769 1420 814 Θησεὺς
1441 773 1508 805 καὶ

813 819 1020 865 Πειρίθους
1051 805 1115 852 επὶ
1143 819 1219 852 τῶν
1256 817 1406 866 θρόνων
1436 831 1510 854 πα-

813 867 1023 915 ράσχοιντο
1041 867 1178 911 σχῆμα
1188 865 1236 902 οὗ
1252 867 1351 902 κατὰ
1365 869 1511 914 δεσμώ-

813 929 897 959 τας,
915 918 1129 973 προσφυὲς
1149 917 1191 951 δὲ
1213 915 1292 951 ἀπὸ
1314 918 1384 952 τοῦ
1407 930 1510 979 χρω-

812 965 880 1008 τὸς
902 963 987 1000 ἀντὶ
1009 966 1160 1009 δεσμῶν
1183 969 1319 1008 σφίσιν
1341 964 1420 1012 ἔφη
1437 967 1511 1013 τὴν

812 1018 964 1063 πέτραν.
1006 1035 1043 1041 -
1082 1018 1208 1050 Thesei
1245 1018 1341 1060 apud
1374 1019 1511 1052 Inferos

812 1067 970 1099 sedentis
992 1066 1182 1108 afflictique
1197 1067 1390 1108 imaginem
1403 1076 1510 1109 prae-

811 1115 874 1148 bet
894 1116 1085 1157 Inghirami
1108 1116 1196 1148 Gall.
1221 1116 1293 1148 Om.
1318 1117 1375 1148 111.
1393 1117 1430 1149 Τ.
1448 1117 1503 1150 94.

813 1164 1005 1207 Aliquoties
1016 1165 1174 1198 Theseus
1190 1166 1227 1197 et
1236 1165 1410 1198 Pirithous
1425 1174 1509 1198 cum

814 1213 1001 1256 Hippolyta
1026 1215 1205 1247 Amazone
1235 1216 1433 1256 pugnantes
1461 1214 1508 1247 ab

812 1264 965 1304 antiquis
1001 1263 1195 1296 artificibus
1228 1264 1388 1305 expressi
1411 1265 1506 1296 sunt.

812 1312 890 1345 vid.
902 1313 1055 1345 Museum
1069 1313 1267 1354 Gregorian.
1284 1313 1370 1345 Tab.
1389 1313 1507 1345 XXIV.

813 1362 970 1402 Theseus
1003 1364 1146 1394 taurum
1174 1363 1432 1395 Marathoniam
1465 1361 1509 1394 li-

813 1420 900 1452 gans
927 1411 1018 1444 ibid.
1042 1412 1080 1443 T.
1106 1412 1248 1444 LXXXI.
1274 1412 1508 1444 Minotaurum

813 1460 980 1494 occidens
995 1460 1083 1494 ibid.
1098 1461 1139 1501 Τ.
1149 1461 1278 1493 XLVII.
1292 1462 1390 1493 LVII.
1406 1460 1505 1492 LXII.

813 1511 919 1551 atque
958 1511 1131 1552 imprimis
1169 1510 1327 1543 Gerhard
1367 1511 1505 1551 Vasenq.

811 1560 868 1591 111.
891 1568 927 1601 p.
946 1560 983 1592 31
1004 1561 1040 1592 et
1062 1560 1141 1592 ⁴52:
1168 1560 1349 1592 nesci-eche
1360 1560 1506 1600 Mychon.

812 1608 970 1642 Avellino
992 1610 1079 1642 Bau.
1103 1611 1160 1643 IV.
1184 1619 1220 1652 p.
1244 1610 1299 1642 75.
1330 1609 1504 1643 Archaooc.

812 1659 882 1700 Zty.
908 1659 934 1691 1.
959 1667 995 1700 p.
1022 1658 1097 1692 494.
