1722 2904
189 124 271 167 364

359 230 519 273 Vestris
550 230 736 274 amicum
765 230 951 274 fontibus
982 238 1024 275 et
1054 231 1198 275 choris

697 127 868 159 HORATII
893 128 1118 161 CARMINUM

713 295 724 309 ,
820 286 881 301 Ν

358 312 450 354 Non
481 325 549 355 me
579 310 787 369 Philip'fziis
815 287 943 368 versa
974 298 1092 356 acie's
1123 291 1259 362 retro,

413 393 579 458 Deyota
609 406 694 436 non
725 393 924 436 exstinxit
954 392 1105 442 arbos,

468 475 556 516 Nec
587 473 731 517 Sicula
760 473 987 535 Palinurus
1016 474 1146 517 unda.

356 579 581 637 Utcunque
612 593 783 623 mecum
811 593 891 622 vos
922 580 1059 630 eritis,
1092 579 1231 623 libens

355 649 643 704 insanientem
673 661 815 704 navita
844 662 1087 718 Bosporum

1584 662 1639 704 30

411 741 599 785 Tentabo
630 748 673 785 et
701 748 878 786 urentes
907 756 1063 786 arenas

473 822 626 865 Litoris
657 823 822 881 Assyrii
851 823 1016 875 viator;

273 948 326 980 27.
352 947 456 980 arbor
478 947 617 986 BbScd,
654 948 743 980 Pott.
770 956 915 988 omnes,
951 949 976 980 L
1009 949 1046 981 et
1067 947 1180 981 Bentl.
1206 957 1289 982 cum
1313 949 1386 982 suis
1410 949 1590 983 omnibus.

231 998 283 1038 (Ut
305 1006 388 1036 nos,
408 997 458 1038 T.)
488 1014 523 1019 —
550 997 605 1029 34.
631 1000 762 1029 arentes
784 996 917 1037 cd,LCt
940 998 976 1030 et
990 997 1102 1030 Bentl.
1129 998 1182 1038 (Ut
1197 1007 1262 1032 nos
1278 998 1394 1038 BbST,
1419 1009 1467 1042 γκ
1491 1008 1594 1032 «cum

228 1046 303 1079 aliis
326 1046 501 1079 inferioris
526 1048 629 1079 notae
649 1056 679 1085 ς»
706 1047 791 1079 item
815 1048 895 1079 octo
919 1047 1022 1087 Pott.)
1050 1065 1086 1071 —
1112 1047 1258 1080 harenas
1281 1048 1345 1080 BT.

184 1166 264 1206 pter
291 1174 402 1206 aquas
427 1164 558 1199 calidas
583 1166 619 1197 et
641 1167 777 1206 gratam
805 1165 886 1207 puri

183 1215 276 1246 aeris
300 1215 514 1256 temperiem
538 1224 604 1257 per
625 1216 801 1248 aestatem
817 1215 886 1247 fre-

184 1266 408 1306 quentatum.
437 1265 487 1297 Cf.
507 1265 571 1297 Od.
590 1266 628 1306 2,
647 1266 703 1305 ⁴8,
720 1266 775 1298 20.
793 1266 881 1308 Epp.

184 1315 197 1346 i
216 1340 223 1353 ,
250 1315 263 1346 i
281 1340 288 1354 ,
314 1315 375 1347 83:
401 1315 521 1347 Nullus
543 1316 578 1347 in
594 1315 672 1348 orbo
685 1315 777 1347 sinus
791 1316 886 1348 Baiis

178 1364 354 1404 praelucet
376 1365 535 1397 amoenis.

225 1414 279 1445 25.
310 1414 430 1446 Vestris
443 1432 462 1437 -
475 1414 630 1456 fontibus]
651 1423 805 1455 quorum
821 1423 885 1447 ce-

181 1461 410 1495 lebratissimi
434 1465 535 1496 erant
551 1464 793 1505 Hippocrene,
820 1464 886 1496 Ca-

183 1511 295 1552 stalia,
310 1513 504 1555 Aganippe,
518 1514 662 1553 Pirene;
680 1514 746 1546 sed
757 1522 884 1547 omnes

181 1561 315 1602 fontes,
350 1562 446 1604 apud
469 1571 560 1604 quos
585 1564 743 1596 carmina
766 1563 884 1595 medi-

183 1612 300 1643 tantur
332 1613 478 1653 poetae,
515 1613 550 1645 in
585 1614 767 1645 Musarum
800 1614 884 1646 sunt

181 1660 303 1693 tutela.

226 1711 280 1743 26.
304 1710 473 1753 Philippis]
491 1711 554 1743 Od.
573 1712 611 1750 2,
638 1712 675 1751 7,
701 1712 732 1744 9.
759 1713 879 1754 Iunge:

181 1761 269 1792 acies
282 1764 373 1793 retro
387 1770 486 1793 versa
496 1761 669 1801 Philippis,
688 1771 777 1794 non:
796 1763 884 1795 acies

179 1811 336 1851 Philippis
350 1819 433 1852 pro:
461 1811 577 1852 «apud
593 1811 770 1853 Philippos
786 1821 885 1844 com-

181 1861 333 1895 missam:
359 1860 456 1901 quod
479 1862 540 1901 qui
564 1860 730 1902 praetulit
753 1861 882 1895 frustra

181 1909 285 1942 simul
309 1910 479 1942 coniecit:
510 1911 670 1951 Philippi,
692 1919 792 1942 versa
811 1911 883 1943 acie

179 1962 282 1991 retro.

223 2009 276 2041 27.
294 2009 349 2041 28.
374 2010 515 2051 Devota]
534 2009 609 2043 «dis
626 2009 746 2043 inferis
762 2018 878 2049 sacra,

179 2059 301 2099 utpote
336 2067 428 2099 quae
464 2059 550 2091 mihi
588 2067 700 2101 prope
735 2059 880 2091 exitium

178 2107 368 2140 attulerit.»
396 2126 432 2131 —
457 2108 647 2150 Palinurus]
670 2110 880 2150 promonto-

179 2158 271 2189 rium
295 2157 340 2189 ad
364 2159 567 2190 extremum
597 2159 715 2190 sinum
737 2158 880 2190 Velien-

178 2215 255 2238 sem
292 2207 327 2238 in
361 2207 535 2239 Lucaniae
569 2216 649 2248 ora,
690 2207 879 2248 naufragiis

177 2256 326 2295 infame,
346 2265 365 2287 a
383 2255 562 2296 Palinuro,
588 2258 730 2289 Aeneae
751 2256 880 2298 guber-

179 2306 302 2336 natore
334 2305 380 2337 ibi
413 2307 446 2338 in
481 2315 581 2338 mare
617 2306 804 2345 demerso,
841 2307 880 2338 ut

177 2354 303 2393 fertur,
331 2355 381 2386 sic
406 2356 638 2388 nominatum.
666 2356 770 2397 (Virg.
789 2356 876 2388 Aen.

177 2403 215 2440 6,
242 2403 305 2435 373
329 2405 445 2445 seqq.)
470 2405 652 2446 Nusquam
676 2404 758 2437 alibi
774 2405 878 2437 huius

176 2452 323 2491 periculi
357 2455 517 2486 meminit
544 2457 660 2495 poeta.
710 2456 878 2487 Ceterum

175 2500 371 2547 ἐναργείας
387 2503 549 2544 poeticae
566 2499 676 2544 gratia
701 2504 878 2538 eiusmodi

177 2550 360 2583 dumtaxat
389 2551 564 2584 beneficia
588 2562 608 2585 a
632 2554 739 2586 Musis
771 2554 806 2585 in
837 2562 877 2586 se

175 2600 300 2632 collata
325 2603 554 2641 memoravit,
581 2611 674 2643 quae
692 2604 877 2635 externam

176 2648 329 2690 aliquam
355 2650 529 2684 haberent
553 2653 731 2693 speciem,
766 2651 877 2685 oculis

176 2700 278 2739 quasi
302 2701 537 2742 propositam,
575 2702 741 2734 omittens
774 2700 876 2742 longe

934 1166 1067 1197 maiora
1098 1164 1175 1205 illa,
1213 1165 1344 1207 quibus
1373 1167 1532 1199 mentem
1560 1167 1638 1199 ani-

933 1223 1105 1256 mumque
1139 1215 1228 1256 grati
1261 1217 1389 1257 poetae
1420 1215 1635 1255 mecei-ann

933 1263 1111 1306 simulque
1126 1264 1183 1297 illa
1194 1265 1284 1297 ratio
1296 1264 1408 1297 multo
1423 1265 1632 1298 modestior.

976 1314 1030 1346 29.
1048 1314 1102 1346 30.
1131 1315 1301 1355 Utcunque
1315 1314 1398 1356 cet.]
1417 1314 1636 1348 «dummodo

931 1372 996 1407 vqs
1020 1372 1079 1396 me
1110 1364 1371 1396 comitemini.»
1398 1381 1436 1387 -
1458 1365 1635 1397 Insanien—

931 1413 1014 1455 tem]
1031 1414 1125 1454 Virg.
1144 1412 1217 1446 Ecl.
1235 1413 1274 1453 9,
1299 1412 1360 1446 43:
1385 1413 1497 1446 insani
1509 1414 1636 1455 feriant

931 1464 1000 1495 sine
1022 1463 1124 1495 litora
1140 1464 1272 1505 fluctus.
1293 1479 1330 1486 -
1348 1463 1545 1505 Bosporum]
1566 1463 1632 1496 Od.
1688 1483 1690 1485 >

931 1513 969 1553 2,
996 1512 1057 1552 ⁴3,
1085 1511 1138 1545 ⁴4.

975 1562 1030 1595 3⁴.
1079 1562 1223 1604 urentes]
1269 1562 1441 1595 Dixerunt
1486 1563 1635 1604 quidem

931 1615 1063 1644 arentes
1074 1621 1199 1644 arenas
1209 1611 1313 1645 Silius
1323 1612 1358 1653 (6
1370 1637 1378 1652 ,
1397 1611 1501 1654 ⁴40),
1527 1611 1636 1645 Clau-
1684 1613 1687 1619 “

931 1661 1075 1702 dianus,
1101 1662 1278 1703 corippus
1297 1661 1340 1703 (v.
1357 1660 1498 1703 Bentl.),
1515 1670 1633 1704 neque
1688 1680 1690 1683 -

932 1711 1187 1743 offendendum
1210 1712 1308 1744 esset
1329 1711 1365 1743 in
1388 1719 1496 1751 sono,
1526 1719 1634 1754 prae-
1680 1747 1683 1749 ,

932 1761 1056 1793 sertim
1079 1760 1275 1802 quantitate
1298 1759 1439 1792 diversa
1457 1760 1530 1802 (Ov.
1547 1761 1630 1794 Met.

932 1810 990 1849 ⁴5,
1016 1809 1100 1842 268:
1130 1810 1225 1842 siccis
1245 1809 1364 1842 hiantis
1385 1812 1461 1842 aret
1477 1805 1630 1852 aronis),

931 1859 997 1892 sed
1020 1861 1142 1892 tamen
1165 1859 1256 1892 foret
1269 1858 1448 1892 ἐπίθετον
1463 1859 1630 1898 otiosum,

931 1918 1056 1942 omnes
1090 1917 1220 1941 arenae
1256 1917 1338 1941 cum
1377 1909 1520 1949 areant,
1559 1904 1631 1941 non

931 1967 1058 1991 omnes
1095 1960 1201 1990 urant
1237 1959 1277 1991 ut
1312 1959 1501 1999 Assyrium
1534 1957 1629 1991 litus.

930 2008 1000 2040 Sed
1023 2007 1123 2040 litem
1145 2007 1279 2054 dirimit
1299 2008 1492 2040 auctoritas
1516 2007 1628 2040 Codd.

928 2057 1032 2090 BbST
1064 2059 1100 2090 et
1129 2059 1211 2090 octo
1234 2057 1402 2089 Pottierii.
1449 2058 1631 2090 Incertum

929 2108 1000 2147 est,
1043 2108 1164 2138 utrum
1197 2105 1367 2148 intelligat
1397 2106 1520 2148 Syriae
1553 2105 1632 2139 Pal-

929 2165 1098 2198 myrenas
1145 2155 1352 2188 solitudines
1366 2181 1374 2195 ,
1423 2164 1516 2197 quae
1565 2164 1631 2188 au-

929 2207 1029 2239 ctore
1056 2205 1166 2238 Plinio
1197 2206 1238 2238 H.
1271 2206 1312 2238 N.
1347 2206 1387 2244 5,
1420 2205 1474 2238 24.
1513 2213 1630 2247 usque

928 2255 974 2288 ad
1006 2257 1170 2295 Petram,
1211 2254 1341 2287 urbem
1376 2256 1412 2287 et
1445 2255 1629 2296 regionem

926 2305 1078 2338 Arabiae
1117 2303 1242 2344 felicis,
1290 2303 1535 2346 pertinebant,
1582 2312 1627 2336 an

927 2357 1045 2397 ipsum
1057 2355 1180 2395 Syriae
1196 2353 1289 2387 litus.
1306 2354 1452 2395 Assyria
1464 2353 1632 2395 frequen-
1680 2379 1687 2382 .

928 2406 982 2437 ter
1000 2413 1066 2446 pro
1083 2404 1183 2445 Syria
1199 2412 1219 2435 a
1234 2403 1349 2445 poetis
1363 2404 1576 2444 usurpatur,
1594 2403 1630 2434 et

927 2454 1066 2494 Syriam
1084 2455 1259 2493 perustam
1283 2453 1369 2485 dixit
1389 2452 1497 2484 etiam
1517 2451 1630 2485 Mani-

926 2503 993 2536 lius
1016 2502 1052 2542 4,
1085 2502 1161 2535 625.
1207 2502 1270 2543 (De
1303 2501 1449 2542 Assyria
1482 2501 1627 2543 propria

927 2553 962 2585 h.
995 2551 1018 2585 l.
1045 2561 1090 2585 ne
1123 2552 1340 2593 cogitemus,
1375 2549 1560 2584 dissuadet
1592 2558 1626 2582 v.

927 2602 1032 2643 litus.)

972 2651 1025 2683 33.
1044 2650 1235 2692 Britannos]
1253 2650 1360 2682 Tacit.
1378 2650 1467 2682 Ann.
1487 2647 1543 2688 ⁴4,
1565 2648 1624 2680 3οε

927 2701 1082 2733 Britanni
1104 2709 1224 2732 cruore
1245 2699 1377 2740 captivo
1400 2698 1533 2731 adolere
1547 2706 1630 2730 aras
