1722 2904
145 89 227 132 548

256 195 499 239 Deduxisse
529 194 694 238 modos.

258 276 508 329 Quaesitam
538 275 702 319 meritis
732 282 775 319 et
803 274 906 318 mihi
936 274 1144 332 Delphica

484 92 656 124 HORATII
681 91 906 125 CARMINUM
940 91 1007 132 LIB
1031 92 1086 124 111.
1114 92 1152 124 C.
1177 91 1278 124 XXX.

755 195 886 238 Sume
915 193 1166 252 superbiam

1541 277 1597 320 ⁴5

255 358 396 400 Lauro
427 357 552 413 cinge
582 356 753 406 volens,
786 355 1079 413 Melpomene,
1112 369 1294 400 comam.

204 486 215 490 “
231 491 283 522 45.
310 490 452 531 Delphia
474 487 495 520 δ
519 498 575 531 ap.
601 488 740 521 Kirchn.
768 489 809 521 N.
828 488 868 527 Q.
888 488 972 521 Hor.
990 496 1026 530 p.
1044 488 1115 538 56..

146 610 201 642 est
216 609 432 642 constructio
456 617 571 650 nuper
595 616 616 640 a
637 608 760 640 nescio
775 615 846 648 quo

146 658 395 692 commendata
410 668 417 691 :
436 667 505 699 qua
519 658 675 700 regnavit
688 658 845 696 Daunus,

146 718 190 741 em
211 709 328 741 humili
344 711 464 749 potens
480 707 696 749 populorum.

191 757 244 791 ⁴4.
269 757 467 799 Deduoeisse]
495 755 750 797 «transtulisse,
776 756 849 798 pri-

146 815 247 840 mum
271 816 399 840 ausum
423 815 504 840 esse
535 807 570 839 in
598 807 699 849 poesi
726 807 847 839 Latina

146 857 196 889 uti
211 855 329 897 lyricis
342 858 560 889 Graecorum
576 856 735 889 metris.»
760 857 850 888 Pau-

146 906 297 939 cissimis
321 906 417 939 enim
440 906 473 938 ei
495 905 603 938 veluti
626 904 850 947 praeluserat

145 955 315 989 Catullus.
357 954 444 997 (Noli
475 957 596 988 autem
628 956 750 988 nescio
775 963 846 997 qua

144 1013 315 1046 perversa
339 1005 541 1038 inversione
559 1004 753 1047 explicare,
777 1004 846 1046 vel,

147 1054 245 1096 quod
274 1054 381 1087 etiam
410 1054 514 1096 peius
539 1055 613 1094 est,
650 1054 849 1096 transposi-

146 1104 280 1136 tionem
313 1112 516 1146 proponere
562 1104 849 1146 (Zimmermanni

144 1153 298 1186 Zeitschr.
337 1153 435 1187 ⁴840.
471 1163 507 1196 p.
544 1154 678 1195 40⁴6.):
722 1154 850 1187 Aeolios

144 1203 259 1235 modos
281 1211 418 1236 carmen
441 1204 486 1235 ad
506 1203 640 1236 Italwn.
688 1203 758 1236 Sed
781 1204 846 1243 est,

145 1252 276 1285 Latinis
310 1252 430 1286 verbis
475 1252 522 1284 ita
561 1253 690 1286 imitari
734 1254 849 1285 metra

146 1303 365 1335 Graecorum
413 1301 544 1344 lyrica,
594 1305 634 1335 ut
671 1311 849 1344 nusquam

144 1351 313 1392 violetur,
340 1352 406 1385 sed
428 1353 604 1394 perpetuo
629 1353 750 1385 Latina
774 1351 850 1393 syl-

145 1400 310 1434 labarum
333 1402 510 1443 quantitas
545 1410 677 1435 vocum
694 1412 712 1442 ‚¹
741 1403 848 1444 atque

146 1451 181 1483 in
205 1451 371 1484 omnihus
394 1452 533 1484 sincera
557 1453 699 1485 Latinae
729 1452 849 1494 poesis

148 1502 311 1534 servetur
340 1500 500 1542 indoles,
539 1501 574 1533 id
599 1501 695 1542 quod
732 1501 850 1534 effecit

896 605 1087 648 Horatius.)
1126 624 1162 631 -
1198 606 1317 650 Sume]
1353 607 1544 648 «Assume,
1575 617 1601 641 ο

895 656 996 689 Musa
1017 664 1116 696 mea,
1151 655 1385 698 (Melpomene,
1409 658 1450 690 ut
1471 656 1536 690 Οεί.Δ
1561 657 1596 698 4,

896 705 935 746 3,
955 704 999 747 ⁴.)
1023 705 1171 748 spiritus
1184 706 1321 747 iustos,
1343 706 1476 750 quippe
1498 707 1598 749 inge-

895 755 954 788 nio
977 762 1059 788 meo
1083 756 1355 796 convenientes,
1382 759 1415 789 et
1433 756 1597 798 Delphica

897 806 1012 845 cet»,
1047 804 1084 837 id
1118 806 1193 846 est,
1238 804 1384 847 dempta
1417 805 1595 848 imagine:

898 853 1002 895 «fac,
1037 855 1078 886 ut
1099 862 1228 887 omnes
1256 853 1460 888 facultatem
1482 856 1599 899 poeti-

897 912 978 936 cam
989 929 997 944 ,
1023 903 1124 936 cuius
1138 903 1226 937 mihi
1241 904 1406 938 conscius
1421 913 1502 938 sum
1513 930 1522 946 ,
1545 904 1599 938 ul-

897 954 951 986 tro
975 954 1204 995 agnoscant.»

942 1004 995 1036 ⁴5,
1021 1003 1075 1036 46.
1103 1003 1265 1045 Delphica
1280 1003 1406 1047 Lauro]
1423 1003 1599 1046 Apollina-

896 1062 968 1086 rem
991 1053 1076 1086 dicit
1091 1052 1155 1086 Od.
1185 1052 1224 1094 4,
1251 1054 1292 1094 2,
1322 1053 1355 1086 9.
1393 1071 1431 1078 —
1467 1054 1599 1097 volens}

897 1103 1057 1136 Verbum
1076 1102 1247 1137 sollemne
1260 1104 1297 1136 in
1307 1103 1489 1147 precihus.
1514 1104 1600 1137 Ser-

896 1153 976 1186 vius
992 1153 1038 1186 ad
1053 1154 1139 1186 Aen.
1171 1154 1184 1185 4
1202 1178 1210 1194 ,
1239 1152 1298 1191 73⁴
1318 1162 1326 1185 :
1354 1153 1411 1186 Sic
1431 1153 1520 1186 enim
1541 1153 1596 1186 da·-

897 1206 996 1236 eunt:
1046 1201 1197 1236 «Volens
1229 1203 1476 1245 propitiusque
1510 1202 1596 1237 sis.»

900 1253 986 1285 Cato
1020 1253 1059 1285 R.
1091 1253 1130 1285 R.
1167 1252 1249 1286 ⁴42:
1285 1253 1382 1286 Mars
1408 1255 1534 1294 palor,
1568 1255 1600 1286 te

893 1311 1018 1343 precor
1050 1300 1259 1343 'quaesoque,
1304 1302 1356 1334 uti
1393 1302 1456 1335 sios
1486 1298 1599 1335 balens

894 1352 1062 1393 propitius
1075 1352 1175 1392 mihi,
1208 1352 1320 1392 domo,
1349 1351 1504 1394 familiae
1525 1353 1595 1384 eet.

899 1402 971 1435 Liv.
1001 1402 1039 1440 7,
1067 1401 1314 1434 26:1³recatus
1334 1401 1468 1440 deinde,
1494 1401 1523 1433 se
1545 1401 1600 1434 ‹u-

897 1461 976 1493 vus,
1011 1451 1039 1483 si
1062 1451 1141 1483 diva
1162 1454 1260 1491 esset,
1291 1451 1349 1491 qui
1371 1450 1432 1483 sibi
1449 1459 1598 1492 praepo-

899 1504 963 1534 tem
977 1500 1134 1540 misisset,
1157 1500 1270 1533 volens
1281 1500 1447 1542 propitius
1460 1501 1596 1534 adesset.

1714 1298 1722 1386 ι’
