1722 2904
148 80 229 122 504
256 61 263 72 '

664 82 834 114 HORATll
860 81 1087 115 CARMINUM

590 407 903 450 cmm
941 391 1161 448 xxxx-⁷

317 522 537 581 Tyrrhena
567 535 717 578 regum
747 520 998 577 progenies,
1032 519 1106 563 tibi
1153 556 1159 560 .

319 604 411 646 Non
443 608 540 646 ante
570 615 697 645 verso
729 601 826 645 lene
861 614 1029 645 merum
1060 600 1169 644 cado

234 723 349 755 XXIX.
386 724 495 755 Inscr.
521 720 612 762 volg.
647 721 699 753 Ad
720 721 964 759 Maecenatem,
1000 720 1036 752 et
1059 721 1110 752 sic
1133 720 1195 752 BS.
1224 737 1260 743 —
1285 721 1472 754 Maecenati
1494 720 1552 754 bc.

194 792 228 795 —
255 773 285 804 2.
310 780 442 804 versum
464 772 501 803 B.
530 771 611 811 (non
635 770 730 810 bSc.)

190 871 304 903 XXIX.
332 871 575 904 Maecenatem
591 869 714 901 invitat
727 870 844 911 poeta,

146 924 186 953 ut
208 920 339 953 relictis
361 920 508 953 urbanis
524 916 671 961 negotiis
687 917 848 960 aliquan-

148 969 260 1002 tulum
299 970 470 1011 temporis
506 968 553 1001 ad
586 977 625 1001 se
660 969 695 1000 in
729 967 848 1001 villam

148 1019 321 1052 concedat
352 1019 534 1059 Genioque
563 1017 613 1050 ibi
647 1017 845 1059 indulgeat,

147 1069 379 1109 argumentis,
405 1067 535 1110 quibus
553 1068 585 1100 ei
608 1068 677 1100 hoc
694 1067 847 1100 suadere

148 1119 312 1158 conatur,
343 1118 473 1159 partim
495 1117 540 1150 ab
565 1117 667 1151 Urbis
690 1117 846 1157 fastidio,

148 1167 245 1208 quod
283 1167 360 1199 eius
396 1166 500 1200 luxus
538 1167 682 1208 gignere
717 1165 846 1206 soleat,

148 1216 277 1258 partim
300 1225 320 1248 a
347 1216 609 1249 ferventissimo
642 1216 724 1248 anni
754 1217 849 1249 tem-

147 1275 232 1308 pore
255 1267 465 1308 desumptis.
514 1267 605 1299 Cum
621 1266 742 1298 autem
757 1266 850 1299 Mae-

147 1317 311 1348 cenatem
334 1316 428 1348 curis
451 1314 753 1348 administrandae
784 1315 849 1348 Ur-

147 1366 219 1405 bis,
260 1365 390 1406 quibus
429 1366 505 1397 tum
539 1364 718 1397 districtus
754 1365 846 1403 erat,

148 1416 318 1454 maxime,
345 1423 416 1456 quo
440 1415 557 1447 minus
574 1414 715 1456 copiam
730 1413 785 1446 sui
801 1413 849 1445 fa-

149 1466 263 1504 ceret,
296 1463 460 1505 impediri
483 1462 710 1505 intelligeret,
744 1464 848 1505 poeta

148 1525 168 1547 a
192 1515 299 1547 nimia
323 1514 387 1547 ista
411 1512 644 1546 sollicitudine
669 1521 753 1545 eum
783 1512 850 1545 de—

148 1565 351 1597 hortaturus
381 1563 535 1604 graviter
563 1562 718 1595 ostendit
741 1562 848 1594 certis

149 1624 253 1648 curas
269 1615 354 1647 istas
367 1613 612 1646 circumscribi
628 1615 794 1657 oportere
811 1613 851 1645 fi-

148 1664 266 1704 nibus,
282 1673 326 1696 ne
340 1664 447 1704 bona,
466 1672 558 1705 quae
574 1672 746 1705 praesens
763 1663 851 1696 hora

147 1714 325 1756 largiatur,
351 1712 516 1746 celeriter
538 1713 735 1752 elabantur,
761 1713 851 1746 futu-

148 1772 342 1805 rarumque
371 1771 493 1795 rerum
520 1763 660 1795 anxiam
687 1761 852 1795 sollicitu-

150 1813 270 1846 dinem
292 1821 422 1845 vanam
445 1821 525 1845 esse
546 1813 653 1853 atque
678 1811 848 1844 inutilem.

152 1863 296 1904 (Franke
327 1871 472 1895 carmen
496 1861 606 1894 refert
634 1862 680 1894 ad
704 1871 734 1894 a.
758 1862 849 1902 7⁴29.,

150 1912 341 1944 Grotei'end
364 1912 410 1944 ad
432 1921 464 1944 a.
491 1911 580 1952 735.)

197 1964 225 1994 i.
245 1964 278 1995 2.
307 1963 477 2003 Tyrrhena
494 1962 622 2004 reqwm]
642 1962 711 1995 Cfr.
731 1962 794 1995 Od.
815 1963 849 2002 4,

153 2013 183 2050 4,
205 2013 234 2044 4.
254 2011 356 2045 Silius
373 2012 405 2052 7,
422 2012 482 2045 29:
509 2012 633 2044 Cilnius
646 2012 757 2044 Arreti
774 2012 854 2051 Tyr-

150 2061 261 2093 rhenis
293 2065 386 2093 ortus
424 2062 459 2093 in
493 2061 571 2094 oris.
605 2078 640 2083 —
666 2062 742 2094 Non
776 2064 853 2093 ante

151 2111 257 2152 verso]
292 2110 450 2142 «intacto
481 2110 646 2150 adhuc»,
686 2110 722 2143 id
756 2109 853 2152 quod

152 2160 322 2192 convivae
346 2160 472 2192 honori
496 2160 671 2192 tribuitur.
712 2161 773 2193 Est
788 2168 853 2192 au-

153 2212 224 2241 tem
254 2219 273 2241 e
302 2218 467 2242 sermone
503 2210 691 2242 cotidiano.
740 2208 850 2242 Plaut.

151 2259 257 2290 Stich.
277 2260 314 2298 5,
336 2258 372 2297 4,
391 2259 447 2291 39:
475 2259 628 2298 quomwis
643 2259 787 2292 desubito
802 2259 854 2291 vel

150 2309 253 2340 cadus
279 2309 367 2340 vorti
386 2312 503 2349 potest.
553 2309 624 2341 sat.
650 2309 690 2349 2,
716 2309 753 2348 8,
786 2308 850 2340 39:

152 2359 321 2389 Invertunt
335 2358 490 2399 Allifanis
506 2359 643 2390 vinaria
663 2361 743 2390 tota.
769 2358 855 2390 Ver-

154 2407 304 2447 tenatur,
324 2417 407 2440 cum
423 2408 504 2440 inde
524 2408 556 2439 in
572 2409 730 2440 crateres
743 2407 855 2440 effun-

154 2457 306 2489 debatur
328 2458 460 2489 vinum.
490 2476 524 2479 --
549 2457 630 2499 lenc]
657 2458 852 2490 «vetustate

154 2507 361 2539 domitum.»
381 2508 501 2538 Senon.
519 2525 552 2529 —-
567 2507 676 2539 Cadus
688 2516 731 2538 ex
744 2515 852 2548 opere

155 2555 270 2596 figlino
294 2557 364 2588 XII.
393 2557 537 2597 congios
562 2556 741 2598 capiebat3
768 2565 854 2597 qua-

155 2605 311 2645 draginta
342 2606 483 2638 circiter
506 2606 680 2638 eiusmodi
704 2615 853 2639 mensu—

155 2663 227 2694 ras,
255 2664 343 2696 quas
353 2656 462 2696 ,vinces
479 2656 605 2688 vocant
622 2654 847 2697 francogalli.

941 870 971 902 3.
992 869 1024 903 4.
1048 870 1341 913 flore-rosarum]
1376 867 1491 903 ’όδων
1513 866 1596 903 ἀώ-

896 929 978 960 τοις
1027 917 1195 961 σκιάζειν
1239 919 1403 967 λιπαραν
1446 915 1599 967 ἔθειραν

897 969 983 1002 dixit
1016 969 1217 1003 Simonides
1247 978 1284 1012 p.
1317 970 1392 1003 ⁴95.
1423 970 1530 1003 Schn.
1561 988 1598 994 ——

896 1019 1046 1061 balanus]
1063 1028 1092 1053 s.
1111 1017 1381 1061 myrobalanus,
1406 1019 1508 1062 glans
1523 1028 1602 1062 my-

895 1069 1053 1110 repsica,
1098 1070 1331 1110 unguentaria
1374 1068 1525 1102 Arabiae
1562 1070 1599 1102 et

895 1118 1102 1160 Aethiopiae
1131 1117 1198 1160 (die
1219 1119 1392 1151 arabische
1406 1119 1596 1158 Behennus,

895 1167 1182 1210 Balsamfrucht.);
1207 1168 1243 1200 h.
1269 1167 1291 1200 l.
1310 1167 1431 1201 oleum
1458 1177 1503 1201 ex
1524 1168 1600 1201 eius

896 1216 1024 1250 nucleo
1047 1226 1225 1259 pressum.
1266 1216 1351 1250 Oleo
1373 1218 1496 1251 autem
1517 1217 1600 1250 inde

898 1266 1070 1309 expresso
1100 1267 1175 1307 «εἰς
1203 1263 1253 1299 τὰ
1280 1264 1470 1310 πολυτελῆ
1495 1263 1602 1313 μύρα

896 1312 975 1349 ἄντ’
998 1315 1129 1349 ἐλαίου
1153 1313 1358 1363 ἐχρῶντο.»
1386 1317 1545 1351 Dioscor.
1564 1316 1598 1357 4,

898 1365 973 1398 ⁴60.
1001 1385 1036 1389 —
1066 1367 1184 1399 Pressa
1216 1366 1479 1409 tuis-capillis]
1512 1365 1602 1400 «tibi

898 1414 1108 1448 destinata.»

941 1514 1031 1546 5-7.
1057 1513 1266 1557 Iaandudwn]
1290 1515 1368 1547 Non
1389 1513 1508 1556 «quod
1521 1513 1600 1547 diu-

897 1564 967 1597 tius
1002 1564 1122 1596 omnia
1155 1564 1222 1597 ista
1255 1563 1353 1596 domi
1387 1572 1473 1597 suae
1501 1564 1601 1598 Mae-

899 1613 1014 1646 cenati
1050 1614 1221 1646 servarit»
1257 1613 1311 1655 (ut
1348 1613 1600 1655 interpretatus

899 1663 954 1695 est
977 1663 1085 1695 etiam
1101 1661 1299 1704 Gargallus,
1325 1663 1508 1702 metuens,
1533 1670 1599 1694 «ne

898 1722 1002 1746 rosae
1033 1712 1230 1746 admodum
1251 1713 1368 1745 vietae
1400 1711 1598 1752 fuerintn),

899 1763 965 1796 sed
1003 1765 1148 1796 omnino
1188 1762 1488 1805 «impatientiam,
1529 1769 1599 1803 qua

899 1814 1144 1847 Maecenatem
1164 1813 1382 1854 exspectet,»
1408 1812 1524 1844 amice
1539 1810 1602 1844 de-

900 1862 1019 1895 clarat.
1056 1881 1092 1887 -
1122 1863 1225 1903 Eripe
1251 1865 1284 1895 te
1310 1861 1438 1903 morae]
1469 1859 1533 1893 od.
1558 1859 1598 1900 4,

901 1913 960 1952 42,
987 1913 1048 1944 25:
1072 1921 1159 1953 pone
1181 1920 1307 1944 moras.
1336 1927 1372 1934 —
1397 1908 1599 1952 Nesompor]

899 1961 1017 1994 Altera
1050 1961 1155 1994 lectio
1185 1970 1245 1994 nec
1274 1960 1385 1993 habet
1415 1968 1511 1992 nunc
1534 1967 1600 1992 au-

900 2012 1100 2044 ctoritatem
1122 2012 1304 2053 antiquiss.
1331 2009 1418 2043 Cod.
1443 2010 1481 2042 B.
1499 2017 1601 2042 eam-

900 2069 970 2103 que
997 2060 1101 2093 valde
1130 2061 1260 2103 probat
1286 2059 1534 2100 Dillenburger
1562 2067 1598 2101 p.

901 2110 954 2143 34.
981 2110 1134 2143 afferens
1158 2111 1251 2143 inter
1273 2109 1340 2143 alia
1355 2107 1519 2150 exempla
1534 2108 1597 2141 Od.

902 2161 939 2200 l,
967 2160 1027 2200 Μ,
1058 2160 1097 2192 2:
1133 2168 1193 2192 nec
1221 2159 1421 2200 Babylonios
1452 2158 1602 2191 Tentam's

899 2218 1065 2242 nwneros.
1105 2210 1219 2251 Atque
1243 2209 1289 2242 de
1312 2209 1381 2242 hoc
1402 2216 1509 2241 nemo
1531 2206 1602 2240 du—

901 2259 1015 2292 bitare
1038 2259 1197 2300 poterat,
1227 2267 1286 2291 nec
1315 2258 1367 2291 sie
1390 2258 1601 2300 usurpatum

901 2317 967 2351 per
982 2317 1021 2341 se
1036 2308 1278 2341 rectissimum
1290 2316 1386 2347 esse;
1405 2306 1471 2340 sed
1486 2302 1602 2340 ἀσύν-

901 2356 1009 2390 δετον
1033 2358 1172 2390 servavi
1193 2357 1341 2399 propter
1363 2356 1490 2390 similia
1512 2365 1548 2389 v.
1566 2356 1599 2389 9.

902 2409 938 2440 et
954 2408 989 2440 Μ
1005 2417 1012 2447 ;
1037 2408 1224 2449 praeterea
1239 2415 1280 2439 ne
1295 2405 1505 2439 celeriorem
1522 2405 1603 2438 red—

902 2458 953 2491 dit
967 2458 1223 2499 sententiarum
1243 2464 1486 2498 progressum.
1510 2455 1603 2488 Neu—

902 2508 1037 2548 tiquam
1051 2500 1138 2539 ὕετο
1154 2507 1258 2548 aptus
1275 2507 1330 2539 est
1343 2505 1401 2537 hic
1412 2504 1603 2537 sententia-

901 2565 981 2589 rum
995 2565 1122 2595 nexus,
1138 2564 1246 2597 quem
1263 2553 1419 2587 nonnulli
1431 2555 1598 2587 statuunt:

902 2605 1035 2645 «Pelle,
1069 2604 1168 2645 tolle,
1200 2613 1327 2646 rumpe
1361 2612 1501 2637 moram
1539 2602 1600 2644 (eo

901 2655 1004 2696 fine),
1042 2664 1086 2688 ne
1116 2652 1412 2697 contempleris»;
1453 2652 1518 2686 sed
1546 2654 1601 2686 est
