1722 2904
167 80 249 123 708

679 81 853 115 HORATII
877 82 1103 117 CARMINUM

273 183 367 231 *Sed
397 185 506 229 alius
537 186 668 229 ardor
697 193 771 230 aut
798 186 970 245 puellae
1000 186 1212 231 candidae

334 269 417 311 Aut
445 267 591 311 teretis
621 269 744 325 pueri
775 268 947 326 longam
978 249 1228 312 renodantis
1257 281 1438 313 comam.

251 419 305 452 27.
332 419 435 451 arbor
457 419 493 451 T.
522 436 559 443 -
585 419 638 452 28.
663 420 857 452 redonantis
878 421 914 452 Τ.

156 566 244 598 puer
266 560 297 590 et
320 565 422 597 quam
445 556 655 598 perlucidum
677 556 735 588 tibi
755 565 865 597 pocu-

161 608 231 639 lum
251 607 427 648 porrigat,
463 616 530 638 non
557 606 638 638 sitis.
680 606 864 638 Contraria

160 656 414 698 significatione
448 655 609 688 Valerius
643 655 789 689 Flaccus
817 657 860 697 5,

161 706 237 739 380.
263 706 412 738 Dianam
426 706 626 738 renodatwm
636 706 807 745 pharetris
822 715 863 738 ac

155 764 241 796 pace
261 756 426 797 fruentem
447 756 567 795 vocat,
594 763 685 796 quae
710 755 813 788 solvit
827 756 863 788 et

160 805 327 848 deposuit
349 806 500 838 humero
523 806 741 847 pharetram.
788 807 862 838 Nee

160 858 280 888 tamen
303 856 494 898 propterea
519 863 602 888 cum
625 854 701 888 aliis
725 856 782 888 hic
799 865 862 888 ex-

159 904 311 946 plicem:
353 904 549 938 «solventis
584 914 771 945 comam;»
802 906 862 938 ut-

157 955 242 996 pote
266 955 326 996 qui
350 954 518 988 naturalis
542 963 667 988 comae
688 955 776 987 situs
799 955 857 995 sit,

915 565 1024 598 quem
1055 565 1340 590 commemorare
1371 556 1454 590 nihil
1487 557 1616 590 attine-

914 606 995 647 bat,
1032 615 1115 639 cum
1141 605 1428 649 qualemcunque
1451 609 1616 640 ornatum

913 656 1112 698 significare
1134 656 1238 698 longe
1259 657 1469 699 praestaret.
1506 659 1617 690 Prae-

914 708 1013 739 terea
1034 707 1210 748 repugnat
1231 705 1389 748 analogia
1412 716 1445 739 v.
1470 707 1617 749 reliqare

912 757 1031 788 crines.
1070 755 1144 797 (Od.
1172 756 1208 796 4,
1233 757 1274 796 5,
1309 755 1342 789 4.
1382 757 1420 796 2,
1458 757 1519 797 Η,
1555 756 1611 790 24.

912 805 952 846 4,
979 806 1040 845 Η,
1065 805 1112 846 5.)
1139 804 1215 838 Alia
1237 814 1296 839 res
1320 806 1376 839 est
1397 805 1461 838 0d.
1485 805 1524 846 4,
1551 806 1611 846 ⁴0,

912 855 959 895 3.,
984 855 1047 888 ubi
1071 855 1116 888 de
1141 856 1272 895 comis,
1299 864 1385 896 quae
1405 864 1494 888 nunc
1515 855 1613 888 invo-

911 905 1009 937 litant
1041 905 1201 945 humeris,
1241 905 1415 949 praedicit
1446 905 1538 946 fore,
1574 906 1614 938 ut

912 954 1102 997 aliquando
1125 955 1345 989 resecentur.
