1722 2904
0 2035 208 2083 ffrristst,

539 118 619 150 un.
643 117 700 150 111.
739 103 787 149 ὀ.
814 117 870 149 ιιι.

377 223 601 279 Purpureo
631 219 740 264 bibit
768 233 846 263 ore
875 226 1034 263 nectar.

260 328 351 371 Hac
379 334 422 371 te
450 332 707 376 merentem,
739 325 908 370 Bacche
939 332 1081 382 pater,
1114 331 1213 368 tuae

259 409 423 452 Vexere
452 408 584 465 tigres
615 405 786 450 indocili
818 406 964 464 iugum

316 488 433 533 Collo
467 488 708 541 trahentes;
739 488 820 531 hac
849 487 1056 539 Quirinus

1427 487 1479 529 ⁴5

121 609 173 641 ⁴2.
198 608 281 641 bibet
302 608 424 648 bT‚FJ.
451 609 503 650 (Ut
525 617 606 648 nos,
631 609 691 647 Sc,
717 609 797 640 octo
825 607 999 646 Pottierii,
1025 607 1110 639 item
1132 605 1335 647 Bentleius.)

35 708 255 754 πορφυρέου
277 703 366 739 Ἀπὸ
401 704 597 749 στόματος
630 706 732 739 ἱεῖσα

33 754 168 796 φωνὰν
196 756 397 803 παρθένος.
446 756 569 789 Catuli.
589 756 648 797 45,
675 757 730 789 ⁴2.

34 808 144 839 Acme
184 806 244 839 1110
282 814 455 847 purpureo
493 815 550 838 ore
585 806 731 838 saviata.

34 856 127 897 virg.
164 857 251 888 Aen.
287 856 328 895 2,
363 853 439 888 593.
486 854 531 887 de
568 855 730 887 Venere:

34 913 191 944 roseoque
222 905 305 937 haec
336 905 472 944 insuper
502 905 632 936 addidit
663 914 731 937 ore.

36 955 166 987 Contra
189 953 288 986 ovid.
312 955 394 987 Met.
420 954 461 993 7,
486 954 572 986 705:
597 955 732 986 Aurora

34 1012 128 1036 roseo
147 1003 333 1044 spectabilis
353 1012 421 1035 ore.
449 1021 486 1027 -
511 1003 603 1045 bibit]
640 1004 734 1035 «Iam

35 1060 129 1085 nunc
151 1053 301 1085 deorum
323 1054 432 1086 vitam
455 1053 563 1085 vivit»
577 1078 585 1092 ,
610 1052 645 1084 id
662 1054 732 1092 est,

36 1103 174 1134 remoto
207 1103 332 1144 tropo,
369 1103 467 1143 «pari
501 1103 607 1143 atque
630 1101 676 1134 illi
700 1103 736 1134 et

36 1150 225 1184 immortali
254 1152 402 1193 propter
434 1160 498 1183 sua
531 1152 655 1184 merita
691 1160 734 1183 ac

36 1209 96 1233 res
118 1202 236 1241 gestas
258 1199 365 1242 gloria
389 1201 547 1233 fruitur.»
594 1201 680 1243 Epp.
698 1201 731 1240 2,

38 1250 73 1288 4,
99 1250 166 1281 ⁴5:
203 1251 374 1282 Praesenti
403 1250 462 1282 tibi
487 1253 640 1282 maturos
661 1251 735 1282 lar—

35 1299 149 1340 ,qm
167 1299 307 1331 honores
323 1300 553 1339 Iurando-sque
568 1303 661 1331 tuum
672 1309 736 1340 per

36 1357 155 1381 nomen
171 1349 330 1390 ponimus
350 1358 444 1382 aras.
505 1350 570 1381 Dio
593 1350 652 1388 5⁴,
678 1350 732 1381 20.

37 1407 70 1430 a.
104 1406 141 1430 u.
178 1407 210 1430 c.
241 1398 317 1430 725.
364 1399 513 1431 Senatus
546 1399 639 1430 inter
670 1397 735 1430 alia

38 1447 220 1479 decrevit:
258 1446 299 1488 ἐς
329 1444 422 1488 τοὺς
444 1442 591 1490 ὕμνους
613 1443 735 1480 αὐτὸν

39 1494 82 1538 ἐξ
103 1494 193 1529 ἴσου
216 1500 301 1537 τοῖς
325 1497 433 1537 θεοῖς
455 1495 733 1543 ἐσγράφεσθαι.

41 1547 171 1579 Contra
201 1547 231 1579 si
257 1545 354 1587 legas
376 1546 480 1587 bibet,
520 1546 602 1579 mali
623 1556 735 1589 prope

40 1596 169 1628 ominis
189 1604 260 1628 vox
282 1596 366 1635 erit,
407 1597 623 1637 «Augustum
657 1599 738 1638 post

39 1645 195 1676 mortem
206 1644 318 1686 (cuius
329 1645 475 1686 quidem
485 1646 618 1678 mentio
631 1646 737 1678 etiam

39 1693 106 1727 sub
130 1694 196 1725 bac
218 1693 490 1726 immortalitatis
517 1694 739 1735 pollicitatio-

40 1751 86 1775 ne
108 1743 252 1775 minime
275 1744 374 1783 grata
397 1743 430 1775 ei
453 1743 569 1775 futura
592 1745 678 1785 erat)
703 1745 738 1777 in

41 1792 192 1824 deorum
213 1801 404 1824 numerum
420 1792 638 1834 adscriptum
660 1795 735 1826 iri.»

40 1842 85 1874 Et
116 1841 320 1873 cautissime
355 1841 501 1882 quidem
543 1842 588 1875 de
621 1843 738 1875 futura

42 1891 187 1931 Augusti
208 1886 429 1922 ἀποθεώσει
450 1887 547 1932 loqui
562 1891 736 1932 solebant,

41 1941 82 1972 ut
102 1939 166 1972 Od.
192 1940 228 1979 ⁴,
252 1941 290 1978 2,
316 1939 379 1972 45.
417 1941 519 1972 Serus
546 1942 582 1973 in
609 1943 739 1974 caelum

40 1989 168 2021 redeas.
192 1988 291 2021 ovid.
315 1990 396 2022 Met.
422 1990 480 2029 ⁴5,
504 1990 579 2022 838.
604 1992 639 2023 et
660 1991 736 2023 868.

233 2038 298 2069 57·
338 2038 459 2078 Optavi
476 2042 604 2079 peteres
632 2041 741 2072 caele-

42 2087 352 2119 suasideratarde.
378 2087 467 2120 lbid.
483 2088 557 2120 ⁴65.
575 2089 608 2128 5,
627 2090 659 2128 5,
673 2089 737 2120 6⁴.

47 2135 172 2169 Caesar
193 2136 243 2168 dis
264 2145 455 2177 accessure,
479 2138 534 2169 sed
555 2138 651 2177 olim,
675 2139 740 2170 Ae-

0 2166 184 2243 {quar-int
204 2186 313 2225 Pylios
333 2195 409 2218 cwm
431 2189 491 2218 tua
510 2187 587 2227 fata
609 2188 686 2219 dies
701 2205 737 2211 -

0 2198 169 2276 ἓποπαν]
192 2234 417 2268 beatitudinis
433 2237 539 2277 atque
554 2236 741 2269 immorta-

0 2289 8 2320 ῑ
44 2282 148 2316 litatis
180 2284 306 2324 imago.
354 2285 410 2317 Sic
442 2285 476 2317 in
510 2285 740 2318 Etruscorum

44 2333 144 2365 umis
172 2333 353 2366 cinerariis
390 2333 580 2366 beatorum
615 2335 741 2367 animis

46 2391 68 2414 a
108 2382 312 2424 pocillatore
355 2384 544 2424 porrigitur
586 2385 740 2417 nectaris

0 2415 13 2459 ξ
47 2431 208 2472 cyathus.
252 2432 337 2464 Ami.
374 2433 445 2464 dell’
479 2433 558 2464 Inst.
596 2433 739 2465 archeol.

0 2498 17 2554 ἴῑ
46 2479 256 2561 ἮέὶῗΗῗσ
277 2533 308 2561 te
332 2529 524 2570 merentem]
562 2530 742 2563 «Bacchus

0 2572 15 2621 ζ
48 2584 202 2618 quoque,
220 2577 390 2617 Semeles,
407 2576 566 2610 mortalis
576 2578 740 2618 feminae,

2 2623 7 2627 ‘
49 2623 152 2665 tilius,
169 2625 258 2659 deus
268 2626 380 2659 factus
392 2628 459 2666 est,
475 2626 556 2659 ideo
567 2627 662 2660 hunc
676 2628 744 2660 ho-

50 2681 175 2707 norem
196 2675 360 2715 meritus,
385 2675 482 2716 quod
501 2677 679 2716 agrestem
701 2684 743 2708 ac

781 705 893 738 feram
928 706 1112 738 hominum
1142 706 1252 738 vitam
1283 705 1486 738 excoluerat

782 755 1010 795 victoriisque
1034 755 1107 787 suis
1130 755 1324 788 incruentis
1348 754 1394 787 ad
1416 755 1486 787 hu-

783 804 991 836 manitatem
1013 803 1254 836 traduxerat.»
1294 805 1356 837 Ov.
1379 805 1482 837 Trist.

783 854 824 893 5,
859 853 899 893 3,
937 853 999 886 ⁴9:
1051 854 1122 894 Ipse
1154 863 1284 895 quoque
1322 855 1487 886 aetherias

782 903 910 935 meritis
931 903 1078 934 invectus
1104 912 1138 935 es
1168 912 1283 943 arces,
1321 905 1396 944 Qua
1418 914 1486 936 mm

783 953 906 994 emique
942 952 1034 993 sacta
1072 951 1186 984 labore
1222 954 1281 985 via
1325 957 1390 994 est,
1439 954 1485 987 de

784 1002 935 1034 Baccho.
964 1019 1000 1024 —
1020 1001 1136 1043 pater]
1160 1001 1302 1035 solitum
1326 1004 1489 1036 omnium

784 1051 935 1083 deorum
950 1050 1147 1090 ἐπίθετον,
1173 1051 1345 1085 sollemne
1362 1055 1486 1086 autem

784 1101 988 1133 Latinorum
1012 1101 1120 1133 Liberi
1136 1103 1260 1142 patris.

829 1149 881 1183 ⁴4.
918 1150 1059 1192 Vezere]
1084 1150 1130 1182 ad
1157 1151 1308 1184 deorum
1334 1152 1487 1185 domici-

784 1198 893 1238 lium,
919 1199 1119 1241 Olympum.
1147 1219 1184 1223 —
1216 1201 1336 1243 tiyres]
1370 1203 1487 1243 imago

786 1248 932 1281 feritatis
963 1248 1008 1280 ab
1033 1258 1077 1281 eo
1101 1249 1334 1290 perdomitae.
1376 1251 1488 1292 Tigris

785 1299 906 1330 autem
934 1297 992 1330 vel
1023 1299 1140 1340 potius
1164 1300 1336 1340 panthera
1358 1300 1487 1332 Libero

784 1347 876 1388 patri
910 1355 1012 1379 sacra
1046 1350 1123 1380 erat
1157 1347 1247 1389 fera,
1285 1349 1362 1382 eius
1385 1350 1487 1398 quasi

785 1396 935 1435 famula;
975 1405 1086 1437 quare
1130 1397 1258 1430 crebro
1302 1400 1487 1440 comparet

785 1447 820 1478 in
854 1445 1063 1487 anaglyphis
1086 1448 1287 1487 Bacchicis,
1322 1447 1420 1480 velut
1451 1449 1487 1480 in

785 1497 898 1536 Zoega
920 1496 1015 1527 Bassi
1042 1496 1151 1528 rilievi
1178 1498 1204 1529 1.
1231 1506 1266 1539 p.
1293 1497 1346 1529 35.
1396 1499 1487 1529 Ger—

784 1545 876 1576 hard
898 1548 968 1577 ant.
986 1545 1104 1577 Bildw.
1123 1546 1160 1577 T.
1180 1547 1263 1578 CIX.
1289 1547 1485 1587 Imaginem

787 1594 941 1635 expingit
964 1594 1126 1627 Sidonius
1150 1594 1261 1636 Apoll.
1288 1596 1326 1628 C.
1348 1597 1403 1635 22,
1421 1596 1458 1628 2⁴
1477 1605 1484 1626 ε

785 1644 885 1675 Euan
910 1644 1094 1684 populatus
1114 1645 1282 1684 Erythras
1307 1645 1391 1677 Vite
1417 1654 1487 1677 ea-

781 1693 985 1732 pistratas
1014 1693 1152 1735 cogebat
1180 1694 1215 1725 in
1238 1695 1350 1726 esseda
1371 1695 1484 1736 times,

788 1742 954 1780 Quamvis
969 1744 1090 1775 autem
1110 1744 1165 1775 vis
1188 1744 1383 1776 sententiae
1406 1745 1490 1776 insit

787 1792 823 1823 in
856 1799 913 1822 vv.
937 1791 1009 1823 Hac
1037 1795 1068 1823 te
1099 1796 1299 1833 merentem,
1338 1792 1489 1825 libenter

787 1842 908 1872 tamen
940 1841 1151 1873 immoratur
1180 1843 1216 1874 in
1250 1844 1390 1884 poetica
1419 1843 1487 1875 hac

788 1888 956 1930 tigridum
971 1891 1123 1931 imagine
1147 1894 1225 1923 tuae
1239 1910 1258 1915 -
1273 1910 1292 1915 -
1308 1892 1484 1930 trahentes,

789 1947 859 1978 qua
888 1938 933 1970 de
962 1948 1002 1971 re
1032 1940 1208 1972 immerito
1232 1949 1252 1971 a
1276 1939 1488 1973 scholastico

789 1987 947 2027 quodam
969 1989 1210 2029 reprehensus
1227 1991 1292 2021 est.
1314 2008 1350 2012 —
1369 1990 1487 2030 Longe

787 2045 875 2068 vero
914 2038 1028 2070 rarius
1069 2038 1105 2069 in
1143 2039 1238 2071 vasis
1272 2039 1375 2080 pictis
1405 2047 1489 2071 cum

789 2085 916 2118 Libero
947 2087 1103 2119 sociatur
1131 2087 1210 2126 leo;
1246 2089 1282 2120 in
1306 2087 1380 2120 aliis
1403 2088 1488 2120 artis

789 2135 956 2176 operibus
973 2136 1138 2168 Centauri
1155 2137 1230 2169 eius
1247 2137 1365 2169 currui
1379 2137 1489 2169 iuncti

789 2186 872 2217 sunt
898 2185 1087 2226 (Boettiger
1110 2187 1301 2227 Vasenqem.
1325 2187 1382 2218 III.
1405 2195 1485 2227 pag.

791 2234 865 2266 439.
891 2233 996 2266 Millin
1013 2235 1089 2266 Gal.
1106 2235 1208 2274 myth.
1228 2236 1265 2266 T.
1279 2235 1362 2267 LIII.
1376 2235 1486 2275 235.);

790 2282 872 2314 alibi
895 2283 1002 2315 etiam
1032 2284 1133 2315 hirci.
1168 2283 1339 2324 (Gerhard
1360 2285 1490 2317 'Vasen-

789 2341 874 2373 qem.
910 2333 947 2364 T.
985 2332 1080 2372 LIV.)
1132 2333 1365 2366 Dromedario
1398 2334 1490 2366 inter

791 2381 882 2413 duos
910 2381 1005 2414 dorsi
1028 2381 1194 2422 gibberes
1218 2381 1411 2415 collocatus
1434 2383 1490 2415 in-

791 2429 884 2461 sidet
904 2429 1067 2463 Bacchus
1089 2430 1324 2473 triumphator
1343 2432 1380 2464 in
1401 2432 1486 2464 Arm.

791 2478 863 2510 dell'
878 2479 958 2510 Inst.
978 2479 1070 2510 arch.
1084 2480 1126 2511 V.
1144 2488 1180 2521 p.
1198 2480 1253 2513 99.
1280 2499 1317 2504 -
1342 2481 1486 2522 indocili]

791 2536 874 2560 cum
895 2528 1051 2569 primum
1072 2529 1320 2562 reniterentur.

837 2577 888 2609 ⁴5.
916 2577 968 2609 46.
994 2577 1057 2609 hac
1079 2578 1257 2620 Quirinus]
1282 2580 1489 2620 quippequi

791 2625 877 2658 lulio
899 2625 1047 2658 Proculo
1075 2626 1166 2660 haec
1187 2627 1352 2660 mandata
1376 2627 1490 2660 dede—

791 2676 855 2708 rit:
885 2675 1008 2721 Χαῖρε
1028 2676 1095 2709 καὶ
1122 2674 1242 2722 φράζε
1269 2673 1486 2719 Ῥωμαίοις,
