1722 2904
648 79 726 112 UB.
754 79 811 112 111.
859 79 897 111 C.
922 78 990 111 11..

1476 74 1523 118 44
1534 74 1551 117 4

349 183 518 227 Ducere
547 189 590 226 et
618 182 733 226 rivos
762 181 928 226 celeres
957 181 1139 233 morari;

350 263 488 307 Cessit
516 263 711 306 immanis
740 261 814 306 tibi
847 262 1079 306 blandienti

458 345 615 388 Ianitor
642 343 784 394 aulae,

346 450 582 500 Cerberus,
613 450 808 508 quamvis
837 449 987 493 furiale
1015 456 1187 494 centum

346 531 534 574 Muniant
562 545 725 588 angues
755 537 884 588 caput
911 530 1007 574 eius
1036 537 1167 588 atque

346 612 528 669 Spiritus
558 618 667 655 teter
695 611 926 669 saniesque
955 619 1098 655 manet

210 750 263 783 43.
287 750 384 791 tigris
404 750 441 781 T.
469 767 504 772 —
531 749 583 781 48.
608 752 709 790 caput
730 752 891 789 malque
912 748 1056 782 Bentleii
1080 749 1187 782 dubia
1211 750 1382 792 suspicio;
1411 754 1520 783 aestus

165 803 266 840 atque
286 798 443 832 malebat
462 800 629 840 Doering,
654 799 702 830 wi
724 802 755 831 et
775 807 878 839 usque
898 799 946 831 lo.
966 807 1035 831 von
1055 801 1135 831 Gott
1154 798 1326 832 Frchlich.
1350 801 1516 833 Ceterum

166 858 223 881 vv.
249 849 359 881 47-20.
384 848 562 881 subditicii
590 847 754 881 videntur
778 848 993 887 Eichstadio.
1029 848 1251 889 Heinrichio,
1286 850 1515 888 Buttmanno,

166 899 385 937 Hermanno,
410 898 540 930 Naekio
555 923 563 936 ,
587 897 765 937 Webero,
789 897 938 930 norman
956 897 1215 941 Peerlkampio,
1241 899 1430 938 Meinekio,
1454 900 1519 932 Re-

165 946 256 988 gelio
265 972 273 986 ,
302 946 464 980 Liibkero
474 973 482 987 ,
510 946 596 979 aliis.

166 1065 283 1098 43-46.
317 1065 419 1106 tigres
445 1065 654 1107 consite-sque]
684 1065 816 1098 -Ducis
865 1068 919 1097 tor
940 1065 1050 1106 iungit
1070 1064 1230 1105 Liibker,
1255 1067 1295 1098 ut
1315 1067 1403 1099 Aen.
1420 1067 1457 1107 6,
1482 1066 1559 1100 40οῑ

122 1116 229 1156 tigres
256 1115 404 1148 comites
432 1116 468 1147 et
497 1113 602 1147 silvas
631 1115 815 1147 comites.

122 1165 164 1197 Η.
194 1163 217 1197 l.
249 1165 452 1205 zeugmate,
495 1165 535 1196 ut
574 1163 631 1196 alii
673 1163 813 1196 volunt:

121 1218 159 1246 tu
184 1217 279 1254 potes
309 1214 412 1255 tigres
443 1213 590 1247 domare
623 1214 818 1254 comioesque

120 1263 222 1296 silum
234 1263 370 1303 ducere,
398 1271 488 1304 opus
503 1272 573 1296 uon
590 1266 655 1297 est.
681 1263 733 1297 Cf.
749 1264 814 1297 Od.

123 1314 161 1352 4,
186 1313 247 1352 42,
270 1313 304 1345 7.
334 1331 371 1336 -
399 1313 499 1346 Cessit
528 1314 610 1356 cet.]
641 1314 816 1355 Significat

121 1363 179 1395 hic
201 1362 382 1404 Orpheum
410 1363 611 1404 Eurydicen
640 1372 743 1397 suam
773 1373 817 1396 ex

122 1412 212 1444 Orco
233 1413 456 1453 repetentem
470 1437 478 1451 ,
503 1422 720 1455 qumquam
748 1413 817 1446 hoc

122 1469 236 1502 nuper
255 1461 400 1502 quidam
423 1463 579 1503 negavit,
609 1463 710 1504 quasi
730 1471 816 1495 vero

121 1510 158 1542 h.
193 1509 216 1543 l.
247 1510 405 1552 perfecta
438 1512 559 1544 aoristi
593 1511 818 1553 significatio-

123 1568 207 1592 nem
222 1559 412 1599 haberent‚
438 1569 530 1602 quae
544 1562 704 1603 perfecta
719 1563 816 1594 certe

122 1610 321 1650 comparari
354 1612 551 1651 nequeunt.
588 1613 627 1643 ut
652 1610 709 1643 ille
738 1612 817 1652 opi-

123 1659 225 1691 natus
255 1660 326 1698 est,
362 1668 447 1692 cum
480 1659 544 1691 Od.
569 1660 607 1697 3,
640 1661 679 1699 2,
711 1660 753 1692 30
782 1661 817 1692 et

122 1707 177 1740 32.
197 1725 236 1730 —
251 1708 418 1750 inmanis]
443 1709 533 1742 Cum
554 1709 732 1742 Cerberus
758 1719 818 1742 sa—

123 1757 168 1790 tis
207 1757 396 1790 definiatur
438 1758 583 1800 stropha
624 1761 815 1800 sequente,

122 1816 156 1838 v.
181 1807 337 1839 hmani-3
371 1807 527 1849 (vastae)
555 1808 672 1840 refero
706 1809 752 1841 ad
781 1818 815 1840 v.

123 1857 242 1896 aulae,
280 1857 376 1898 quod
408 1866 443 1889 v.
473 1859 674 1891 necessario
696 1859 819 1900 requi—

122 1907 170 1938 rit
189 1906 382 1946 §altile-rom
408 1916 500 1949 quae
524 1908 619 1940 enim
634 1908 715 1940 aula
737 1910 818 1940 tan-

122 1956 208 1989 dem
230 1957 313 1995 erit,
338 1957 368 1989 si
388 1957 512 1998 iungas
525 1957 681 1990 humanis
694 1958 820 1990 ianitor

108 2005 305 2038 'Corbu-us?
336 2007 376 2038 ut
405 2007 459 2038 est
487 2015 573 2038 sane
601 2007 698 2048 apud
722 2007 815 2048 Virg.

122 2056 209 2088 Aen.
233 2055 270 2094 6,
294 2054 376 2088 4⁴8:
415 2055 574 2088 Cerberm
595 2073 616 2080 ·
636 2074 657 2081 -
679 2057 819 2090 adverso

122 2104 286 2136 recubans
305 2105 462 2136 inmanis
483 2105 519 2137 ὄπ
541 2109 652 2138 antro.
692 2107 819 2138 Ima-

123 2154 176 2185 ais
196 2154 316 2186 autem
338 2154 421 2186 aula
443 2153 571 2186 dicitur
597 2158 635 2187 ut
658 2157 817 2194 antrum,

123 2202 332 2235 barathrum
354 2203 517 2243 inunum,
540 2204 675 2245 praeda
696 2205 819 2237 inmm-

123 2252 187 2283 ais.
217 2251 271 2291 (Ut
291 2261 373 2291 nos,
398 2253 508 2285 iunxit
529 2254 635 2285 etiam
650 2254 767 2287 Naeke
783 2255 817 2286 in

123 2301 245 2341 Progr.
268 2309 301 2332 a.
327 2301 423 2333 4824.
448 2301 600 2334 afferens
622 2303 768 2335 Accium
782 2304 818 2335 in

124 2349 268 2382 Philoct.
291 2350 388 2391 apud
411 2351 561 2384 Nonium
583 2352 619 2383 in
642 2361 674 2383 v.
696 2352 819 2384 inma-

124 2408 185 2431 ne:
209 2400 390 2441 Phrygiam
409 2401 572 2432 minorem
592 2410 659 2432 esse
680 2402 736 2433 aio
753 2402 819 2434 iam—

123 2449 218 2480 mam'
251 2449 405 2481 Graecia.
452 2448 541 2481 Nihil
576 2451 693 2482 tamen
725 2450 760 2483 h.
794 2450 816 2483 l.

125 2498 218 2530 inoet
238 2498 273 2530 in
295 2498 364 2530 boc
382 2498 543 2541 ἐπιθέτῳ
566 2499 736 2532 reconditi
759 2502 820 2532 aut

128 2547 246 2579 minus
268 2547 403 2586 usitati,
429 2556 511 2580 cum
533 2547 695 2589 Virgilius
709 2557 816 2590 saepe

126 2595 223 2632 idem
236 2596 344 2629 addat
358 2596 478 2630 verbis
491 2598 662 2637 melitum,
687 2601 799 2630 atrum
809 2624 816 2637 ,

128 2645 341 2685 barathrum,
365 2647 530 2687 tertuum.
558 2647 646 2680 Cum
668 2657 702 2679 v.
727 2648 820 2679 iani·

863 1114 980 1156 inyem
1000 1115 1136 1147 ianitor.
1183 1116 1291 1148 Recte
1321 1116 1393 1148 iam
1419 1115 1563 1148 lambi-

866 1164 958 1203 uus.)
993 1164 1063 1197 Cfr.
1088 1163 1191 1197 Silius
1218 1165 1257 1204 2,
1287 1166 1371 1197 552:
1407 1166 1565 1198 msam-is

865 1213 1062 1270 lacrimosae
1093 1215 1220 1246 tanum·
1248 1215 1359 1297 aula}
1398 1233 1435 1238 —
1466 1215 1564 1248 blan—

866 1263 978 1305 doentt]
1002 1263 1054 1297 Cf.
1080 1264 1144 1296 Od.
1171 1265 1208 1303 4,
1232 1264 1332 1304 24,4
1338 1265 1371 1297 3.

911 1314 963 1345 47.
991 1313 1044 1346 48.
1067 1314 1243 1355 fim'alejn
1227 1314 1361 1347 «simile
1377 1315 1482 1356 capiti
1498 1315 1562 1348 Fu-

865 1363 1017 1402 riarum,
1061 1372 1152 1404 quae
1187 1364 1285 1406 ipsae
1320 1373 1463 1406 quoque
1497 1373 1563 1406 pro

866 1409 1000 1454 capillis
1036 1412 1171 1445 habent
1208 1416 1435 1455 serpentes.»
1481 1415 1563 1447 «Sic

864 1461 999 1503 sin-talis
1026 1462 1170 1494 &acessus
1197 1462 1243 1495 de
1265 1462 1342 1503 tali,
1378 1463 1472 1505 quali
1495 1464 1564 1496 Fu·

865 1512 939 1543 riae
970 1520 1010 1544 se
1040 1511 1171 1544 inferre
1201 1511 1335 1552 solent,
1371 1513 1467 1555 apud
1489 1514 1560 1546 Liv.

866 1562 905 1600 7,
927 1562 1005 1594 ⁴7.»
1029 1562 1134 1594 Domi.
1155 1580 1192 1585 —
1210 1563 1345 1605 unques]
1364 1562 1563 1596 Cerberum

866 1609 1059 1649 ἐχιδναΐον
1078 1609 1239 1644 aaran&
1255 1614 1444 1654 propterea
1459 1614 1565 1644 vocat

868 1659 1071 1693 callimach.
1105 1662 1159 1693 Fr.
1194 1662 1268 1694 464.
1317 1663 1371 1694 De
1405 1661 1563 1694 Cerbero

868 1710 931 1742 cfr.
949 1710 1093 1743 Hesiod.
1115 1710 1244 1752 Theog.
1263 1711 1339 1744 769.
1365 1710 1563 1744 Cerberum

866 1759 1055 1801 tricipitem
1078 1768 1163 1792 cum
1185 1760 1298 1792 cauda
1321 1761 1488 1801 anguina,
1517 1759 1563 1792 ab

867 1807 1020 1841 Hercule
1043 1817 1087 1840 ex
1109 1809 1200 1841 Orco
1221 1811 1442 1851 protractum
1461 1818 1565 1842 mon-

867 1860 956 1891 strat
978 1857 1121 1890 celebre
1143 1867 1207 1891 vas
1230 1859 1448 1892 canusinum
1469 1859 1563 1901 apud

867 1908 1057 1949 Inghirami
1080 1908 1170 1941 Gau.
1193 1908 1264 1940 Om.
1288 1909 1344 1940 111.
1370 1909 1408 1940 T.
1425 1909 1479 1942 88.
1504 1910 1565 1942 Bi-

868 1965 955 1998 ceps
978 1959 1033 1989 est
1054 1956 1138 1988 ibid.
1165 1958 1202 1989 T.
1223 1957 1277 1989 94.
1304 1957 1374 1990 Cfr.
1392 1958 1564 1999 imprimis

868 2006 1027 2039 Gerhard
1041 2007 1179 2047 Vasenq.
1192 2007 1234 2038 11.
1249 2007 1286 2039 Τ.
1302 2007 1445 2039 CXXIX.
1458 2016 1561 2049 seqq.

867 2057 941 2090 Uno
978 2056 1162 2088 dumtaxat
1198 2057 1313 2098 capite
1350 2057 1387 2088 in
1419 2057 1564 2098 antiquo

867 2107 1099 2138 monumento
1122 2106 1284 2138 Treveris
1299 2108 1482 2140 asservato
1500 2116 1565 2140 ex-

867 2162 1034 2196 pressum
1057 2163 1138 2187 esse
1162 2156 1282 2187 narrat
1306 2154 1457 2188 Liibker.
1482 2156 1561 2189 Vid.

867 2203 913 2236 ad
934 2212 1080 2236 versum
1102 2204 1157 2236 20.

913 2253 967 2285 49.
992 2253 1045 2285 20.
1083 2253 1230 2294 Spiritus
1251 2254 1343 2295 teter]
1376 2255 1564 2293 -Quamvis

868 2302 993 2335 foedus
1028 2303 1164 2343 spiritus
1206 2302 1353 2343 (halitus
1394 2303 1562 2346 foetidus)

869 2353 905 2384 et
933 2352 1043 2384 sanies
1065 2351 1204 2394 (Geifer)
1235 2362 1279 2385 ex
1308 2353 1385 2385 eius
1415 2362 1478 2386 ore
1501 2362 1565 2386 ex-

869 2403 943 2439 eat,
975 2403 1013 2433 ut
1036 2402 1165 2434 heroas
1187 2403 1377 2435 intraturos
1399 2402 1562 2444 repellat.

868 2450 1016 2483 umbras
1044 2451 1212 2493 effugium
1235 2454 1450 2493 quaerentes
1472 2453 1564 2486 intro

869 2502 983 2541 agat.»
1028 2501 1163 2533 Sao-iem
1194 2502 1296 2534 istam
1326 2501 1441 2534 tabum
1460 2506 1565 2535 vocat

868 2551 1003 2582 Seneca
1034 2551 1137 2583 Herc.
1175 2551 1240 2583 fur.
1273 2551 1356 2583 787:
1394 2552 1564 2585 sordidum

868 2598 945 2631 tabo
982 2603 1083 2639 caput
1116 2600 1281 2632 Lambtmt
1317 2600 1482 2633 colubrae.
1523 2619 1561 2626 -

867 2648 908 2679 V.
932 2652 1044 2681 manet
1075 2658 1140 2690 per
1169 2649 1310 2682 solitum
1333 2659 1480 2691 zeugma
1501 2659 1563 2683 re-
