1722 2904
145 92 226 133 334

661 93 834 125 HORATII
858 93 1083 128 CARMINUM

483 196 593 240 Clari
625 195 831 254 Giganteo
861 196 1077 254 triumpho
1095 231 1103 248 ‚

544 277 705 321 Cuncta
725 277 968 335 'supercilio
998 278 1222 322 moventis.

377 364 384 371 ’
428 380 520 432 Est}
554 361 601 425 'ut
629 383 721 426 viro
751 383 817 426 vir
847 380 972 433 fatius'
1002 379 1171 428 ordinet
1247 382 1258 395 ⁸

299 478 323 493 ν
426 463 611 507 Arbusta
643 463 797 515 sulcis,
829 464 898 508 hic
928 466 1183 523 generosior

1540 469 1593 510 ⁴0

463 540 731 601 ¹Descendat
754 542 803 588 'in
833 546 1043 604 Campum
1072 531 1246 604 petitor,

484 657 493 663 .
538 606 731 669 Moribus
755 626 831 670 'hic
861 616 1103 686 meliorfssue
1131 608 1244 671 {ama
1301 651 1304 654 ·

427 731 682 782 Contendat,
715 731 773 774 illi
804 732 931 775 turba
962 732 1180 776 clientium

230 864 261 896 9.
287 865 366 896 Esto
390 863 547 896 malebat
569 863 759 898 Bentleius.

141 977 181 1015 5,
207 976 244 1015 7,
271 975 332 1008 44:
373 975 410 1007 Si
434 975 522 1015 quod
544 975 664 1015 imperi
687 979 734 1008 est
755 976 791 1007 in
815 979 845 1008 te

139 1026 231 1058 mihi.
279 1027 376 1058 Pers.
404 1025 442 1065 3,
470 1026 506 1064 4,
533 1026 593 1057 45ῑ
618 1027 741 1064 Meum,
769 1026 845 1066 opi-

139 1084 216 1115 nor,
240 1075 418 1116 imperium
440 1075 474 1107 in
498 1078 539 1114 te,
564 1084 631 1106 non
653 1076 688 1106 in
710 1084 763 1107 me
786 1075 844 1107 tibi

139 1129 196 1157 est.
224 1125 293 1157 Cfr.
312 1124 463 1157 Liibker.
485 1143 521 1147 —
548 1125 710 1165 Giyanteo
727 1125 845 1156 trium-

134 1174 218 1216 pho]
244 1183 314 1215 quo
337 1174 412 1215 ipse
434 1173 631 1214 legitimum
655 1173 752 1206 orbis
769 1175 844 1205 ter-

139 1233 262 1256 rarum
293 1224 470 1264 totiusque
495 1223 619 1255 mundi
653 1224 842 1264 imperium

139 1273 290 1315 adeptus
308 1275 394 1305 erat.
417 1291 452 1296 -
474 1273 588 1305 Curru
605 1273 639 1304 in
657 1273 842 1313 Gigantum

139 1325 257 1363 strage
304 1323 484 1354 invectum
530 1323 651 1354 Iovem
699 1321 843 1354 exhibet

140 1371 410 1405 Winckelmann
436 1373 527 1403 Mon.
554 1372 639 1403 ined.
666 1380 701 1412 p.
731 1371 762 1403 9.
800 1372 839 1403 N.

139 1422 180 1454 X.
206 1423 320 1454 Museo
343 1421 486 1453 Borbon.
514 1423 539 1453 l.
566 1422 602 1453 T.
629 1421 682 1452 53.
715 1421 843 1461 Gigan-

139 1472 336 1511 tomachia‚
373 1471 409 1503 in
442 1480 511 1513 qua
546 1470 716 1503 Hercules
750 1471 842 1502 Iovis

140 1522 195 1553 est
228 1521 359 1561 auriga.
396 1522 484 1553 Mus.
514 1521 654 1562 Gregor.
691 1521 727 1552 T.
767 1520 839 1551 VII.

140 1570 313 1612 imprimis
353 1570 525 1602 Gerhard,
551 1571 688 1611 Vasenq.
725 1571 765 1601 11.
802 1570 839 1601 T.

139 1620 313 1652 LXXXIV.
337 1620 508 1651 Archaeol.
534 1620 604 1661 th.
635 1621 678 1651 11.
703 1628 738 1660 p.
764 1617 839 1650 264.

140 1670 177 1701 et
199 1669 276 1701 380.
323 1670 480 1711 Iuppiter
503 1669 676 1701 imberbis
701 1669 841 1700 Titanas

140 1717 302 1751 fulminat
330 1719 365 1750 in
397 1728 539 1760 gemma
563 1719 657 1760 apud
683 1717 843 1750 Sehlich-

139 1767 264 1809 tegroll
301 1769 431 1801 Pieri-es
462 1778 515 1810 qr.
563 1770 600 1800 T.
637 1769 691 1800 ΞΟ.
754 1768 843 1800 Hinc

139 1818 315 1851 Lucianus
339 1819 425 1850 Tim.
444 1818 476 1851 4.
503 1818 643 1850 deridet
665 1817 742 1850 eius
767 1817 844 1858 epi—

139 1867 237 1899 theta
272 1877 291 1899 a
326 1868 442 1909 po'e'tis
466 1868 636 1908 usurpata
660 1867 842 1910 Γιγαντο-

139 1915 257 1963 λετωρ
280 1919 346 1949 καὶ
371 1915 675 1963 Τιτανοκράτωρ.

183 1967 214 1999 8.
252 1967 446 2008 supercilio]
483 1966 579 1999 Iliad.
606 1977 651 2006 a,
676 1967 762 2000 5⁶28:
795 1962 847 1998 Ἢ

139 2018 201 2048 καὶ
231 2018 439 2063 κυανέῃσιν
474 2016 529 2049 ἐπ’
559 2013 707 2062 ὀφρύσι
731 2014 843 2049 νεῦσε

140 2066 324 2112 Κρονίων·
346 2064 573 2112 Ἇμβρόσιαι
595 2066 626 2102 δ’
652 2062 730 2113 ἄρα
753 2070 842 2105 χαϊ-

139 2126 202 2148 ται
235 2112 501 2162 έπεᾷῥώσαντο
537 2111 705 2157 ἄνακτος
738 2116 842 2162 Κρα-

139 2162 205 2206 τὸς
231 2162 293 2197 ἀπ’
309 2164 539 2199 ἀθανάτοιο·
563 2167 686 2210 μέγαν
712 2164 744 2197 δ’
760 2165 842 2198 ‹sls-

139 2210 460 2257 λιξενὌλυμπον.
511 2215 634 2249 catull.
662 2215 703 2249 64
719 2242 726 2255 ‚
753 2215 839 2248 204:

138 2265 264 2297 Annuit
312 2266 433 2297 invicto
478 2266 653 2298 caelestum
708 2266 843 2298 numine

138 2317 265 2354 rector,
317 2315 388 2354 Quo
433 2318 510 2346 tunc
544 2318 575 2347 et
610 2315 705 2347 tellus
742 2318 843 2355 atque

139 2363 279 2395 horrida
295 2367 563 2396 contremuerunt
584 2365 741 2405 Aequora
761 2374 842 2396 con-

139 2413 302 2453 cussitque
344 2414 507 2445 micantia
541 2414 653 2446 sidera
684 2415 838 2446 mundus

138 2462 233 2502 Virg.
277 2463 364 2494 Aen.
402 2462 441 2501 9,
480 2463 564 2494 406:
617 2467 721 2507 totam
758 2467 843 2496 nutu

139 2512 316 2552 tremefecit
340 2511 524 2551 Olympum.
548 2530 582 2534 —-
617 2513 771 2544 Fuerunt
796 2513 841 2554 (in

140 2560 270 2601 quibus
303 2561 511 2602 Boettiger),
549 2561 607 2601 qui
643 2563 842 2594 statuerent

140 2608 274 2641 nullum
306 2618 452 2651 prorsus
483 2618 561 2642 esse
595 2619 726 2642 nexum
750 2612 842 2644 inter

139 2667 195 2689 vv.
222 2659 329 2690 5—8.
357 2661 392 2691 et
415 2668 474 2698 ea,
512 2668 603 2700 quae
628 2662 838 2701 sequuntur.

483 2740 765 2904 25qu
807 2733 862 2858 i>

893 976 1026 1009 Verum
1057 986 1144 1010 sane
1190 978 1241 1011 sic
1282 979 1481 1020 procedunt
1499 980 1595 1013 'iun-

895 1028 1094 1068 gunturque
1134 1029 1355 1060 sententiae:
1408 1029 1491 1061 «Vel
1527 1031 1594 1071 ipsi

894 1084 1015 1116 reges,
1067 1077 1127 1117 qui
1161 1077 1264 1118 primi
1299 1075 1391 1110 inter
1425 1079 1594 1111 mortales

894 1125 1072 1157 ducuntur
1095 1127 1131 1158 et
1153 1127 1383 1168 popularibus
1399 1129 1472 1161 suis
1489 1129 1595 1161 timo-

893 1184 972 1208 rem
1006 1177 1195 1216 incutiunt‚
1235 1186 1377 1210 summo
1410 1179 1503 1211 Iovis
1526 1179 1595 1211 im-

894 1226 994 1267 perio
1018 1225 1167 1258 subiecti
1204 1228 1302 1259 sunt:
1343 1229 1478 1269 pariter
1503 1237 1594 1269 quo-

894 1284 963 1316 que
988 1275 1206 1317 locupletes,
1247 1278 1427 1317 generosi,
1466 1280 1596 1319 poten-

893 1325 1018 1357 tissimi
1043 1326 1174 1366 quique
1199 1326 1292 1358 inter
1314 1328 1455 1359 ceteros
1478 1327 1595 1360 homi-

894 1383 958 1407 nes
982 1376 1191 1408 Necessitati
1206 1377 1350 1417 parent,
1376 1377 1477 1409 cuius
1498 1377 1594 1409 iussa

894 1433 1019 1457 severa
1064 1425 1193 1458 eadem
1227 1435 1313 1458 sane
1361 1427 1444 1459 sunt
1487 1427 1595 1468 atque

893 1475 984 1509 Iovis
1008 1476 1167 1516 supremi
1194 1476 1418 1517 imperium.»

937 1525 968 1556 9.
1003 1525 1080 1564 Est,
1115 1525 1168 1566 ut]
1195 1521 1343 1565 «ἔστιν,
1370 1520 1476 1566 ὅπως
1497 1524 1592 1565 κτλ,

893 1583 958 1606 usu
982 1574 1095 1613 venit,
1120 1575 1159 1606 ut
1181 1573 1270 1607 alius
1293 1574 1387 1607 alio»
1412 1576 1480 1607 cet.
1521 1575 1592 1608 Cfr.

893 1624 980 1665 Epp.
1007 1624 1044 1662 4,
1072 1624 1132 1663 ⁴2,
1159 1624 1190 1656 2.
1241 1623 1515 1666 «Qualecunque
1539 1626 1597 1658 est

893 1674 986 1706 inter
1007 1672 1176 1706 mortales
1200 1673 1412 1714 discrimen,
1444 1676 1484 1706 ut
1506 1674 1595 1707 alius

894 1722 1042 1755 excellat
1065 1722 1329 1755 latifundiorum
1352 1724 1592 1769 possessione,

894 1773 1033 1813 generis
1057 1771 1237 1805 nobilitate
1261 1772 1368 1812 alius,
1394 1773 1483 1805 alius
1510 1782 1596 1814 pro-

893 1822 1002 1853 bitate
1027 1830 1186 1861 morum,
1224 1821 1312 1854 alius
1335 1830 1460 1855 rursus
1484 1822 1595 1854 clien-

892 1872 969 1903 tum
1007 1870 1230 1903 multitudine
1245 1897 1252 1911 ‚
1305 1880 1430 1904 omnes
1473 1874 1594 1904 tamen

894 1930 1008 1962 aeque
1042 1922 1170 1963 parent
1203 1930 1395 1962 supremae
1429 1922 1595 1954 Necessi-

893 1972 989 2003 tati.»
1027 1988 1074 2001 ...
1104 1971 1221 2012 latius]
1261 1971 1370 2003 «Fieri
1392 1972 1531 2012 potest,
1556 1973 1595 2004 ut

893 2019 1019 2061 aliquis
1042 2028 1107 2061 per
1130 2019 1359 2061 ampliorem,
1399 2028 1508 2061 quam
1537 2020 1594 2053 alii

893 2069 1038 2108 habent,
1054 2069 1201 2101 fundum
1214 2070 1310 2102 serat
1317 2069 1408 2102 vites
1418 2071 1454 2101 et
1461 2068 1592 2102 oleas.»

895 2118 1031 2150 Colum.
1050 2118 1087 2158 3,
1107 2119 1147 2150 43
1165 2128 1171 2149 :
1198 2122 1259 2150 aut
1272 2117 1440 2150 scrobibus
1454 2122 1515 2150 aut
1528 2120 1595 2150 sul-

893 2169 939 2199 cis
959 2169 1076 2200 vineae
1095 2168 1290 2208 plerumque
1307 2171 1536 2200 conservantur.
1555 2186 1590 2191 —

893 2217 1039 2258 ordinet]
1091 2218 1154 2249 «in
1186 2218 1425 2257 quincuncem
1462 2218 1592 2249 serat.»

892 2267 1004 2298 Varro
1028 2268 1066 2298 R.
1092 2267 1130 2298 R.
1158 2267 1194 2306 4,
1221 2267 1260 2305 7,
1286 2267 1318 2298 2.

937 2317 991 2348 40.
1018 2317 1070 2348 44.
1101 2316 1255 2357 Arbusta]
1280 2317 1433 2348 maxime
1456 2316 1590 2348 vineas.

891 2366 986 2407 Virg.
1005 2364 1077 2399 Ecl.
1095 2366 1134 2406 3,
1155 2367 1215 2398 4οε
1249 2375 1325 2398 cum
1346 2375 1400 2398 me
1421 2366 1595 2399 arbustum

890 2416 1003 2447 videre
1024 2416 1165 2447 Miconis
1185 2415 1290 2455 Atque
1311 2415 1405 2447 mala
1435 2416 1516 2447 vites
1538 2417 1594 2448 in-

891 2464 1000 2496 cidere
1020 2465 1108 2505 falce
1121 2465 1278 2496 novellas.
1312 2466 1437 2506 Georg.
1455 2465 1488 2504 2,
1507 2464 1590 2498 4⁴6:

891 2515 964 2545 Iam
995 2514 1126 2546 vinctae
1157 2514 1256 2554 vites,
1295 2515 1365 2546 imm
1386 2514 1507 2555 falcem
1530 2524 1592 2546 ar-

892 2563 987 2595 busta
1009 2567 1183 2604 reponunt.
1217 2581 1252 2587 —
1280 2564 1459 2606 Campum]
1485 2565 1590 2596 etiam

892 2613 926 2644 in
949 2613 1107 2654 pedestri
1142 2614 1299 2646 oratione
1322 2621 1499 2655 persaepe
1525 2621 1590 2654 pro

893 2662 1028 2703 Campo
1108 2663 1186 2695 rtio.
1247 2663 1414 2695 Ceterum
1438 2661 1592 2703 loquitur
