1722 2904
207 43 289 84 576

723 43 893 75 HORATu
917 42 1143 76 CARMINUM

679 381 1188 423 cmm

381 499 596 540 Donarem
626 501 797 552 pateras
829 500 1036 551 grataque
1067 492 1346 543 commodus,

380 577 640 626 Censorine,
673 575 780 618 meis
811 588 913 617 aera
943 573 1190 622 sodalibus,

378 659 595 700 Donarem
625 654 834 712 tripodas,
867 654 1059 711 praemia
1090 653 1261 697 fortium

297 779 383 810 Vlll.
410 778 518 809 inser.
544 774 635 816 volg.
660 775 710 806 Ad
734 773 965 813 Censorinum,
992 775 1028 805 et
1050 773 1102 806 sic
1124 773 1210 806 Bbc.
1233 791 1270 797 -
1286 773 1338 806 Aa
1351 774 1520 807 Marcium
1534 774 1619 807 Cen-

259 829 411 859 sorinum
423 827 456 858 S.
486 844 522 850 —-
549 826 625 857 Om.
644 825 680 856 T.
711 842 746 847 —
775 824 805 855 4.
831 823 1010 855 commodis
1031 824 1079 855 Tc
1096 824 1132 855 et
1145 822 1255 856 Aldus
1279 824 1374 856 ⁴509.
1402 824 1483 866 (non
1498 823 1618 863 BbSd,

254 880 326 910 tres
349 876 486 915 Bland.,
510 876 600 908 Pott.
627 875 780 916 septem,
807 881 924 914 neque
948 872 1058 905 Aldus
1082 873 1193 914 45⁴9.)

252 984 324 1015 Vll.
360 984 427 1014 Pro
454 981 564 1013 rebus
588 980 742 1012 cuiusvis
770 979 910 1020 generis

209 1032 392 1075 pretiosis,
431 1039 519 1072 quas
550 1030 654 1072 poeta
679 1038 750 1061 non
780 1028 908 1068 habet,

209 1082 340 1124 quibus
364 1081 500 1113 amicus
529 1089 600 1112 non
629 1080 726 1120 eget,
763 1087 909 1110 carmen

210 1133 242 1164 ei
266 1131 382 1170 mittit,
408 1131 508 1162 cuius
530 1129 686 1171 pretium
709 1129 744 1160 in
769 1136 812 1160 eo
831 1136 911 1159 ma-

208 1182 302 1212 xime
333 1181 497 1212 constare
525 1179 626 1218 dicit,
662 1177 759 1219 quod
782 1178 822 1209 ut
843 1176 909 1208 alia

207 1229 300 1270 aliis,
326 1228 424 1262 velut
438 1229 537 1261 Ennii
559 1228 728 1269 Scipioni,
755 1228 910 1259 Graeco-

208 1288 288 1311 rum
315 1280 502 1320 poetarum
525 1277 713 1316 heroibus,
735 1277 791 1308 ¹sic
816 1276 911 1308 Cen-

209 1329 328 1361 sorino
351 1326 654 1361 immortalitatem
677 1326 762 1358 dare
779 1324 906 1357 valeat.

211 1377 399 1420 (Alcmanis
428 1376 631 1408 imitationis
661 1374 797 1407 nullum
819 1375 912 1407 inest

208 1428 415 1468 vestigium:
441 1435 525 1458 nam
541 1425 722 1467 quomodo
739 1424 785 1456 ad
800 1433 834 1456 v.
855 1425 907 1456 40.

210 1486 230 1510 a
243 1475 455 1510 scholastico
472 1475 625 1508 conferri
645 1474 800 1515 potuerit
821 1472 910 1505 illius

209 1524 406 1559 versiculus
435 1526 572 1565 Fragm.
604 1524 657 1556 27.
689 1523 908 1556 Schneidew.

210 1576 264 1608 78.
281 1575 413 1616 Bergk:
440 1570 494 1606 Οὐ
517 1570 591 1619 γὰρ
607 1570 809 1619 πορφύρας
825 1570 913 1604 τόσ-

210 1635 281 1666 σος
297 1622 432 1670 κόρος,
451 1619 541 1656 ὥστ’
555 1620 795 1666 ἀμύνασθαι,
814 1622 913 1663 equi-

210 1675 295 1708 dem
326 1683 396 1707 non
432 1672 610 1715 intelligo.)
645 1692 681 1697 —
715 1674 753 1706 C.
790 1675 910 1705 autem

209 1725 361 1758 Marcius
393 1724 607 1756 Censorinus
638 1723 702 1756 fuit
730 1722 853 1755 consul
876 1731 908 1754 a.

209 1783 245 1806 u.
279 1783 310 1806 e.
343 1773 419 1806 746.
454 1782 537 1806 cum
572 1774 609 1805 C.
646 1773 766 1805 Asinio
800 1771 908 1804 Gallo.

209 1823 423 1856 Demerendis
455 1822 639 1854 hominibus
667 1823 816 1864 genitum
846 1830 912 1862 ap—

209 1873 316 1915 pellat
332 1872 453 1905 Vellei.
471 1873 509 1912 2,
537 1873 610 1904 402.
637 1873 747 1904 Huius
764 1872 910 1904 denario

155 1925 157 1927 ’
211 1923 309 1965 (Anu.
346 1923 418 1955 dell’
454 1923 532 1954 Inst.
562 1923 620 1954 XI.
652 1931 687 1963 p.
713 1922 802 1963 304.)
839 1921 910 1952 duo

211 1973 325 2014 capita
356 1973 531 2013 impressa
563 1973 644 2004 sunt
672 1980 755 2003 cum
787 1972 908 2003 insen:

210 2022 374 2054 NVMAE.
400 2021 582 2054 POMPILI.
610 2021 723 2053 ANGI.
748 2020 908 2053 MARCII.

214 2091 250 2094 —
268 2073 319 2103 De
336 2073 499 2112 tempore
521 2071 687 2103 carminis
705 2069 788 2102 nihil
807 2069 910 2111 plane

211 2120 332 2162 liquet.
361 2120 551 2152 Grotefend
568 2120 613 2152 ad
630 2129 661 2152 a.
688 2119 763 2152 739.
789 2119 909 2151 refert.

256 2170 287 2201 4.
313 2171 345 2202 2.
381 2170 565 2210 Donarem]
590 2169 756 2202 Kalendis
779 2169 911 2202 Martiis

212 2221 248 2251 et
263 2218 506 2251 Saturnalibus
529 2220 693 2252 homines
715 2217 910 2260 locupletes

211 2269 284 2302 suis
313 2268 495 2301 sodalibus
519 2269 612 2301 dona
638 2267 804 2309 (strenas)
829 2269 912 2300 mit-

211 2317 348 2357 tebant,
385 2317 501 2359 qualia
529 2317 701 2359 significat
728 2317 914 2350 Pseudoti-

211 2367 295 2399 bull.
315 2367 350 2406 3,
378 2368 391 2399 4
409 2392 415 2406 ,
442 2368 455 2399 4
473 2377 479 2398 :
503 2369 627 2401 Martis
647 2368 789 2400 Romani
809 2368 912 2409 festae

209 2426 327 2449 venere
359 2417 530 2449 Kalendae
551 2435 571 2440 -
592 2435 611 2440 -
630 2418 675 2449 Et
701 2426 792 2459 vaga
823 2426 912 2449 nunc

211 2470 304 2498 certa
326 2467 518 2498 discurrunt
531 2467 678 2507 undique
694 2476 822 2507 pompa
835 2468 913 2498 Per-

212 2525 275 2556 que
288 2516 362 2547 vias
376 2515 468 2548 urbis
482 2525 624 2548 munera
642 2525 769 2556 perque
785 2517 907 2548 domos.

212 2566 352 2597 Lucian.
379 2564 596 2598 Cronosolon
622 2566 678 2597 46:
716 2564 910 2598 Saturnali-

212 2614 280 2647 bus
325 2610 588 2657 ἇντιπεμπέτω
633 2611 656 2646 ὁ
694 2616 810 2657 πένης
854 2613 906 2658 τῷ

960 977 1132 1022 πλουσίῳ
1146 1002 1155 1018 ,
1196 974 1219 1010 ὁ
1253 977 1327 1021 μὲν
1361 976 1663 1021 πεπαιδευμένος

959 1027 1113 1067 βιβλίον
1135 1026 1212 1060 τῶν
1235 1026 1420 1068 παλαιῶν,
1445 1027 1485 1061 εἴ
1493 1038 1530 1061 τι
1545 1024 1664 1071 εὔφη-

958 1088 1036 1121 μον
1059 1079 1124 1111 καὶ
1147 1077 1390 1121 συμποτικὸν
1411 1072 1458 1125 ᾖ,
1490 1074 1519 1122 ἢ
1540 1075 1662 1112 αὑτοῦ

959 1126 1213 1174 σύγγραμμα,
1245 1125 1385 1161 ὁποῖον
1415 1124 1467 1161 ἂν
1489 1126 1660 1172 δύνηται.

961 1196 998 1200 -
1032 1179 1215 1220 yrataque]
1247 1187 1360 1219 «quae
1390 1177 1570 1220 plerisque
1600 1187 1664 1211 ac-

958 1229 1061 1269 cepta
1084 1229 1191 1269 atque
1214 1236 1432 1269 magnopere
1459 1228 1659 1270 expetenda

957 1277 1157 1309 videntur.»
1185 1296 1222 1301 -
1239 1277 1440 1319 conmodus]
1466 1279 1660 1311 Construe:

957 1328 1148 1359 commodus
1171 1326 1301 1368 (largus
1325 1329 1360 1359 et
1383 1326 1558 1368 liberalis,
1594 1336 1662 1369 pro

958 1376 1129 1409 adverbio
1156 1377 1217 1408 mit
1244 1377 1326 1420 Lust
1351 1376 1468 1418 Voss.)
1499 1377 1660 1409 donarem

953 1429 1094 1466 pateras
1121 1427 1203 1458 meis
1232 1426 1417 1466 sodalibus3
1454 1435 1526 1458 non
1553 1435 1660 1459 vero:

958 1476 1147 1508 commodus
1174 1476 1256 1508 meis
1281 1475 1458 1508 sodalibus.
1502 1476 1590 1518 Epp.
1615 1477 1658 1517 2,

961 1526 974 1557 4
989 1550 997 1565 ,
1023 1524 1103 1568 2261:
1137 1533 1310 1566 speramus
1323 1534 1361 1557 eo
1375 1534 1448 1558 rem
1461 1529 1640 1559 venturam
1652 1551 1660 1566 ,

958 1578 996 1607 ut
1010 1593 1031 1599 -
1045 1593 1064 1598 -
1079 1575 1270 1607 commodus
1287 1575 1378 1607 ultro
1399 1575 1565 1608 Arcessas.
1605 1576 1662 1608 Sic

959 1623 1111 1656 verbum
1128 1626 1319 1665 cognatum
1333 1625 1544 1657 commodare
1558 1624 1662 1658 alicui

961 1674 1046 1715 quid
1070 1675 1126 1706 est
1148 1673 1322 1706 «libenter
1348 1683 1391 1707 ac
1414 1675 1490 1707 sine
1514 1673 1584 1707 ullo
1608 1675 1662 1708 fe-

960 1732 1047 1756 nore
1072 1723 1117 1755 ad
1139 1725 1280 1756 certum
1303 1725 1446 1766 tempus
1470 1723 1574 1757 alicui
1597 1724 1662 1758 ali-

961 1781 1070 1814 quam
1086 1781 1175 1811 rem,
1194 1781 1264 1814 qua
1276 1774 1406 1814 utatur,
1424 1773 1660 1807 concedere.»

961 1822 1156 1864 Opponitur
1171 1823 1259 1863 Epp.
1279 1823 1292 1854 ⁴
1309 1848 1316 1862 ,
1336 1823 1394 1863 ⁴8,
1413 1822 1474 1856 74:
1503 1824 1553 1855 Ne
1570 1823 1663 1864 (mu-

960 1881 1045 1904 nere
1063 1874 1190 1913 negato
1206 1872 1342 1905 amicus
1364 1872 1410 1913 te)
1433 1873 1661 1906 incommodus

961 1925 1067 1963 angat
1101 1921 1322 1963 (unqefalliy).
1359 1939 1396 1944 —
1437 1922 1532 1962 aera]
1574 1931 1660 1955 vasa

961 1972 995 2003 in
1025 1972 1149 2012 primis
1174 1971 1364 2003 Corinthia.

1004 2020 1107 2052 3-5.
1147 2021 1318 2061 tripodas]
1355 2020 1482 2062 Odyss.
1515 2031 1556 2061 ν,
1593 2021 1657 2057 13ε

955 2065 1047 2101 Ἀλλ’
1071 2064 1156 2112 ἄγε,
1193 2069 1235 2101 οἱ
1253 2067 1380 2112 δῶμεν
1402 2068 1564 2116 τρίποδα
1588 2071 1660 2112 με’-

960 2129 1032 2162 γαν
1055 2114 1123 2161 ἠδὲ
1146 2117 1301 2162 λέβητα.
1338 2119 1481 2152 Hesiod.
1499 2120 1538 2152 Ο.
1557 2121 1593 2152 et
1614 2120 1656 2152 D.

961 2168 1044 2201 656:
1079 2163 1176 2201 ο«ἔνθα
1204 2169 1255 2211 με’
1285 2179 1388 2212 φημι
1403 2163 1526 2212 Ὕμνῳ
1548 2166 1660 2212 νική-

962 2227 1084 2250 σαντα
1121 2219 1252 2263 φέρειν
1289 2216 1434 2264 τρίποδ’
1470 2214 1657 2251 ὠτώεντα.

961 2267 1060 2300 Pind.
1079 2267 1201 2300 Isthm.
1221 2268 1234 2299 ⁴
1250 2293 1258 2307 ,
1277 2268 1336 2300 ⁴8:
1351 2261 1420 2300 “Ev
1434 2269 1466 2300 τ’
1483 2263 1662 2301 ἀέθλοισι

962 2317 1073 2360 θίγον
1096 2315 1282 2350 πλείστων
1303 2313 1462 2360 ἀγώνων
1487 2317 1563 2351 Καὶ
1585 2327 1661 2364 τρι-

962 2364 1144 2399 πόδεσσιν
1175 2364 1402 2409 ἐκόσμησαν
1431 2364 1555 2410 δόμον
1583 2367 1660 2401 Καὶ

961 2414 1189 2460 λεβήτεσσιν
1223 2414 1405 2457 φιάλαισί
1435 2426 1477 2449 τε
1508 2415 1657 2463 χρυσοῦ

960 2464 1167 2509 Γευόμενοι
1192 2464 1393 2507 στεφάνων
1407 2463 1655 2513 Νικαφόρων.

963 2517 1164 2556 —.Ferres]
1197 2516 1399 2555 «auferres,
1437 2517 1655 2559 acciperes.»

963 2583 998 2588 -
1026 2566 1163 2607 arctam]
1194 2574 1364 2607 «operum
1388 2565 1521 2598 affabre
1545 2566 1657 2598 facto-

959 2624 1074 2647 rum.»
1121 2615 1176 2647 Sic
1208 2615 1326 2653 τέχνα
1360 2615 1395 2647 in
1429 2615 1543 2657 Epigr.
1573 2623 1655 2648 mox
