1722 2904
118 43 199 85 734

593 38 596 47 '
654 47 825 79 uonArn
849 47 1022 81 EPODON

229 151 378 206 Neque
411 149 627 207 impudica
659 150 828 194 Colchis
859 151 998 194 intulit
1026 152 1212 209 pedem;

172 231 265 273 Non
293 229 379 274 huc
410 230 572 274 Sidonii
603 238 822 275 torserunt
851 246 1013 276 cornua
1043 240 1198 277 nautae

234 311 468 355 Laboriosa
498 326 580 356 nec
611 312 768 356 cohors
799 312 947 357 Ulixei.

173 391 294 435 Nulla
324 400 479 436 nocent
506 394 653 450 pecori
684 394 897 450 contagia,
933 392 1090 437 nullius
1120 396 1222 438 astri

1516 318 1570 359 60

232 473 416 530 Gregem
447 481 648 517 aestuosa
679 481 811 517 torret
840 474 1101 531 impotentia.

205 613 257 644 6⁴.
284 613 392 644 austri
415 613 458 651 B,
486 613 640 645 Pottierii
664 612 702 649 4,
728 612 766 651 7,
793 613 824 645 8.
855 631 890 635 —
917 613 970 645 62.
996 613 1182 653 inpotentia
1203 615 1242 646 T.

117 736 261 777 vestigia
311 744 435 769 secum
486 735 615 768 afferre
660 735 815 768 solent.»

118 787 225 818 Cuius
250 785 395 827 quidem
418 786 470 817 rei
494 784 654 826 exempla
677 786 816 827 poetica

116 836 236 875 affert,
263 843 391 867 navem
413 836 525 875 Argo,
551 843 621 875 qua
644 836 747 867 vecta
764 836 819 867 est

116 885 258 924 Medea,
295 884 434 916 abiecto
464 883 602 926 pudore
630 886 817 916 externum

116 935 231 967 virum
259 936 396 973 secuta,
423 935 642 967 mercatores
666 934 818 966 Phoeni-

117 985 210 1024 cios,
243 983 386 1018 Ulixem.
415 1001 452 1006 -—
477 983 617 1025 Sidonii]
647 984 722 1015 Iam
745 984 818 1016 Ho-

116 1041 239 1066 merus
256 1033 319 1065 Od.
339 1042 373 1072 0,
399 1032 480 1065 4⁴9:
507 1032 680 1073 Φοίνικες
703 1031 818 1065 πολυ-

117 1081 314 1116 παίπαλοι.
332 1100 371 1105 -
394 1083 534 1122 cornua]
561 1084 659 1115 «Non
683 1091 816 1114 cornua

115 1135 351 1165 antennarum
374 1131 461 1173 (die
487 1131 645 1173 Rahen)
670 1131 734 1164 illis
762 1132 818 1164 in-

116 1182 201 1216 sulis
225 1182 476 1220 obvenerunt,
502 1190 572 1213 non
596 1181 645 1213 ibi
668 1180 818 1222 appule-

116 1233 198 1264 runt
230 1231 356 1263 litori.»
396 1230 495 1263 Ovid.
520 1231 603 1263 Met.
631 1231 666 1262 Η
685 1256 692 1270 ,
728 1229 813 1262 476:

117 1282 315 1321 Cornuaque
342 1281 378 1312 in
408 1288 539 1311 summa
565 1280 653 1312 locat
681 1280 814 1312 arbore.

161 1332 214 1363 64.
241 1331 294 1363 62.
327 1330 442 1361 astri-
456 1332 637 1361 aestuosa·
650 1330 816 1370 impoten-

116 1381 176 1421 tia]
201 1379 424 1413 Pestilentiae
457 1378 599 1411 subiicit
629 1380 705 1412 eius
730 1388 817 1412 cau-

117 1440 195 1464 sam
216 1456 223 1470 ,
281 1430 517 1470 impotentem,
564 1429 817 1461 vehementem

118 1481 194 1522 (Od.
217 1480 253 1520 3,
279 1480 340 1519 30,
366 1479 424 1519 3.),
453 1479 530 1510 Sirii
553 1480 712 1518 aestum,
744 1487 815 1518 quo

115 1540 202 1572 grex
234 1530 402 1562 torretur.
433 1530 472 1560 In
503 1528 670 1561 omnibus
702 1527 813 1560 Codd.

115 1581 153 1612 hi
175 1589 233 1612 vv.
263 1579 404 1618 ordine,
445 1587 515 1619 quo
539 1587 604 1610 nos
628 1587 691 1610 eos
715 1578 817 1610 exhi-

116 1629 262 1668 bemus,
304 1623 488 1668 leguntur',
537 1628 584 1659 ita
619 1628 818 1659 cohaeren-

117 1678 211 1710 tibus
241 1677 442 1711 sententiis:
481 1677 584 1717 «puri
608 1685 629 1708 a
651 1677 817 1708 vitiorum

117 1728 278 1768 contagio
310 1726 378 1759 illic
400 1727 523 1758 vivunt
552 1726 736 1766 homines,
763 1735 819 1758 se-

117 1778 193 1810 curi
225 1785 246 1808 a
284 1775 503 1818 pestilentiae
540 1776 701 1816 contagio
735 1784 818 1816 gre-

116 1836 223 1868 ges;»
259 1827 294 1858 in
329 1834 399 1867 quo
430 1824 517 1865 quid
539 1825 817 1866 reprehensione

117 1877 263 1917 dignum
297 1876 360 1915 sit,
397 1874 567 1915 equidem
597 1883 668 1906 non
698 1874 814 1906 video.

117 1925 348 1958 Nihilominus
373 1926 471 1958 varie
500 1932 563 1956 eos
586 1925 818 1969 transposue-

116 1977 215 2015 runt,
265 1974 361 2016 quod
398 1976 515 2016 ipsum
563 1974 696 2006 erroris
745 1973 817 2005 evi-

117 2025 206 2057 dens
230 2025 371 2065 signum
394 2026 459 2057 est.
500 2024 639 2056 Etenim
666 2023 815 2055 Criticus

117 2075 152 2107 in
175 2075 271 2107 Misc.
291 2074 394 2106 Obss.
417 2075 458 2105 ΙΙ.
476 2082 556 2115 pag.
576 2073 651 2105 38⁴.
676 2073 758 2113 post
778 2081 813 2104 v.

116 2125 171 2156 52.
192 2124 338 2157 Vossius
354 2125 436 2165 post
450 2132 483 2155 v.
502 2124 571 2161 50„
599 2123 667 2155 Fea
684 2123 718 2154 et
735 2121 817 2154 Hof-

116 2183 223 2206 mann
257 2172 465 2214 Peerlkamp
499 2174 581 2214 post
611 2181 644 2204 v,
673 2172 726 2204 56.
753 2180 815 2204 eos

117 2224 316 2256 statuerunt
338 2221 574 2254 collocandos.

160 2271 279 2304 63-66.
303 2272 466 2311 Iuppiter]
482 2272 659 2312 «Itaque»,
684 2270 813 2311 inquit,

118 2330 222 2354 «cum
246 2319 340 2353 nulla
363 2320 412 2352 ibi
435 2321 504 2352 sint
526 2319 673 2359 scelera,
699 2318 814 2351 nullae

115 2372 256 2412 pestes,
288 2370 355 2411 piis
377 2368 471 2401 illam
504 2371 686 2410 tamquam
709 2377 815 2410 sepa—

117 2421 231 2452 ratam
255 2428 275 2451 a
298 2418 479 2451 sceleratis
508 2418 634 2451 sedem
657 2417 815 2450 destina-

117 2470 166 2501 vit
187 2469 359 2510 Iuppiter,
390 2477 432 2500 ex
457 2477 528 2509 quo
552 2476 698 2503 auream
722 2469 817 2500 aeta-

117 2521 190 2550 tem
214 2519 248 2550 in
271 2526 434 2557 aeream,
465 2526 547 2550 mox
569 2518 662 2549 hanc
685 2518 720 2549 in
745 2516 816 2549 fer-

119 2576 229 2606 ream,
248 2568 282 2599 in
299 2567 455 2600 deterius
471 2575 617 2608 semper
633 2567 814 2598 mutavit.»

118 2617 203 2647 Tres
241 2618 374 2648 aetates
419 2617 475 2648 hic
518 2616 710 2654 memorat,
758 2624 816 2647 ar—

868 737 993 776 gentea
1018 738 1290 778 praetermissa,
1317 738 1407 772 duas
1430 740 1568 773 tantum

867 785 960 826 Virg.
987 787 1047 818 Ge.
1075 787 1111 826 4,
1146 787 1220 818 425.
1259 787 1328 820 Cfr.
1355 788 1499 821 Hesiod.
1527 789 1566 821 Ο.

868 835 905 865 et
926 835 966 866 D.
994 835 1069 867 467.
1096 835 1141 867 de
1175 835 1367 869 heroibus:
1404 837 1495 878 Τοῖς
1527 835 1569 870 δὲ

866 881 940 922 δίχ’
964 879 1181 942 ἀνθρώπων
1213 883 1350 925 βίοτον
1382 887 1449 919 καὶ
1483 882 1567 930 ἤθε’

867 929 1048 974 ὀπάσσας
1092 931 1196 993 Ζεὺς,
1230 934 1420 981 Κρονίδης
1456 937 1569 970 κατέ-

866 993 988 1015 νασσε
1022 980 1148 1030 πατὴρ
1176 983 1216 1025 ἐς
1247 985 1407 1042 πείρατα
1438 987 1563 1029 γαίης.

866 1032 942 1065 Καὶ
963 1033 1025 1065 τοὶ
1046 1032 1119 1075 μὲν
1140 1035 1317 1067 ναίουσιν
1337 1031 1486 1078 ἀκήδεα
1499 1035 1567 1069 θυ-

864 1079 942 1124 μὸν
957 1078 1113 1123 ἔχοντες
1124 1079 1186 1116 Ἐν
1204 1081 1392 1130 μακάρων
1406 1082 1565 1127 νήσοισι

865 1133 950 1190 παρ’
964 1128 1152 1165 Ὠκεανὸν
1165 1131 1398 1177 βαθυδίνην,
1412 1131 1563 1174 Ὄλβιοι

866 1178 1011 1227 ἥρωες,
1049 1185 1174 1215 τοῖσιν
1206 1182 1391 1226 μελιηδέα
1416 1181 1566 1231 καρπὸν

867 1232 956 1278 Τρὶς
978 1228 1084 1273 ἔτεος
1105 1230 1300 1266 θάλλοντα
1313 1234 1424 1280 φέρει
1437 1232 1566 1276 ζειδω-

865 1291 932 1327 ρος
958 1277 1121 1328 ἄρουρα.
1149 1300 1186 1306 -
1211 1283 1410 1324 inquinavit]
1434 1282 1568 1326 «ἐμία-

865 1341 947 1371 νεν,
984 1331 1213 1373 adulteravit,
1248 1334 1284 1365 in
1306 1332 1465 1366 deterius
1487 1341 1568 1367 me-

866 1380 989 1414 tallum
1022 1382 1205 1414 mutavit.»
1238 1400 1276 1406 —
1299 1382 1404 1422 Aere,
1438 1383 1565 1424 dehinc]

865 1432 905 1462 In
927 1431 995 1463 hae
1017 1432 1227 1472 repetitione
1249 1430 1399 1473 (firmata
1421 1433 1529 1466 etiam
1545 1441 1567 1465 a

868 1480 1005 1512 Comm.
1039 1480 1181 1521 Cruq.),
1216 1481 1314 1513 utin
1345 1479 1401 1513 illa
1434 1490 1470 1514 v.
1494 1480 1565 1521 4⁴..

867 1529 959 1561 inest
974 1528 1071 1561 color
1086 1530 1335 1571 Lucretianus,
1360 1539 1470 1572 quem
1484 1534 1568 1573 po&-

867 1580 940 1610 tam
952 1579 1174 1619 singulariter
1188 1579 1374 1612 adamarat
1387 1580 1564 1614 Horatius.

868 1627 937 1660 Cfr.
961 1627 1036 1660 Lib.
1063 1628 1101 1668 3,
1128 1629 1186 1660 ⁴2:
1224 1629 1346 1661 Omnia
1366 1638 1427 1661 nos
1453 1629 1567 1662 itidem

867 1678 1078 1718 depascimur
1092 1687 1202 1710 aurea
1216 1678 1324 1719 dicta,
1339 1678 1470 1719 Aurea,
1487 1687 1568 1720 per-

861 1731 966 1768 petua
999 1736 1128 1768 semper
1160 1728 1357 1769 dignissima
1389 1729 1472 1760 vita.
1518 1729 1540 1762 ὗ
1555 1753 1564 1770 ,

867 1776 946 1809 948:
981 1777 1134 1817 proluvie
1164 1777 1266 1819 larga
1293 1777 1404 1810 lavere
1428 1777 1567 1810 humida

865 1835 974 1866 saxa,
998 1827 1145 1858 Humida
1166 1836 1256 1859 sava
1269 1835 1370 1867 super
1382 1827 1484 1859 viridi
1498 1827 1567 1860 stib-

865 1876 973 1908 lamia
993 1885 1118 1908 musco.
1143 1875 1214 1908 Sed
1237 1875 1391 1908 eandem
1412 1872 1565 1921 ἀναφο-

866 1922 949 1971 ράν,
974 1926 1013 1957 ut
1036 1926 1317 1957 consentaneum
1339 1926 1434 1965 erat,
1459 1933 1566 1958 usur-

865 1975 961 2015 pavit
990 1974 1061 2006 iam
1089 1974 1276 2006 Homerica
1306 1974 1425 2016 poesis
1456 1975 1491 2006 in
1514 1974 1566 2007 si-

865 2023 1071 2064 gnificandis
1093 2022 1223 2062 rebus,
1260 2022 1390 2064 quibus
1419 2024 1566 2064 propter

865 2071 1152 2114 qualemcunque
1176 2080 1321 2105 causam
1343 2080 1446 2104 mens
1474 2075 1564 2114 poe—

866 2124 921 2155 tae
954 2123 1181 2160 immoratur,
1215 2123 1254 2153 ut
1276 2120 1372 2153 Iliad.
1396 2119 1444 2161 β,
1480 2121 1562 2154 67⁴:

864 2169 1018 2217 Νιρεύς,
1055 2172 1121 2202 ter.
1147 2170 1274 2210 Odyss.
1299 2180 1345 2208 α,
1376 2171 1437 2202 22:
1470 2166 1562 2202 Ἀλλ’

865 2218 888 2253 ὁ
910 2220 982 2263 μὲν
998 2218 1187 2259 Αἰθίοπας
1207 2219 1413 2261 μετεκίαθε
1429 2216 1562 2262 τηλόθ’
1599 2218 1601 2220 ’

865 2268 1019 2310 ἐόντας,
1042 2267 1252 2309 Αἰθίοπας,
1275 2269 1337 2301 τοὶ
1358 2266 1476 2308 διχθὰ
1501 2267 1563 2301 δε-

865 2318 1038 2359 δαίαται,
1084 2314 1246 2357 ἔσχατοι
1290 2314 1450 2365 ἀνδρῶν.
1507 2319 1564 2351 Sic

865 2369 1012 2401 Theocr.
1042 2367 1102 2407 43,
1140 2368 1194 2400 60.
1228 2368 1289 2400 6⁴:
1334 2363 1565 2411 ἠυγένειος-

865 2418 935 2459 λῖς,
960 2414 1177 2460 ὠμοφάγος
1199 2416 1269 2458 λῖς.
1295 2416 1434 2458 (Dehinc
1456 2416 1566 2458 bisyl-

865 2468 1004 2507 labum,
1035 2468 1074 2499 ut
1096 2468 1136 2499 A.
1155 2468 1191 2499 P.
1216 2466 1290 2500 ⁴44.
1316 2467 1410 2508 Virg.
1436 2468 1498 2499 Ge.
1522 2467 1561 2507 3,

866 2518 941 2550 467.
969 2518 1005 2550 et
1030 2516 1137 2554 alibi.)
1176 2517 1271 2549 Haec
1305 2517 1426 2549 autem
1459 2515 1564 2549 lectio

865 2566 975 2599 refert
1011 2566 1169 2599 animum
1208 2567 1451 2606 commotum,
1491 2573 1563 2606 quo

866 2617 970 2657 poeta
994 2615 1172 2648 intueatur
1187 2615 1327 2656 generis
1342 2614 1488 2647 humani
1503 2613 1564 2646 de—
