1722 2904
655 85 734 119 Lm.
759 85 815 118 m.

863 85 902 118 c.
927 85 986 118 xi.
1464 80 1546 124 413

328 190 498 234 Dolium
527 187 658 232 fundo
686 188 908 246 pereuntis
937 188 1047 237 imo,

440 271 634 338 Sei-aque
663 269 747 313 l'ata
757 304 767 319 ,

329 377 451 429 Quae
481 382 655 419 manent
683 374 833 432 culpas
862 374 991 418 etiam
1020 372 1101 416 sub
1130 373 1260 416 Orco

326 457 508 527 Impiae,
532 482 589 489 —
608 470 707 500 nam
735 455 840 514 quid
870 462 1051 517 potuere
1081 454 1247 498 maius?
1266 478 1323 486 —

1492 453 1546 495 30

326 537 488 595 Impiae
428 519 703 594 &sponsos
731 542 912 594 potuere
940 535 1051 578 duro
1078 508 1138 575 ἱ
1159 550 1187 577 τ
1207 540 1240 580 λ
1253 556 1316 588 ‘⁵1⁶
1307 534 1370 579 οε
1384 554 1434 577 ν

445 617 634 661 Perdere
662 617 800 660 ferro.
792 617 799 647 l

325 725 416 769 Una
447 724 502 767 de
530 722 672 766 multis
702 722 794 766 sace
824 721 999 779 nuptiali

190 857 243 890 30.
268 857 394 897 1mpiae
415 865 515 896 nam,
540 856 621 896 quid
643 855 822 896 distinguit
845 855 889 887 M.

102 983 227 1008 omnes
270 975 413 1016 praeter
455 973 771 1015 Hypermnestram
789 997 797 1010 ,

103 1033 207 1067 quae,
240 1032 324 1056 cum
338 1024 480 1064 Lynceo
504 1031 635 1064 sponso
659 1030 724 1055 suo
739 1030 802 1063 pe-

102 1074 291 1117 percisset,
317 1073 352 1105 in
373 1071 512 1104 vincula
531 1073 709 1111 coniecta,
734 1071 801 1104 sed

101 1125 226 1166 postea
249 1124 368 1155 tamen
384 1122 419 1154 in
435 1122 698 1154 matrimonium
719 1120 801 1153 data

104 1174 160 1206 est
174 1173 327 1213 Lynceo.
351 1170 511 1213 Apollod.
529 1171 563 1210 2,
582 1171 613 1210 4,
631 1171 663 1203 5.
682 1169 797 1202 Schol.

105 1222 250 1255 Homeri
272 1220 319 1253 ad
340 1219 436 1253 Iliad.
460 1230 507 1259 α,
532 1219 600 1260 42..
625 1220 800 1262 Euripidis

104 1271 151 1304 ad
184 1271 298 1303 orest.
322 1270 421 1310 859.‚
457 1269 596 1302 Pindari
628 1269 673 1302 ad
697 1270 798 1302 Nem.

106 1321 167 1360 40,
203 1320 236 1352 6.
277 1319 435 1361 Hyginus
458 1320 493 1352 F.
520 1319 595 1351 468.
631 1319 728 1351 Serv.
754 1318 801 1351 ad

103 1370 191 1402 Aen.
218 1369 279 1408 40,
297 1367 373 1402 497.
398 1369 574 1401 Hsusm
597 1369 747 1410 Opuscc.
764 1369 798 1408 2,

104 1427 140 1461 p.
165 1418 244 1451 349.
280 1418 379 1451 ovid.
398 1418 539 1451 Heroid.
557 1418 667 1460 Epist.
686 1417 738 1451 ⁴4.
761 1435 798 1441 --

102 1467 280 1502 Danaides
295 1466 407 1500 alatae
417 1493 425 1507 ‚
450 1466 582 1499 dolium
598 1467 726 1500 frustra
742 1475 801 1499 ex-

101 1516 200 1559 plere
219 1518 407 1556 conantes,
432 1519 515 1549 sunt
535 1516 631 1558 apud
646 1517 801 1558 lnghira-

105 1567 157 1599 mi
179 1566 267 1599 Gall.
292 1566 364 1598 Om.
382 1566 438 1598 111.
456 1567 494 1598 T.
511 1566 565 1598 86.
599 1566 696 1598 Hanc
711 1575 798 1598 vero

102 1615 302 1648 Danaidum
313 1615 435 1648 dulces
449 1616 621 1657 Orphicae
632 1615 731 1657 lyrae
744 1625 801 1649 so-

101 1674 168 1698 nos
203 1665 422 1698 audientium
453 1666 653 1706 requietem
691 1674 799 1707 prae-

102 1714 197 1747 clare
206 1715 379 1756 expressit
387 1713 510 1746 artifex
517 1715 623 1754 vasis,
634 1714 731 1756 quod
741 1723 800 1747 ex-

102 1763 226 1796 hibent
247 1764 338 1796 Μοη.
363 1764 449 1795 inea.
468 1763 540 1795 dell'
555 1764 633 1795 Insc.
653 1764 795 1796 archeol.

102 1814 140 1845 T.
151 1812 205 1846 49.
216 1814 252 1844 et
264 1812 318 1844 50.
336 1813 414 1844 Tav.
430 1813 671 1854 d’aqqiuntefl.
683 1814 798 1845 Braun

100 1862 188 1894 Am».
205 1861 370 1894 dell't'nst.
387 1862 443 1894 IX.
462 1870 498 1903 p.
516 1863 592 1894 2⁴9.
611 1864 800 1904 atqueim-

103 1912 277 1962 primisp.
295 1912 371 1944 226.
388 1912 486 1944 Arch.
503 1913 605 1954 Zeitq.
622 1913 648 1944 Ι.
666 1921 701 1954 p.
722 1913 796 1945 484.

145 1952 200 1994 25.
233 1961 359 1994 Audiat
379 1961 483 2003 Lyde]
520 1962 611 1994 Cum
633 1970 673 1994 se
698 1963 799 2004 quasi

103 2011 246 2043 fortuito
274 2011 311 2042 in
332 2010 530 2043 Danaidum
561 2010 715 2044 fabulam
744 2012 799 2044 in-

102 2059 233 2093 cidisse
248 2058 449 2093 simulasset
462 2085 471 2100 ,
496 2069 538 2093 ea
553 2060 676 2093 callide
692 2062 801 2094 utitur

103 2109 150 2142 ad
178 2110 331 2142 amicam
361 2118 381 2141 a
409 2110 553 2143 saevitia
582 2112 689 2152 atque
712 2119 801 2143 con-

104 2159 256 2191 tumacia
286 2158 537 2192 deterrendam
560 2160 596 2191 et
618 2159 663 2191 ad
691 2159 800 2192 facili-

102 2209 215 2240 tatem
249 2208 502 2241 revocandam.
544 2209 698 2250 («Nilnis
727 2219 799 2243 una

105 2258 253 2299 excepta
267 2265 396 2289 saevae
416 2257 558 2290 fuerunt
572 2259 608 2290 in
623 2267 796 2300 sponsos3

103 2307 142 2338 tu
164 2307 281 2347 potius
303 2307 440 2339 imitare
462 2307 637 2349 benignae
657 2309 799 2350 Hyper-

105 2356 284 2387 mnestrae
305 2355 423 2388 nobile
445 2356 528 2388 fidei
551 2366 595 2389 ac
609 2358 684 2389 veri
698 2366 800 2390 amo-

104 2404 153 2436 ris
175 2403 435 2446 exemplumln)
462 2424 499 2429 —-
533 2406 647 2448 notas]
670 2407 799 2448 partim

105 2462 126 2485 a
148 2452 266 2486 multis
287 2454 402 2495 poetis
424 2456 590 2488 tractatas
618 2457 690 2488 iam
717 2456 798 2489 inde

105 2510 127 2533 a
159 2502 317 2534 Danaide
357 2502 490 2543 cyclica
529 2506 726 2537 memorata
764 2506 799 2537 in

106 2549 237 2583 Tabula
260 2552 432 2593 Borgiana
446 2578 454 2592 ‚
489 2554 619 2595 partim
647 2563 754 2597 saepe
778 2564 798 2587 a

106 2600 281 2633 statuariis
315 2610 514 2643 expressas.
570 2603 640 2635 Cfr.
676 2603 800 2638 Miiller

106 2649 348 2692 Archaeoloyie.
374 2651 436 2683 Ed.
460 2652 492 2683 2.
518 2660 553 2694 p.
580 2652 655 2685 654.

896 962 1044 1004 26-28.“
1079 980 1181 1004 mane
1211 971 1380 1015 tyn-pane]
1419 972 1547 1006 eadem

850 1021 1111 1053 constructione
1127 1046 1135 1060 ‚
1176 1029 1246 1062 qua
1269 1021 1396 1054 dicitur
1412 1022 1548 1063 plemam

850 1078 973 1109 aquae.
1020 1070 1155 1111 (Cicero
1171 1070 1216 1102 de
1232 1071 1326 1103 Orat.
1357 1072 1396 1111 4,
1420 1072 1458 1113 9,
1483 1072 1525 1105 37
1538 1082 1545 1104 2

852 1120 972 1151 Omnia
985 1129 1093 1151 nonne
1103 1120 1206 1160 plena
1220 1121 1450 1160 consiliorum,
1474 1122 1549 1154 ina-

850 1170 909 1200 m'a
930 1169 1107 1201 verborum
1133 1169 1304 1202 videmus?
1308 1170 1323 1212 )
1355 1170 1461 1203 Inane
1481 1179 1548 1203 au-

850 1220 942 1258 tem,
973 1219 1055 1260 quia
1078 1220 1114 1251 iu
1137 1219 1209 1251 imo
1231 1219 1340 1251 fundo
1362 1221 1548 1261 pertusum

851 1272 906 1303 est
942 1269 1095 1311 ideoque
1133 1279 1227 1311 aqua
1260 1279 1405 1312 semper
1441 1272 1545 1312 por-it,

851 1320 898 1352 ita
912 1319 1072 1361 perfluit,
1098 1321 1138 1352 ut
1152 1319 1317 1352 inutiliter
1338 1322 1463 1362 pereat
1485 1330 1549 1354 no-

849 1377 965 1410 vaque
987 1378 1132 1411 semper
1146 1378 1257 1410 aqua,
1282 1370 1348 1402 etsi
1364 1378 1478 1412 aeque
1495 1371 1547 1403 in-

850 1427 994 1451 cassum
1007 1444 1015 1458 ,
1054 1418 1270 1451 infundenda
1307 1419 1362 1452 sit.
1402 1421 1542 1453 Lucret.

851 1469 887 1508 4,
922 1467 1006 1501 244ε
1040 1469 1206 1501 Pomemo
1236 1472 1379 1509 pereunt
1412 1468 1544 1502 &nbi-es.

852 1535 889 1540 —
913 1517 1063 1557 seraque
1093 1518 1179 1560 fata]
1217 1526 1371 1560 «poenas
1404 1517 1545 1558 fatales,

850 1575 941 1608 quae
957 1567 1009 1599 eis
1031 1568 1113 1608 post
1134 1569 1288 1600 mortem
1310 1567 1455 1600 tandem
1478 1569 1547 1601 im-

849 1618 983 1658 positae
1007 1618 1124 1649 sunt.»

893 1666 936 1698 29
950 1683 970 1690 ·-
984 1666 1038 1698 34.
1073 1669 1209 1698 manem
1230 1666 1363 1710 culpas]
1396 1675 1547 1709 «exspe—

849 1716 957 1754 ctant,
975 1715 1059 1756 quia
1074 1717 1252 1747 manent.»
1270 1715 1385 1748 Alium
1399 1725 1547 1749 sensum

848 1763 999 1805 praebet
1014 1765 1230 1797 constructio
1246 1773 1329 1797 cum
1345 1764 1463 1797 dativo
1476 1791 1484 1804 ,
1508 1766 1549 1797 ut

848 1813 943 1854 Virg.
979 1816 1066 1846 Aen.
1102 1813 1141 1853 9,
1177 1813 1262 1846 302:
1308 1814 1398 1846 Haec
1432 1815 1548 1846 eadem

848 1863 1015 1903 matrique
1040 1867 1119 1895 tuae
1148 1863 1325 1904 generique
1348 1863 1545 1903 machmit,

849 1912 886 1944 id
894 1914 960 1951 est,
975 1911 1247 1952 «servabuntur,
1260 1913 1395 1953 integra
1407 1911 1545 1945 eruut.»

848 1962 936 1994 Vide
957 1961 1146 2003 ibiWagn.
1178 1979 1214 1985 —
1240 1962 1382 2004 Impiae]
1405 1962 1547 2004 Virgula

849 2013 931 2054 post
946 2013 1037 2053 part.
1050 2020 1131 2043 nam
1146 2011 1260 2052 posita
1282 2011 1441 2044 nonnulli
1463 2021 1549 2045 oon-

849 2063 1012 2094 struunt:
1036 2061 1279 2101 Namimpiae,
1304 2060 1548 2116 (quidtpotuere

848 2109 985 2143 ruminas?
1004 2109 1042 2142 id
1057 2112 1133 2143 est:
1161 2108 1316 2142 «nullum
1337 2110 1452 2143 maius
1466 2119 1549 2153 pro-

850 2160 943 2192 fecto
955 2158 1073 2192 scelus
1084 2159 1307 2192 committere
1321 2161 1546 2202 potuerunt.)

850 2209 975 2249 impiae
988 2210 1056 2240 cet.
1082 2208 1163 2241 Mihi
1178 2208 1430 2249 significantior
1443 2209 1548 2242 simul

850 2260 956 2299 atque
968 2257 1160 2299 simplicior
1169 2257 1312 2290 videtur
1321 2257 1431 2291 altera
1437 2260 1543 2292 ratio:

848 2308 974 2348 Impiae
1004 2307 1098 2348 (nam
1124 2307 1206 2346 quia
1226 2310 1368 2348 pomero
1394 2309 1546 2351 ηιαόωἱὶ)

850 2359 940 2397 cet.‚
977 2357 1012 2389 id
1036 2358 1109 2389 est:
1151 2359 1209 2389 «et
1237 2366 1323 2390 sane
1357 2359 1548 2400 impietatis

849 2414 933 2438 reae
950 2405 1019 2438 dici
1034 2405 1184 2446 debent;
1209 2407 1306 2447 quod
1320 2407 1416 2439 enim
1431 2407 1547 2440 maius

850 2454 966 2488 scelus
987 2457 1130 2497 pau-are
1152 2457 1344 2497 potuerunt
1354 2457 1392 2486 ‘in
1419 2474 1456 2478 —
1479 2464 1547 2496 po-

849 2504 959 2547 tuere]
992 2505 1273 2544 «sustinuerunt,
1312 2505 1548 2546 impetrarunt

849 2554 895 2587 ab
910 2555 1029 2587 animo
1051 2563 1118 2587 suo
1139 2555 1208 2587 hoc
1232 2554 1368 2587 facinus
1390 2553 1544 2587 facere.»

893 2604 946 2637 33.
985 2605 1059 2637 Una
1079 2605 1118 2636 de
1139 2603 1267 2644 munis]
1307 2602 1406 2636 Pind.
1442 2604 1543 2636 Nem.

851 2653 910 2693 40,
934 2653 976 2685 6:
1018 2649 1104 2686 Οὐδ’
1124 2648 1410 2699 Ὑπερμνήστρα
1432 2661 1547 2699 παρε-
