1722 2904
629 55 707 88 ua.
732 55 790 87 111.
836 55 875 87 c.
899 38 990 88 xiv.

1485 51 1567 94 617
1609 52 1613 53 ⁷

462 157 674 201 Diluviem
702 156 934 202 meditatur
962 156 1096 214 agris,

351 263 400 308 Ut
427 261 710 306 barbarorum
739 261 944 307 Claudius
973 261 1143 319 agmina

348 345 523 394 Ferrata
550 350 672 387 vasto
703 343 833 387 diruit
860 343 1020 400 impetu

1513 344 1568 386 30

404 423 659 482 Primosque
689 431 732 468 et
760 430 975 468 extremos
1003 424 1206 468 metendo

459 505 617 548 Stravit
644 505 821 548 humum
850 505 943 548 sine
974 504 1097 549 clade
1126 505 1285 554 victor,

334 611 405 653 ‘Te
436 610 604 667 copias,
637 616 678 653 te
708 609 933 654 consilium
964 617 1007 654 et
1034 617 1132 654 tuos

209 740 264 773 28.
288 740 465 772 nfinitatur
487 741 559 779 ST,
585 749 731 774 «omnes
754 742 897 783 praeter
919 742 992 774 tres
1014 750 1058 774 ex
1073 742 1346 776 recentissimis»
1363 742 1520 781 Bentleii,

166 790 226 831 qui
237 791 316 832 post
327 790 526 823 Locherum
538 792 574 822 et
584 790 712 823 Aldum
723 791 868 832 recepit.
889 791 940 831 (Ut
951 799 1030 830 nos,
1047 790 1120 823 hod
1132 792 1169 823 et
1183 792 1206 823 S
1221 792 1257 823 in
1269 800 1381 833 marg.
1396 793 1524 825 eadem

166 847 294 877 manu;
310 841 399 872 Pott.
417 840 581 881 septem.)
600 857 636 862 —
662 839 716 872 34.
733 843 764 872 et
778 849 850 872 om.
868 841 905 872 T.
928 859 964 864 —
981 839 1035 872 32.
1053 840 1145 872 humi
1158 839 1268 873 Aldus
1283 866 1291 880 ,
1317 840 1520 874 Glareanus.

126 947 284 996 ταῦρος,
319 949 381 982 ubi
415 949 530 982 Schol.
565 950 654 983 Ven.
687 951 822 992 signifi-

124 1001 206 1032 cant
231 998 482 1032 Archilochum
509 1000 665 1041 primum
693 1000 819 1041 fuisse,

123 1049 186 1090 qui
217 1049 459 1082 tauriformem
492 1049 668 1082 induxerit
703 1050 821 1082 Aehe-

124 1097 222 1131 loum
244 1106 327 1131 cum
342 1097 494 1131 Hercule
508 1098 713 1131 luctantem.
749 1100 821 1132 Eu-

107 1147 190 1190 ,ἀμ
223 1148 287 1180 Ion
321 1147 427 1180 ⁴26⁴:
461 1141 507 1180 ’.Ω
543 1146 820 1205 ταυρόμορφον

126 1206 239 1239 ομμα
257 1194 440 1239 Κηφισοῦ
462 1195 618 1254 erpdg.
643 1199 737 1239 Virg.
756 1200 818 1231 Ge.

123 1245 164 1287 4,
187 1245 273 1279 37⁴:
307 1247 352 1278 Et
382 1247 517 1288 aomina
544 1251 688 1280 auratus
709 1249 822 1280 tauri-

122 1304 168 1327 no
189 1305 319 1328 comm
339 1296 431 1328 voltu
451 1297 632 1330 Eridanum.
680 1298 768 1330 Aen.
785 1298 818 1337 8,

123 1346 185 1379 77:
211 1346 373 1388 comiqu-
391 1347 608 1388 Hesperidum
628 1349 751 1390 fluvius
763 1358 821 1381 re-

122 1398 246 1437 mator
281 1404 458 1437 aquenum.
506 1397 563 1429 Sic
599 1398 635 1430 in
672 1407 819 1430 nummo

122 1444 314 1478 Volturnus
340 1446 376 1478 in
403 1447 602 1479 Neumanni
631 1448 733 1479 Num.
755 1458 821 1488 po-

120 1494 194 1534 pul.
231 1503 312 1536 pag.
352 1496 406 1528 42.
467 1496 597 1528 Contra
639 1497 820 1530 Avellinus

122 1540 297 1584 OpuoeJL
329 1553 366 1586 p.
391 1545 466 1577 407.
492 1545 627 1579 collatis
657 1556 716 1588 pp.
743 1547 816 1580 440.

123 1591 182 1625 tu
199 1602 207 1624 :
230 1593 323 1626 Nouo
341 1594 506 1636 moda-(1150
525 1596 538 1626 i
557 1596 652 1637 sturni
675 1605 755 1628 sono
771 1597 821 1637 ef—

119 1642 229 1683 flyiaa'
263 1651 355 1675 como
386 1644 535 1685 wentini,
574 1654 593 1677 ο
623 1655 691 1677 non
728 1655 821 1678 come

122 1692 201 1724 tort.
227 1692 303 1725 Tale
316 1691 335 1725 ὁ
350 1692 386 1725 la
407 1697 490 1726 testa
511 1695 583 1727 del?
605 1695 723 1737 Aufida
740 1696 822 1728 suae

121 1741 285 1783 ”nouaque
305 1742 340 1774 di
360 1742 519 1784 Salapia,
542 1745 569 1775 il
590 1745 688 1784 quale
704 1744 821 1777 bench&

122 1791 210 1823 detto
246 1792 444 1834 taurifonne
477 1794 523 1826 da
556 1794 698 1834 Orazio,
734 1804 821 1836 pure

122 1840 509 1881 daquanistinonin
537 1844 818 1884 formaditoro,

121 1898 181 1921 ma
202 1890 237 1921 di
257 1899 357 1923 nomo
376 1892 484 1923 vadosi
507 1893 666 1934 effiqiato.
693 1911 730 1917 -
751 1894 821 1926 Ce-

122 1939 240 1971 terum
266 1939 336 1972 hac
363 1943 627 1982 comparatione
651 1950 736 1975 usus
766 1944 821 1975 est

123 1987 196 2019 iam
211 1987 387 2021 Homerus
402 1988 441 2021 11.
461 1999 498 2029 ε,
524 1991 586 2023 87.
613 1990 819 2034 (Τυδείδης)

123 2034 226 2069 Θῦνε
238 2034 313 2084 γὰρ
327 2033 386 2080 ἂμ
400 2037 562 2071 motor.
552 2039 713 2084 ποταμῷ
730 2038 823 2083 πλή-

56 2121 72 2136 >.
122 2085 267 2119 θοντι
246 2084 383 2128 εοικώς
396 2085 617 2147 Χειμάρρῳ,
641 2086 722 2122 ὅστ’
736 2101 820 2123 ωκα

122 2131 221 2181 ῥέων
249 2134 434 2169 ἐκέδασσε
462 2136 645 2184 γεφύρας.
685 2139 749 2171 Od.
780 2139 818 2179 4,

122 2184 161 2224 9,
185 2185 218 2216 2.
248 2185 647 2227 lonqosonantemvocat
666 2189 819 2230 patrium

123 2233 282 2266 fluvium.
317 2253 355 2258 —
384 2237 512 2278 Dauni]
546 2238 640 2278 regis
673 2237 819 2280 Apuliae

124 2283 283 2324 mythici.
330 2283 394 2316 Od.
418 2284 456 2324 3,
481 2285 541 2324 30,
577 2287 629 2318 44.
657 2305 694 2310 -
715 2296 821 2328 prae-

123 2332 211 2373 maii]
236 2332 350 2364 utOd.
364 2332 397 2372 4,
412 2333 444 2373 3,
460 2334 512 2366 40.
534 2334 665 2367 etPlin.
680 2336 721 2368 H.
732 2337 773 2368 N.
786 2336 819 2376 3,

125 2381 185 2412 44ε
209 2381 346 2423 Aufidus
361 2391 404 2414 m:
425 2383 566 2423 hirpinis
579 2384 743 2416 montibus
759 2385 822 2418 Ca-

123 2438 258 2462 muttum
295 2432 497 2472 praestum.
541 2451 577 2455 —
616 2434 819 2475 meditatur]

124 2477 290 2511 «iamiam
306 2481 452 2535 paratus
468 2483 522 2513 est
537 2481 583 2513 ad
598 2482 821 2515 inundandos

66 2545 72 2550 ·
125 2535 263 2568 agros.»
298 2529 395 2561 Inest
415 2529 451 2562 in
473 2530 508 2562 h.
533 2539 568 2562 v.
593 2530 762 2563 mirabilis
786 2533 822 2564 et

125 2575 229 2618 longe
262 2578 431 2610 audacior
464 2578 600 2612 tralatio
627 2589 647 2611 a
671 2589 710 2612 re
744 2581 821 2613 ani-

127 2627 221 2659 mata
241 2627 286 2660 ad
308 2628 501 2661 inanimam
524 2637 631 2670 quam
654 2630 688 2662 in
712 2628 820 2663 altera

868 950 1018 983 lectione
1051 951 1246 991 minitatur,
1284 961 1392 994 quam
1415 962 1435 985 e
1458 952 1565 994 gloss.

871 1002 986 1032 ortam
1019 1000 1130 1032 habet
1163 1001 1235 1033 iam
1267 1002 1399 1034 Nonius
1428 1011 1464 1044 p.
1489 1003 1565 1035 203.

870 1050 977 1082 Mero.
1004 1048 1176 1090 (Gerlach.
1201 1051 1322 1083 tamen
1336 1060 1356 1082 e
1373 1051 1484 1083 Codd.
1501 1052 1569 1084 mi—

868 1099 1000 1141 natur.)
1031 1099 1125 1140 Virg.
1151 1100 1211 1131 Ge.
1238 1101 1277 1139 4,
1302 1099 1386 1133 462:
1410 1101 1491 1141 quia
1510 1110 1569 1133 co-

868 1149 949 1190 gitet
963 1149 1116 1186 humidus
1128 1150 1258 1181 Auster.
1279 1149 1410 1191 (Nuper
1424 1150 1568 1191 quidam

870 1207 995 1231 rursus
1016 1197 1182 1240 praetulit
1203 1199 1396 1238 ”unitatur-3
1425 1199 1491 1232 sed
1516 1199 1570 1232 al-

869 1249 988 1280 terum
1011 1249 1087 1280 sine
1104 1247 1213 1280 dubio
1236 1247 1339 1289 longe
1363 1247 1570 1291 ποιητικώ-

869 1299 1068 1343 τερανὶεεῐ,
1094 1298 1176 1339 quia
1199 1298 1384 1330 hominum
1406 1299 1512 1331 tacita
1527 1307 1570 1331 ac

869 1345 1098 1379 formidolosa
1121 1346 1263 1379 diluviei
1286 1349 1503 1389 exspectatio
1523 1357 1568 1381 eo

870 1395 996 1429 melius
1019 1397 1253 1438 exprimItur.)

914 1446 1052 1478 30-32.
1088 1446 1244 1488 Fer-rata]
1277 1446 1415 1479 «loricis
1444 1447 1570 1481 ferreis

870 1497 1003 1528 tecta.»
1029 1513 1067 1519 —
1092 1496 1205 1537 diruit]
1237 1505 1328 1528 nove
1361 1496 1495 1529 dictum
1522 1497 1569 1529 de

870 1545 1077 1586 affininibus,
1114 1545 1297 1578 ordinibus
1323 1546 1496 1586 hostium,
1531 1549 1571 1579 ut

870 1593 952 1626 alibi
986 1594 1031 1626 de
1066 1594 1256 1634 aedificiis,
1296 1604 1362 1636 pro
1398 1595 1567 1635 «disiecit,

870 1643 1070 1685 dispersit.»
1104 1645 1144 1675 In
1166 1652 1274 1685 prosa
1296 1645 1474 1677 oratione:
1510 1645 1571 1677 ob-

869 1696 992 1724 stantes
1005 1701 1125 1725 cuneos
1146 1693 1268 1734 gladiis
1282 1694 1447 1727 diducere.
1474 1695 1565 1735 (Seu.

871 1743 992 1774 Contr.
1019 1742 1058 1782 4,
1083 1742 1129 1782 3.)
1156 1761 1192 1765 -
1216 1744 1377 1785 metendo]
1400 1744 1440 1775 ut
1461 1739 1568 1788 ἆμᾴν

870 1790 966 1832 apud
989 1792 1154 1823 Graecos.
1183 1792 1277 1833 Virg.
1294 1794 1382 1825 Aen.
1403 1793 1460 1833 40,
1484 1793 1566 1826 5⁴3:

869 1841 1031 1874 Pro-nima
1064 1850 1215 1881 quaeque
1245 1844 1339 1874 metit
1369 1843 1494 1884 gladio.
1529 1862 1565 1867 -—

870 1891 998 1922 Stravit
1019 1891 1165 1932 hwnum]
1192 1900 1338 1924 «eorum
1359 1892 1568 1934 corporibus

870 1940 1019 1972 humum
1046 1941 1272 1973 constravit.»
1306 1942 1480 1974 Latinitati
1510 1951 1571 1975 re-

869 1990 1004 2030 pugnat
1025 1988 1174 2021 aliorum
1202 1990 1462 2031 interpretatio:
1491 1991 1571 2031 pri-

869 2046 1003 2078 mosque
1035 2041 1066 2069 et
1098 2041 1264 2070 artremos
1299 2039 1373 2079 (eos
1406 2040 1570 2082 metendo)

870 2088 990 2118 stravit
1010 2087 1147 2119 humum
1161 2096 1226 2128 pro
1240 2088 1276 2119 in
1290 2088 1440 2128 hunnum,
1463 2089 1568 2127 lemni,

869 2137 909 2167 ut
937 2145 981 2168 ex
1009 2135 1115 2177 gloss.
1137 2136 1257 2169 Aldus.
1296 2156 1332 2160 —
1372 2139 1442 2170 sine
1462 2138 1568 2180 clade]

870 2194 1018 2218 suorum
1040 2184 1201 2218 militum.
1231 2185 1319 2218 Vell.
1337 2187 1375 2226 2,
1401 2187 1460 2219 95:
1494 2188 1571 2228 (Ne-

870 2234 988 2275 rones)
1006 2236 1125 2267 Raetos
1137 2235 1380 2275 Vindelicosque
1393 2254 1413 2259 -
1428 2254 1447 2260 -
1459 2240 1572 2278 qantos

869 2302 889 2307 -
900 2301 920 2307 -
933 2292 1073 2316 numero
1085 2284 1289 2325 frequentes,
1306 2285 1439 2325 ser-itate
1448 2289 1569 2325 meos,

868 2334 998 2366 maiore
1029 2342 1106 2365 eum
1132 2334 1283 2374 periculo
1315 2344 1418 2374 quam
1448 2336 1571 2368 domm

869 2383 1010 2415 Romam·
1032 2383 1214 2423 exercitus,
1241 2384 1389 2424 plurimo
1410 2394 1488 2417 cum
1512 2394 1570 2418 oo-

869 2442 947 2464 rum
968 2433 1133 2474 sanquine
1149 2435 1379 2473 per-domuere.

914 2481 1031 2514 33-40.
1060 2482 1100 2514 Te
1135 2483 1249 2523 copias
1275 2483 1358 2525 cet.]
1391 2484 1570 2524 Augustus

871 2531 1019 2572 eiusque
1032 2539 1273 2571 successores,
1288 2534 1326 2564 ut
1337 2533 1505 2574 auspicia,
1518 2533 1571 2565 sic

869 2589 1013 2613 omnem
1045 2589 1166 2613 rerum
1189 2590 1209 2613 a
1233 2581 1384 2614 ducibus
1414 2583 1488 2614 suis
1518 2580 1570 2614 le·

870 2630 1004 2671 gatisve
1022 2632 1204 2672 gestarum
1220 2631 1395 2665 honorem
1410 2630 1478 2664 sibi
1495 2639 1570 2664 ser-
