1722 2904
533 87 612 120 un.
638 85 694 118 iv.
740 85 779 118 c.
803 67 886 118 xn(

1409 83 1491 125 603

219 497 307 541 Iam
334 495 450 540 veris
478 496 677 547 comites,
708 510 822 554 quae
854 511 973 541 mare
1001 504 1262 555 temperant,

136 616 208 648 xli.
231 616 341 648 inser.
364 613 457 656 volg.
491 615 543 648 Ad
568 615 751 657 Vir-filiun.

791 633 827 638 —
868 615 959 648 Vens
990 616 1166 656 amr-spuo
1198 616 1245 648 aa
1274 616 1450 659 requam

94 665 157 697 BS.
184 682 221 688 —
256 664 309 697 Aa
333 664 508 706 Virgilium
529 664 678 704 loquitur
699 665 865 705 quondam
884 667 1146 708 unquentarium
1167 665 1203 698 b.
1232 685 1268 690 —
1302 668 1354 700 Ad
1379 668 1451 700 Vir·

94 714 214 757 filium
233 715 473 756 nuntiatorem
495 713 649 747 Oberlini
671 715 710 747 B.
738 733 775 739 —
800 715 877 747 Om.
903 715 940 747 T.

136 819 209 852 xil.
246 819 301 852 Ad
337 827 377 852 se
410 818 590 860 Virgilium
626 820 745 852 iocose
798 820 973 861 Virgilium
993 820 1254 861 unguentarium
1274 820 1332 854 vel
1358 830 1492 855 meroa-

51 868 174 901 invitat
194 877 238 901 ea
259 867 484 908 condicione,
518 869 558 900 ut
578 869 747 910 unguenti

51 917 231 958 onychem
252 917 354 959 quasi
376 917 456 949 cadi
477 917 683 950 mercedem
699 917 749 950 ai-

51 966 160 1005 ἴθι-αις
198 975 291 1008 quae
325 966 487 999 condicio
522 967 554 999 si
588 966 745 1008 placeat,

52 1016 172 1049 statim
193 1016 311 1049 missis
333 1015 516 1055 omnihus,
545 1024 638 1057 quae
660 1024 748 1048 con-

50 1065 184 1098 vivium
205 1066 383 1097 moratura
398 1065 484 1104 sint,
510 1064 670 1104 advolet,
686 1064 749 1097 ad-

52 1114 172 1154 iectis,
196 1122 289 1155 quae
303 1114 351 1147 ad
371 1114 442 1147 hoc
462 1113 663 1156 impellant,
687 1123 748 1146 ar-

51 1163 245 1204 gumentis,
279 1172 302 1195 a
322 1163 471 1196 sicciore
498 1164 580 1196 anni
606 1165 748 1205 tempe-

52 1213 143 1246 state
155 1213 322 1254 vitaeque
344 1211 519 1245 brevitate
535 1212 744 1254 desumptis.

51 1263 128 1295 lam
150 1270 233 1294 cum
255 1261 448 1304 probabilis
462 1262 508 1295 sit
530 1270 655 1294 eorum
669 1262 748 1303 opi-

51 1312 123 1351 nio,
147 1311 209 1353 qui
222 1311 342 1344 omnia
362 1311 467 1344 huius
488 1310 569 1343 libri
589 1312 748 1343 carmina

53 1360 136 1394 inde
150 1359 197 1393 ab
211 1369 246 1393 a.
259 1369 297 1393 u.
310 1369 343 1394 e.
359 1360 437 1393 736.
454 1361 651 1402 composita
666 1368 746 1393 esse

6 1405 9 1407 “
52 1411 202 1443 censent
245 1410 334 1452 (hoc
360 1418 382 1442 a
408 1410 601 1442 Kirchnero
634 1410 749 1442 refer-

0 1487 5 1494 ..
52 1459 111 1492 tur
136 1459 183 1491 ad
209 1468 243 1492 a.
267 1458 343 1492 740.
358 1483 369 1499 ,
403 1468 424 1492 a
447 1459 671 1492 Grotefendio
702 1459 748 1491 ad

52 1517 187 1542 annum
201 1508 310 1550 739.),
333 1507 390 1541 vel
404 1510 594 1550 propterea
615 1517 686 1540 non
702 1507 749 1540 ad

52 1557 236 1599 Virgilium
267 1559 450 1592 Maronem
485 1559 628 1600 poetam
665 1558 750 1590 scri-

0 1605 5 1634 ἕ
53 1607 155 1649 ptum
177 1615 258 1640 esse
271 1608 407 1649 potest,
433 1607 564 1649 quippe
580 1607 641 1648 qui
655 1615 750 1638 mor-

0 1654 9 1693 ζ
52 1657 129 1689 tem
149 1655 279 1688 obierit
299 1665 333 1688 a.
355 1665 392 1688 u.
410 1665 442 1689 c.
459 1656 536 1688 735.
561 1658 748 1688 Praeterea

53 1706 160 1747 poeta
196 1705 375 1746 quomodo
412 1705 480 1738 sub
513 1706 606 1737 vitae
639 1705 748 1737 finem

56 1753 127 1787 dici
140 1755 296 1796 potuerit
308 1756 465 1787 iuvenum
480 1755 637 1787 nobilium
651 1755 750 1787 cliens

54 1802 194 1836 difficile
210 1805 266 1837 est
278 1804 438 1845 profecto
452 1803 648 1843 intellectu,
666 1813 748 1836 cum

54 1853 201 1894 Augusti
231 1853 342 1895 ipsius
376 1855 413 1885 et
447 1854 563 1885 Liviae
597 1854 748 1886 amicitia

53 1903 217 1934 uteretur
229 1927 238 1941 ,
262 1910 335 1934 non
349 1902 494 1942 Augusti
509 1902 750 1943 piiw'gnorum

2 1959 10 1986 ἢ
54 1950 113 1984 vel
152 1953 325 1992 nepotum
365 1952 487 1983 nescio
525 1952 581 1983 cui
618 1950 748 1983 tutelae

55 1999 381 2043 sesebapplicasset.
418 2000 552 2032 Deinde
569 1999 749 2041 quomodo

14 2051 16 2054 ’
55 2048 114 2082 vel
139 2048 356 2082 ludibundus
386 2050 531 2081 studium
560 2049 645 2080 lucri
667 2051 752 2090 poe-

19 2108 24 2110 ·
57 2100 115 2131 tae
136 2097 294 2130 tribuere
317 2099 486 2139 poterat?
523 2099 582 2138 qui
605 2098 750 2138 quidem

11 2168 14 2172 ψ
55 2148 179 2187 iocus,
202 2148 243 2179 ut
255 2147 374 2179 iocum
388 2155 469 2180 esse
485 2146 691 2188 largiamur,
716 2146 751 2177 in

5 2194 165 2228 talem
189 2196 306 2228 virum
333 2197 446 2228 iactus
474 2205 583 2228 sensu
605 2204 752 2237 prorsus

0 2286 2 2288 Υ
58 2245 233 2277 caruisset
269 2253 387 2285 neque
430 2245 596 2285 cuiquam
641 2245 751 2277 risum

58 2293 239 2326 movisset.
280 2293 396 2326 «Nihil
419 2293 572 2334 denique
596 2294 654 2325 hic
677 2294 752 2325 est»

26 2381 29 2385 .
60 2341 168 2383 (recte
191 2342 305 2384 inquit
327 2343 536 2382 Gesnerus),
564 2341 679 2383 «quod
703 2344 754 2373 ta-

57 2390 132 2425 lem
153 2391 264 2433 spiret
293 2392 484 2424 amicitiam
497 2417 504 2431 ‚
542 2390 635 2432 quali
666 2399 754 2423 con-

59 2440 212 2478 iunonis.
230 2449 314 2472 cum
335 2441 479 2474 Marone
504 2440 649 2472 Flaccus
678 2440 751 2479 fuit,

60 2489 201 2530 quodve
223 2490 335 2531 magis
358 2489 403 2521 ad
426 2491 569 2531 poetam
585 2498 691 2530 quam
708 2489 754 2521 ad

61 2538 223 2579 quemvis
238 2538 344 2571 alium
356 2539 487 2571 Horatii
502 2537 661 2571 sodalem
676 2547 755 2580 per-

61 2587 204 2619 tineat.-
230 2603 266 2611 ——
306 2587 483 2620 Ridiculae
506 2587 651 2629 quidem
673 2590 755 2620 sunt

64 2634 175 2668 Codd.
202 2637 238 2668 et
264 2635 380 2669 Schol.
409 2637 678 2679 inscriptiones:
710 2637 755 2669 ad

794 872 900 901 torem
913 868 970 901 vel
984 870 1245 911 negotiatorem,
1259 871 1391 913 petitae
1407 880 1493 914 par-

795 919 859 950 tim
887 927 931 950 ex
960 919 1061 950 nardi
1094 918 1152 951 illo
1182 920 1323 960 onyche,
1362 922 1491 962 partim

796 976 840 1000 ex
875 967 983 999 studio
1026 968 1123 1000 lucri.
1189 969 1389 1011 speciosior
1424 969 1490 1002 alia

796 1018 833 1048 et
860 1016 1009 1049 fortasse
1037 1026 1081 1049 ex
1110 1018 1263 1059 antiquis
1284 1020 1493 1061 Interpreti-

794 1066 863 1098 bus
886 1066 1096 1108 desumpta:
1121 1068 1167 1099 ad
1190 1068 1366 1108 Virgilium
1385 1069 1493 1101 medi-

794 1124 870 1147 cum
890 1116 1073 1148 Neronum.
1111 1115 1193 1157 (Cfr.
1216 1116 1353 1149 Weber
1376 1117 1492 1150 Horaz

795 1173 875 1206 pag.
894 1164 983 1205 234.)
1007 1165 1150 1197 Poterat
1170 1166 1291 1198 autem
1313 1174 1394 1198 esse
1412 1167 1493 1198 Vir-

796 1213 866 1254 gilii
887 1214 1040 1246 Maronis
1073 1216 1245 1255 cognatus
1278 1214 1403 1256 aliquis
1434 1214 1493 1247 vel

796 1262 921 1302 cliens,
945 1264 1085 1304 poterat
1103 1271 1185 1296 esse
1207 1272 1320 1305 nepos
1343 1264 1492 1297 fortasse

796 1313 835 1345 C.
869 1311 1002 1353 Vugilii
1039 1321 1070 1346 s.
1106 1312 1248 1354 Vergilii
1291 1314 1490 1355 praetoris,

796 1362 977 1394 Ciceronis
999 1362 1116 1394 amici.
1142 1362 1244 1401 Quod
1266 1363 1412 1404 quidem
1427 1371 1493 1396 nos

795 1409 902 1449 latet;
926 1411 1001 1443 hoa
1018 1420 1129 1443 unum
1152 1412 1291 1444 certum
1314 1414 1384 1452 est,
1409 1415 1495 1453 poo-

797 1462 869 1492 tam
892 1460 943 1492 sic
967 1460 1013 1491 ad
1028 1461 1330 1502 compotationem
1352 1462 1493 1494 invitari

797 1517 977 1549 nunquam
999 1510 1159 1550 potuisse
1182 1509 1229 1541 ab
1245 1510 1388 1542 Horatio
1411 1519 1491 1543 suo.

797 1559 835 1590 In
858 1557 986 1590 eadem
1002 1560 1057 1590 est
1072 1559 1246 1590 sententia
1262 1559 1442 1592 Weberus
1458 1562 1495 1593 et

797 1608 897 1639 Estre
920 1608 1005 1639 Hor.
1021 1608 1077 1639 Pr.
1093 1616 1173 1648 pag.
1190 1607 1266 1640 455.
1316 1609 1393 1649 (Qui
1406 1618 1494 1642 vero

797 1656 842 1688 de
875 1655 1016 1697 Virgilio
1059 1659 1164 1697 poeta
1203 1661 1406 1699 exponunt,
1419 1670 1441 1677 ³
1454 1661 1495 1692 ut

797 1714 911 1747 nuper
933 1705 1179 1747 Dillenburger
1199 1715 1279 1748 pag.
1309 1707 1363 1740 94.
1380 1733 1388 1747 ,
1424 1709 1493 1741 hoc

798 1763 944 1787 carmen
977 1754 1126 1787 sortasse
1160 1756 1231 1787 iam
1264 1765 1297 1788 a.
1325 1756 1401 1790 744.
1438 1757 1494 1790 vel

798 1804 873 1835 745.
910 1804 1146 1845 compositum
1180 1806 1302 1837 nescio
1339 1814 1410 1846 quo
1434 1807 1495 1838 aut

798 1851 942 1884 consilio
954 1854 1015 1884 aut
1024 1861 1111 1884 casu
1122 1853 1269 1886 demum
1279 1857 1362 1895 post
1373 1864 1406 1886 a.
1416 1855 1491 1887 736.

799 1901 935 1933 editum
949 1909 1030 1933 esse
1046 1902 1280 1941 contendunt,
1307 1903 1404 1943 quod
1419 1904 1496 1944 qui-

799 1950 883 1982 dem
905 1958 1032 1991 parum
1056 1952 1112 1982 est
1132 1951 1209 1982 veri
1230 1950 1370 1992 simile.)

844 2000 857 2031 4
877 2016 897 2022 -
912 1998 944 2031 4.
968 1999 1056 2031 veris
1068 1999 1211 2040 comites]
1235 2001 1311 2032 Non
1333 2001 1492 2042 zephyri,

799 2050 838 2080 ut
860 2047 1005 2088 quidam
1027 2047 1233 2087 voluerunt,
1266 2049 1331 2082 sed
1363 2049 1496 2091 aquilo-

801 2106 875 2130 nes.
928 2097 1177 2130 Pseudaristot.
1213 2098 1258 2130 de
1287 2098 1419 2131 Mundo
1449 2098 1491 2131 4;

802 2146 842 2177 οἱ
862 2144 903 2178 δὲ
926 2141 1115 2201 Ὀρνιθίαι
1139 2145 1371 2188 καλούμενοι
1390 2147 1495 2192 ἐαρι-

802 2195 863 2228 νοί
899 2204 998 2235 τινες
1042 2191 1150 2236 ὄντες
1183 2190 1321 2237 ἄνεμοι
1360 2195 1496 2242 βορέαι

802 2245 878 2276 εἰσὶ
898 2241 950 2286 τῷ
974 2244 1083 2286 γένει.
1131 2244 1268 2277 Colum.
1294 2246 1355 2285 44,
1373 2246 1410 2285 2,
1428 2246 1493 2278 2⁴:

800 2294 889 2326 venti
902 2294 1180 2333 septentrionales,
1193 2271 1425 2326 --Ornit’mae
1432 2304 1498 2335 per

802 2344 870 2375 dies
890 2343 987 2375 XXX.
1013 2351 1079 2375 esse
1099 2343 1226 2381 solem
1249 2344 1497 2376 tmnethimn·

803 2393 845 2423 do
866 2392 1010 2424 advenit.
1031 2410 1067 2414 —-
1091 2393 1286 2432 temperant]
1312 2392 1499 2434 «ti-anquu-

803 2440 910 2473 lant.»
945 2441 1057 2473 Coun.
1082 2441 1187 2478 Cimo.
1205 2451 1213 2479 ;
1254 2441 1420 2481 «faciunt,
1458 2443 1498 2474 ut

803 2489 975 2531 placidius
997 2490 1043 2522 sit
1064 2499 1163 2522 mare
1187 2498 1294 2530 quam
1317 2499 1383 2531 per
1404 2492 1497 2522 tem—

804 2548 871 2581 pus
885 2538 1076 2571 hibernum
1090 2549 1121 2576 ;=
1149 2548 1240 2580 quae
1257 2540 1497 2580 interpretatio

805 2589 919 2630 aptior
933 2589 1004 2626 est,
1028 2589 1216 2630 propterea
1240 2588 1337 2628 quod
1351 2588 1388 2620 hi
1402 2589 1497 2620 venti

805 2636 1048 2678 navigantibus
1063 2636 1210 2669 secundi
1226 2638 1324 2674 sunt,
1349 2638 1387 2669 ut
1400 2638 1499 2679 patet
