1722 2904
211 74 294 117 550
723 76 893 108 HonArn
918 75 1143 110 CAnfflNUM

493 180 608 222 Fana
638 178 746 222 deos
774 179 968 222 habuere
998 185 1160 228 rectos,

375 285 575 341 Dixitque
604 284 777 328 tandem
808 284 999 342 perfidus
1030 284 1260 328 Hannibal:

379 365 525 415 Cervi,
556 365 757 422 luporum
785 365 947 422 praeda
978 365 1220 423 rapacium,
1601 368 1656 409 50

433 446 657 489 Sectamur
685 445 817 496 ultro,
850 459 962 503 quos
993 446 1164 503 opimus

490 526 655 570 Fallere
684 533 728 569 et
756 525 948 584 effugere
978 533 1044 570 est
1071 526 1326 584 triumphus.

380 632 516 683 Gen5‚
558 646 671 690 quae
701 638 891 675 cremato
921 632 1040 676 fortis
1071 632 1126 676 ab
1156 631 1232 676 Ilio

377 714 535 756 laetata
564 712 713 755 Tuscis
745 712 1010 770 aequoribus
1040 727 1164 756 sacra

431 794 650 850 Natosque
680 799 960 850 maturosque
995 800 1140 850 patres

295 905 349 938 49.
377 915 438 946 que
462 915 533 938 om.
559 907 597 938 T.
626 925 662 929 —
688 906 827 938 annibal
849 915 879 938 c.
909 924 944 930 —-
970 906 1023 939 54.
1052 907 1171 949 Tuscis]
1196 908 1262 939 tuis
1283 908 1319 939 T.

207 1009 317 1042 multa
341 1010 413 1042 Liv.
439 1011 499 1050 22,
537 1011 575 1043 9:
613 1010 787 1043 Hannibal
810 1012 911 1043 Prae-
958 1009 989 1042 δ’
1021 1005 1110 1043 ὥστ’
1146 1007 1289 1052 ἔλαφοι
1329 1010 1434 1054 τῆσδ’
1473 1011 1657 1055 ἐνέμοντο

208 1060 375 1091 tutianum
422 1061 702 1101 Hadrianumque
760 1070 906 1103 aqrum,
959 1060 1111 1102 πόλεος.
1141 1081 1176 1084 -
1202 1062 1379 1094 Sectamur
1391 1062 1493 1105 ultro]
1519 1063 1656 1095 «Caeco

207 1110 340 1142 Marsos
367 1110 444 1142 inde
465 1111 744 1151 Marrucinosque
769 1115 800 1143 et
827 1111 911 1143 Peli-
958 1111 1094 1153 impetu
1109 1110 1248 1153 abrepti
1264 1120 1327 1144 eos
1342 1111 1601 1153 aggredimur.»
1618 1130 1654 1135 —

207 1167 291 1199 qnos
334 1160 486 1192 devastat
529 1161 686 1201 circaque
725 1161 832 1201 Arpos
878 1165 910 1194 et
959 1161 1098 1202 opimus]
1133 1162 1300 1200 Memor„
1322 1161 1363 1193 ut
1387 1161 1547 1202 videtur,
1584 1161 1657 1194 for-

210 1209 389 1240 Luceriam
413 1210 611 1250 proximam
638 1208 783 1251 Apuliae
801 1211 911 1252 reqio-
959 1210 1076 1242 mulae
1094 1209 1184 1242 illius
1195 1235 1202 1249 ,
1227 1211 1340 1250 opima
1354 1211 1479 1251 spolia,
1497 1211 1656 1252 opimum

208 1266 294 1289 nem.
321 1276 357 1282 -—
383 1259 539 1300 tumultu]
562 1260 597 1292 h.
623 1259 645 1292 l.
673 1260 718 1292 de
741 1260 836 1292 bello
860 1261 910 1293 in·
932 1239 936 1284 l
958 1260 1178 1301 triumphum
1208 1268 1300 1292 nove
1324 1259 1410 1292 dixit
1430 1269 1497 1302 pro
1520 1260 1658 1301 magni-

208 1306 409 1348 terneeino‚
460 1310 499 1340 ut
532 1309 700 1342 dicebant
731 1311 909 1342 tumultum

206 1356 361 1389 Italicum
376 1382 383 1396 ,
410 1358 587 1391 Gallienam.
621 1359 693 1391 Cic.
712 1359 799 1391 Phil.
816 1360 855 1400 8,
875 1361 906 1391 4.

207 1407 349 1447 qravius
368 1408 546 1439 tumultum
567 1417 635 1440 esse
661 1418 764 1449 quam
791 1409 910 1441 bellwm

209 1455 444 1489 demonstrat.
473 1475 509 1480 -
544 1459 662 1499 rectos]
686 1458 906 1499 «simulacra,

210 1512 302 1544 quae
326 1506 508 1538 deiecerat
531 1507 723 1548 Hannibal,
754 1510 910 1550 reposita

208 1554 243 1586 in
283 1554 390 1587 bases
431 1564 514 1589 suas
547 1557 583 1589 in
622 1559 909 1599 perpetuumque

210 1604 372 1636 restituta
396 1607 511 1638 sunt.»

252 1652 307 1686 49.
331 1655 494 1696 Dixitque
507 1658 653 1698 tandem]
677 1658 750 1690 Liv.
769 1658 824 1698 27,
842 1658 878 1690 54
899 1668 907 1689 2

213 1703 248 1735 C.
283 1703 442 1736 Claudius
474 1707 589 1738 consul
614 1716 690 1739 cum
724 1708 759 1739 in
795 1710 910 1739 castra

208 1753 364 1793 redisset,
412 1758 515 1794 caput
544 1756 767 1788 Hasdrubalis
780 1782 787 1795 ,
822 1758 911 1797 quod

210 1805 380 1835 servatum
403 1813 479 1836 cum
511 1814 597 1837 cura
632 1806 804 1846 attulerat,
823 1815 910 1846 pro—

210 1850 267 1883 iici
294 1856 373 1884 ante
401 1854 542 1886 hostium
571 1856 730 1887 stationes
748 1857 912 1896 captivos-

211 1909 274 1940 que
293 1901 413 1943 Αἶνος,
436 1904 540 1936 vincti
559 1908 598 1936 ut
618 1908 732 1945 erant,
769 1906 908 1946 ostendi,

211 1951 294 1982 duos
326 1952 430 1984 etiam
462 1962 506 1985 esc
539 1954 581 1986 iis
623 1955 746 1987 solutos
777 1955 828 1987 ire
866 1957 911 1988 ad

210 2000 431 2033 Hannibalem
446 2005 477 2034 et
491 2011 707 2044 eam-emere,
733 2013 820 2044 quae
833 2008 912 2037 acta

212 2053 336 2090 essent,
361 2051 465 2083 iussit.
501 2052 672 2085 Hannibal
695 2056 789 2085 tanto
814 2054 913 2086 simul

207 2099 341 2139 publico
387 2101 620 2142 familiarique
672 2103 756 2134 ictus
802 2097 909 2143 luctu,

213 2157 393 2190 agnoscere
424 2158 458 2182 se
489 2151 662 2191 fortunam
693 2152 913 2193 Karthaqinis

214 2198 323 2239 fertur
349 2199 482 2230 divisse.
516 2218 551 2223 -
586 2201 756 2242 perfidus]
795 2201 912 2233 Livius

214 2248 269 2287 24,
284 2248 315 2280 4.
338 2249 518 2290 perfidiam
536 2250 613 2289 plus
635 2259 738 2290 quam
751 2251 912 2283 Punicam

217 2297 249 2328 ei
273 2297 405 2330 tribuit.
431 2298 474 2330 Et
496 2300 639 2331 omnino
649 2301 815 2342 perfidus,
836 2309 915 2341 per-

212 2347 319 2386 iurus,
346 2347 549 2381 Hannibalis
565 2347 723 2381 ἐπίθετα
737 2350 820 2382 sunt
834 2357 915 2391 pro-

214 2404 260 2436 pe
283 2395 432 2429 stabilia.
481 2398 609 2430 Statius
632 2397 713 2430 silv,
739 2397 778 2437 4,
804 2398 842 2437 3,
867 2399 911 2430 5:

215 2446 283 2478 Nee
297 2447 370 2478 dux
384 2447 514 2479 advena
530 2448 702 2487 peierante
724 2447 804 2480 bello
820 2447 916 2480 Cann-

211 2505 321 2536 panos
343 2497 451 2536 quatit
472 2497 637 2536 inquietus
659 2505 774 2538 aqi-os.
824 2497 912 2529 Ibid.

218 2545 255 2584 6,
289 2545 349 2576 77:
397 2546 600 2586 periuroque
645 2555 718 2578 ense
758 2546 918 2587 superbus

216 2594 396 2626 Hannibal.

261 2643 302 2675 50
316 2661 333 2667 —
346 2645 399 2676 52.
426 2644 532 2686 Cervi]
548 2645 722 2689 Theognis
739 2645 797 2677 56:
815 2640 914 2685 Ἒξω

958 1310 1026 1342 fico
1050 1311 1086 1341 et
1108 1308 1339 1350 amplissimo.

1003 1359 1142 1391 53-56.
1168 1359 1268 1399 Gens]
1289 1359 1383 1400 Virg.
1412 1359 1500 1391 Aen.
1525 1361 1540 1391 4
1555 1384 1564 1399 ,
1585 1359 1654 1392 67:

960 1409 1046 1441 Gens
1078 1409 1217 1440 inimica
1247 1408 1330 1440 mihi
1354 1408 1559 1448 Tyrrhenmn
1589 1417 1658 1440 na—

956 1459 1053 1500 viqat
1074 1466 1224 1497 aequor,
1248 1457 1347 1489 Ilium
1367 1457 1404 1489 in
1424 1457 1560 1489 Italiam
1576 1466 1659 1497 por-

950 1502 1035 1539 'tans
1070 1508 1238 1546 victosque
1272 1507 1420 1539 Penates.
1462 1525 1499 1530 —
1542 1506 1656 1548 fortis]

959 1556 1258 1598 «haudquaquam
1301 1556 1488 1597 perterrita
1522 1556 1657 1597 patriae

959 1606 1130 1638 excidio.»
1176 1606 1284 1646 Iunge
1322 1613 1405 1638 cum
1437 1615 1472 1638 v.
1498 1606 1655 1646 pertulit,

958 1664 1024 1696 pro
1060 1663 1220 1687 «summa
1250 1654 1452 1687 fortitudine
1481 1655 1656 1687 advexit.»

959 1706 1010 1737 De
1035 1706 1134 1745 Rooy
1155 1704 1202 1736 ad
1224 1703 1369 1737 Martial.
1394 1713 1430 1746 p.
1457 1703 1532 1737 444.
1570 1713 1658 1736 con-

959 1754 1080 1787 iieiens
1101 1754 1224 1795 fortior
1237 1754 1297 1785 Ilio
1313 1754 1350 1785 et
1364 1754 1513 1794 iungens
1527 1754 1658 1785 iactata

957 1813 1061 1836 sacra
1083 1811 1312 1845 nequaquam
1335 1803 1583 1835 animadvertit
1611 1799 1657 1835 τὸ

959 1851 1115 1899 κύριον,
1155 1852 1328 1894 populum
1361 1853 1559 1884 Romanum
1574 1878 1582 1893 ,
1622 1854 1659 1884 et

959 1905 1083 1935 tonsae
1107 1902 1195 1934 ilicis
1210 1902 1401 1943 imaginem
1417 1910 1557 1935 summa
1573 1910 1655 1935 cum

959 1954 1034 1985 arte
1059 1961 1079 1984 a
1107 1953 1213 1994 poeta
1243 1952 1336 1983 inter
1363 1959 1402 1983 se
1431 1951 1594 1983 connecti
1622 1952 1658 1983 et

959 2002 1061 2044 quasi
1083 2002 1119 2034 in
1142 2008 1255 2033 unum
1277 1999 1455 2032 confundi.
1483 2018 1520 2023 —
1543 2000 1655 2040 sacra]

958 2052 1104 2084 Vestam
1128 2051 1164 2082 et
1186 2050 1349 2082 Penates.
1391 2049 1485 2090 Virg.
1509 2049 1597 2081 Aen.
1623 2050 1654 2088 4,

959 2101 1013 2133 68.
1041 2100 1111 2133 Cfr.
1126 2099 1211 2132 ibid.
1229 2100 1269 2139 2,
1286 2098 1368 2131 293:
1394 2098 1507 2130 Sacra
1519 2107 1659 2138 suosque

959 2151 1017 2182 tibi
1038 2150 1246 2182 commendat
1268 2149 1368 2181 Troia
1380 2149 1518 2181 Penates
1532 2149 1599 2181 cet.
1617 2167 1653 2171 -

958 2198 1184 2240 murosque]
1207 2199 1247 2230 Α.
1272 2198 1310 2230 Ρ.
1330 2198 1415 2230 445ῑ
1439 2198 1660 2238 Matar-usque

959 2257 1071 2282 senex.
1096 2248 1191 2288 Virg.
1217 2248 1304 2280 Aen.
1330 2248 1369 2287 5,
1395 2246 1460 2279 73:
1485 2246 1560 2279 aevi
1584 2255 1658 2279 ma—

960 2302 1055 2331 turus
1075 2297 1212 2329 Acestes.

1005 2347 1059 2380 57.
1095 2347 1149 2379 58.
1185 2345 1298 2387 tonsa]
1334 2344 1425 2377 «llex
1448 2345 1556 2377 ramis
1579 2352 1658 2376 am·

962 2396 1092 2438 putatis
1115 2394 1242 2427 laetius
1265 2393 1446 2436 pullulat.»
1480 2394 1575 2435 Vir-g.
1594 2394 1655 2426 Ge.

962 2447 1001 2485 2,
1020 2445 1105 2478 368:
1133 2443 1285 2486 (vitibus)
1309 2446 1380 2475 nnn
1393 2443 1518 2485 strinqe
1530 2451 1656 2483 comas,

963 2499 1034 2527 tum
1053 2495 1194 2526 brachia
1214 2493 1320 2526 tonde.
1353 2511 1389 2516 —
1417 2492 1561 2534 Niqrae]
1586 2491 1656 2525 Cfr.

965 2544 1028 2576 Od.
1053 2545 1090 2583 4,
1115 2544 1175 2583 24,
1200 2543 1231 2575 7.
1268 2542 1331 2574 Od.
1354 2541 1395 2582 4,
1415 2542 1475 2582 42,
1495 2542 1547 2574 44.
1573 2541 1608 2573 h.
1633 2540 1656 2574 l.

966 2593 1011 2626 de
1040 2593 1136 2626 silvis
1167 2593 1288 2626 densis
1318 2593 1354 2624 et
1386 2591 1518 2634 opacis.
1558 2589 1655 2623 Pind.

966 2644 1066 2685 Pyth.
1094 2644 1130 2683 4,
1155 2643 1221 2676 28:
1253 2636 1344 2675 Οἷον
1366 2639 1504 2681 Αἴτνας
1526 2639 1567 2673 ἐν
1588 2648 1659 2682 με·
1720 2684 1722 2686 q
