<?xml version="1.0" encoding="UTF-8"?>
<!DOCTYPE html PUBLIC "-//W3C//DTD XHTML 1.0 Transitional//EN"
    "http://www.w3.org/TR/xhtml1/DTD/xhtml1-transitional.dtd">
<html xmlns="http://www.w3.org/1999/xhtml" xml:lang="en" lang="en">
 <head>
  <title>
</title>
<meta http-equiv="Content-Type" content="text/html;charset=utf-8" />
  <meta name='ocr-system' content='tesseract 3.04.00' />
  <meta name='ocr-capabilities' content='ocr_page ocr_carea ocr_par ocr_line ocrx_word'/>
</head>
<body>
  <div class='ocr_page' id='page_1' title='image "./qhoratiusflaccus12horauoft_0034.png"; bbox 0 0 1722 2904; ppageno 0'>
   <div class='ocr_carea' id='block_1_1' title="bbox 192 96 275 139">
    <p class='ocr_par' dir='ltr' id='par_1_1' title="bbox 192 96 275 139">
     <span class='ocr_line' id='line_1_1' title="bbox 192 96 275 139; baseline 0.012 -1"><span class='ocrx_word' id='word_1_1' title='bbox 192 96 275 139; x_wconf 79' lang='lat'><strong>346</strong></span> 
     </span>
    </p>
   </div>
   <div class='ocr_carea' id='block_1_2' title="bbox 702 98 1124 132">
    <p class='ocr_par' dir='ltr' id='par_1_2' title="bbox 702 98 1124 132">
     <span class='ocr_line' id='line_1_2' title="bbox 702 98 1124 132; baseline 0.005 -2"><span class='ocrx_word' id='word_1_2' title='bbox 702 98 873 130; x_wconf 84' lang='lat' dir='ltr'>HORATII</span> <span class='ocrx_word' id='word_1_3' title='bbox 898 98 1124 132; x_wconf 77' lang='lat' dir='ltr'>CARMINUM</span> 
     </span>
    </p>
   </div>
   <div class='ocr_carea' id='block_1_3' title="bbox 420 201 1335 340">
    <p class='ocr_par' dir='ltr' id='par_1_3' title="bbox 420 201 1335 340">
     <span class='ocr_line' id='line_1_3' title="bbox 420 201 1335 259; baseline 0.002 -15"><span class='ocrx_word' id='word_1_4' title='bbox 420 202 608 245; x_wconf 89' lang='lat' dir='ltr'><strong>Merces:</strong></span> <span class='ocrx_word' id='word_1_5' title='bbox 641 201 820 252; x_wconf 83' lang='lat' dir='ltr'>vetabo,</span> <span class='ocrx_word' id='word_1_6' title='bbox 852 202 925 259; x_wconf 88' lang='lat' dir='ltr'><strong>qui</strong></span> <span class='ocrx_word' id='word_1_7' title='bbox 958 201 1131 246; x_wconf 88' lang='lat' dir='ltr'><strong>Cereris</strong></span> <span class='ocrx_word' id='word_1_8' title='bbox 1162 216 1335 246; x_wconf 87' lang='lat' dir='ltr'><strong>sacrum</strong></span> 
     </span>
     <span class='ocr_line' id='line_1_4' title="bbox 477 282 1183 340; baseline 0 -14"><span class='ocrx_word' id='word_1_9' title='bbox 477 282 664 340; x_wconf 84' lang='lat' dir='ltr'><strong>Volgarit</strong></span> <span class='ocrx_word' id='word_1_10' title='bbox 694 296 897 333; x_wconf 88' lang='lat' dir='ltr'><strong>arcanae,</strong></span> <span class='ocrx_word' id='word_1_11' title='bbox 930 283 1012 326; x_wconf 90' lang='lat' dir='ltr'><strong>sub</strong></span> <span class='ocrx_word' id='word_1_12' title='bbox 1043 283 1183 327; x_wconf 88' lang='lat' dir='ltr'><strong>isdem</strong></span> 
     </span>
    </p>
   </div>
   <div class='ocr_carea' id='block_1_4' title="bbox 532 363 1297 422">
    <p class='ocr_par' dir='ltr' id='par_1_4' title="bbox 532 363 1297 422">
     <span class='ocr_line' id='line_1_5' title="bbox 532 363 1297 422; baseline 0.003 -15"><span class='ocrx_word' id='word_1_13' title='bbox 532 364 594 407; x_wconf 89' lang='lat' dir='ltr'><strong>Sit</strong></span> <span class='ocrx_word' id='word_1_14' title='bbox 622 364 817 407; x_wconf 85' lang='lat' dir='ltr'><strong>trabibus</strong></span> <span class='ocrx_word' id='word_1_15' title='bbox 846 363 1093 422; x_wconf 86' lang='lat' dir='ltr'><strong>fragilemve</strong></span> <span class='ocrx_word' id='word_1_16' title='bbox 1125 378 1297 409; x_wconf 89' lang='lat' dir='ltr'><strong>mecum</strong></span> 
     </span>
    </p>
   </div>
   <div class='ocr_carea' id='block_1_5' title="bbox 235 483 1601 576">
    <p class='ocr_par' dir='ltr' id='par_1_5' title="bbox 235 483 1601 576">
     <span class='ocr_line' id='line_1_6' title="bbox 278 483 1599 526; baseline 0.002 -9"><span class='ocrx_word' id='word_1_17' title='bbox 278 486 331 517; x_wconf 81' lang='grc'><strong>27.</strong></span> <span class='ocrx_word' id='word_1_18' title='bbox 365 485 519 526; x_wconf 70' lang='lat' dir='ltr'><strong>Vulyavit</strong></span> <span class='ocrx_word' id='word_1_19' title='bbox 538 484 602 516; x_wconf 89' lang='lat' dir='ltr'><strong>hT.</strong></span> <span class='ocrx_word' id='word_1_20' title='bbox 632 502 668 507; x_wconf 87' lang='lat'><strong>——</strong></span> <span class='ocrx_word' id='word_1_21' title='bbox 693 486 833 517; x_wconf 60' lang='lat' dir='ltr'><strong>Post&#39;v.</strong></span> <span class='ocrx_word' id='word_1_22' title='bbox 859 485 912 517; x_wconf 82' lang='grc'><strong>27.</strong></span> <span class='ocrx_word' id='word_1_23' title='bbox 938 483 1060 517; x_wconf 88' lang='lat' dir='ltr'><strong>deficit</strong></span> <span class='ocrx_word' id='word_1_24' title='bbox 1087 484 1202 517; x_wconf 84' lang='lat' dir='ltr'><strong>codex</strong></span> <span class='ocrx_word' id='word_1_25' title='bbox 1225 484 1249 516; x_wconf 93' lang='lat' dir='ltr'><strong>d</strong></span> <span class='ocrx_word' id='word_1_26' title='bbox 1271 493 1386 526; x_wconf 81' lang='lat' dir='ltr'><strong>usque</strong></span> <span class='ocrx_word' id='word_1_27' title='bbox 1409 485 1456 518; x_wconf 86' lang='lat' dir='ltr'><strong>ad</strong></span> <span class='ocrx_word' id='word_1_28' title='bbox 1480 486 1599 519; x_wconf 85' lang='lat' dir='ltr'><strong>Carm.</strong></span> 
     </span>
     <span class='ocr_line' id='line_1_7' title="bbox 235 533 1601 576; baseline 0.001 -9"><span class='ocrx_word' id='word_1_29' title='bbox 235 535 272 574; x_wconf 85' lang='lat'><strong>3,</strong></span> <span class='ocrx_word' id='word_1_30' title='bbox 297 535 351 567; x_wconf 87' lang='lat'><strong>59.</strong></span> <span class='ocrx_word' id='word_1_31' title='bbox 379 551 416 557; x_wconf 88' lang='lat'>—</span> <span class='ocrx_word' id='word_1_32' title='bbox 439 534 660 576; x_wconf 64' lang='lat' dir='ltr'><strong>fragilemque</strong></span> <span class='ocrx_word' id='word_1_33' title='bbox 681 534 895 573; x_wconf 84' lang='lat' dir='ltr'><strong>bTSc,LCtJ.</strong></span> <span class='ocrx_word' id='word_1_34' title='bbox 926 533 1138 576; x_wconf 70' lang='lat' dir='ltr'><strong>(fraqilemve</strong></span> <span class='ocrx_word' id='word_1_35' title='bbox 1163 533 1311 567; x_wconf 85' lang='lat' dir='ltr'><strong>Bentleii</strong></span> <span class='ocrx_word' id='word_1_36' title='bbox 1339 536 1601 569; x_wconf 85' lang='lat' dir='ltr'>correctionem</span> 
     </span>
    </p>
   </div>
   <div class='ocr_carea' id='block_1_6' title="bbox 235 584 425 625">
    <p class='ocr_par' dir='ltr' id='par_1_6' title="bbox 235 584 425 625">
     <span class='ocr_line' id='line_1_8' title="bbox 235 584 425 625; baseline -0.005 -9"><span class='ocrx_word' id='word_1_37' title='bbox 235 584 352 617; x_wconf 86' lang='lat' dir='ltr'><strong>firmat</strong></span> <span class='ocrx_word' id='word_1_38' title='bbox 373 584 425 625; x_wconf 91' lang='lat' dir='ltr'><strong>B.)</strong></span> 
     </span>
    </p>
   </div>
   <div class='ocr_carea' id='block_1_7' title="bbox 183 688 896 2725">
    <p class='ocr_par' dir='ltr' id='par_1_7' title="bbox 187 688 896 1378">
     <span class='ocr_line' id='line_1_9' title="bbox 189 688 889 731; baseline -0.001 -9"><span class='ocrx_word' id='word_1_39' title='bbox 189 691 324 722; x_wconf 79' lang='lat' dir='ltr'><strong><em>Eleusin</em></strong></span> <span class='ocrx_word' id='word_1_40' title='bbox 346 691 452 722; x_wconf 77' lang='lat' dir='ltr'><strong>tacita</strong></span> <span class='ocrx_word' id='word_1_41' title='bbox 475 689 612 722; x_wconf 85' lang='lat' dir='ltr'><strong>iactabit</strong></span> <span class='ocrx_word' id='word_1_42' title='bbox 640 690 741 731; x_wconf 86' lang='lat' dir='ltr'><strong>faces.</strong></span> <span class='ocrx_word' id='word_1_43' title='bbox 789 688 889 731; x_wconf 87' lang='lat' dir='ltr'><strong>Apul.</strong></span> 
     </span>
     <span class='ocr_line' id='line_1_10' title="bbox 190 739 894 782; baseline -0.004 -9"><span class='ocrx_word' id='word_1_44' title='bbox 190 741 271 773; x_wconf 87' lang='lat' dir='ltr'><strong>Met.</strong></span> <span class='ocrx_word' id='word_1_45' title='bbox 299 740 330 772; x_wconf 90' lang='lat'><strong>3.</strong></span> <span class='ocrx_word' id='word_1_46' title='bbox 356 749 391 782; x_wconf 93' lang='lat' dir='ltr'><strong>p.</strong></span> <span class='ocrx_word' id='word_1_47' title='bbox 417 740 493 773; x_wconf 84' lang='grc'>220.</span> <span class='ocrx_word' id='word_1_48' title='bbox 520 740 632 772; x_wconf 88' lang='lat' dir='ltr'><strong>Oud.:</strong></span> <span class='ocrx_word' id='word_1_49' title='bbox 659 740 766 771; x_wconf 84' lang='lat' dir='ltr'><strong>sacris</strong></span> <span class='ocrx_word' id='word_1_50' title='bbox 783 739 894 780; x_wconf 78' lang='lat' dir='ltr'><strong>pluri-</strong></span> 
     </span>
     <span class='ocr_line' id='line_1_11' title="bbox 192 790 894 831; baseline -0.001 -9"><span class='ocrx_word' id='word_1_51' title='bbox 192 790 252 822; x_wconf 82' lang='lat' dir='ltr'><strong>bus</strong></span> <span class='ocrx_word' id='word_1_52' title='bbox 274 790 448 830; x_wconf 65' lang='lat' dir='ltr'><strong>initiam,</strong></span> <span class='ocrx_word' id='word_1_53' title='bbox 468 790 619 831; x_wconf 81' lang='lat' dir='ltr'><strong>profecto</strong></span> <span class='ocrx_word' id='word_1_54' title='bbox 641 790 727 822; x_wconf 80' lang='lat' dir='ltr'><strong>nosti</strong></span> <span class='ocrx_word' id='word_1_55' title='bbox 741 792 894 821; x_wconf 80' lang='lat' dir='ltr'><em>sanctam</em></span> 
     </span>
     <span class='ocr_line' id='line_1_12' title="bbox 189 839 895 882; baseline -0.003 -10"><span class='ocrx_word' id='word_1_56' title='bbox 189 840 310 872; x_wconf 83' lang='lat' dir='ltr'><strong>silentii</strong></span> <span class='ocrx_word' id='word_1_57' title='bbox 341 841 451 882; x_wconf 77' lang='lat' dir='ltr'><strong>fldem.</strong></span> <span class='ocrx_word' id='word_1_58' title='bbox 514 840 684 872; x_wconf 91' lang='lat' dir='ltr'><strong>Ceterum</strong></span> <span class='ocrx_word' id='word_1_59' title='bbox 719 839 895 881; x_wconf 78' lang='lat' dir='ltr'><strong>expressit</strong></span> 
     </span>
     <span class='ocr_line' id='line_1_13' title="bbox 190 885 894 932; baseline -0.003 -10"><span class='ocrx_word' id='word_1_60' title='bbox 190 890 379 923; x_wconf 90' lang='lat' dir='ltr'>Simonidis</span> <span class='ocrx_word' id='word_1_61' title='bbox 390 899 557 923; x_wconf 91' lang='lat' dir='ltr'><strong>versum:</strong></span> <span class='ocrx_word' id='word_1_62' title='bbox 573 885 683 922; x_wconf 67' lang='grc' dir='ltr'><strong>3Ἐστι</strong></span> <span class='ocrx_word' id='word_1_63' title='bbox 698 889 765 921; x_wconf 71' lang='grc' dir='ltr'><strong>καὶ,</strong></span> <span class='ocrx_word' id='word_1_64' title='bbox 781 886 894 932; x_wconf 85' lang='grc' dir='ltr'><em>σιγᾶς</em></span> 
     </span>
     <span class='ocr_line' id='line_1_14' title="bbox 189 935 892 985; baseline -0.001 -13"><span class='ocrx_word' id='word_1_65' title='bbox 189 935 394 972; x_wconf 83' lang='grc' dir='ltr'><em>ἀκίνδυνον</em></span> <span class='ocrx_word' id='word_1_66' title='bbox 430 940 560 985; x_wconf 83' lang='grc' dir='ltr'><em>γε’ρας,</em></span> <span class='ocrx_word' id='word_1_67' title='bbox 615 948 725 980; x_wconf 87' lang='lat' dir='ltr'><strong>quem</strong></span> <span class='ocrx_word' id='word_1_68' title='bbox 757 939 794 971; x_wconf 89' lang='lat' dir='ltr'><strong>in</strong></span> <span class='ocrx_word' id='word_1_69' title='bbox 831 948 892 971; x_wconf 90' lang='lat' dir='ltr'><strong>ore</strong></span> 
     </span>
     <span class='ocr_line' id='line_1_15' title="bbox 190 988 896 1031; baseline -0.003 -9"><span class='ocrx_word' id='word_1_70' title='bbox 190 989 347 1022; x_wconf 84' lang='lat' dir='ltr'><strong>habebat</strong></span> <span class='ocrx_word' id='word_1_71' title='bbox 370 998 478 1031; x_wconf 87' lang='lat' dir='ltr'><strong>saepe</strong></span> <span class='ocrx_word' id='word_1_72' title='bbox 502 991 681 1030; x_wconf 84' lang='lat' dir='ltr'><strong>Augustus</strong></span> <span class='ocrx_word' id='word_1_73' title='bbox 696 1014 704 1029; x_wconf 94' lang='lat'>,</span> <span class='ocrx_word' id='word_1_74' title='bbox 729 990 768 1021; x_wconf 92' lang='lat' dir='ltr'><strong>ut</strong></span> <span class='ocrx_word' id='word_1_75' title='bbox 785 988 896 1021; x_wconf 84' lang='lat' dir='ltr'><strong>refert</strong></span> 
     </span>
     <span class='ocr_line' id='line_1_16' title="bbox 189 1038 891 1080; baseline -0.003 -8"><span class='ocrx_word' id='word_1_76' title='bbox 189 1038 398 1072; x_wconf 81' lang='lat' dir='ltr'><strong>Plutarchus</strong></span> <span class='ocrx_word' id='word_1_77' title='bbox 442 1040 478 1071; x_wconf 93' lang='lat' dir='ltr'><strong>in</strong></span> <span class='ocrx_word' id='word_1_78' title='bbox 513 1039 589 1071; x_wconf 88' lang='lat' dir='ltr'><strong>eius</strong></span> <span class='ocrx_word' id='word_1_79' title='bbox 628 1038 891 1080; x_wconf 82' lang='lat' dir='ltr'><strong>Apophthegm.</strong></span> 
     </span>
     <span class='ocr_line' id='line_1_17' title="bbox 189 1090 894 1131; baseline -0.003 -9"><span class='ocrx_word' id='word_1_80' title='bbox 189 1090 226 1122; x_wconf 92' lang='lat' dir='ltr'><strong>T.</strong></span> <span class='ocrx_word' id='word_1_81' title='bbox 252 1090 284 1122; x_wconf 87' lang='grc'><strong>2.</strong></span> <span class='ocrx_word' id='word_1_82' title='bbox 309 1098 344 1131; x_wconf 89' lang='lat' dir='ltr'><strong>p.</strong></span> <span class='ocrx_word' id='word_1_83' title='bbox 370 1090 446 1122; x_wconf 86' lang='grc'>207.</span> <span class='ocrx_word' id='word_1_84' title='bbox 478 1090 554 1128; x_wconf 89' lang='lat' dir='ltr'><strong>Fr.‚</strong></span> <span class='ocrx_word' id='word_1_85' title='bbox 595 1097 778 1130; x_wconf 90' lang='lat' dir='ltr'><strong>quemque</strong></span> <span class='ocrx_word' id='word_1_86' title='bbox 813 1096 894 1120; x_wconf 88' lang='lat' dir='ltr'><strong>cer-</strong></span> 
     </span>
     <span class='ocr_line' id='line_1_18' title="bbox 188 1138 894 1180; baseline -0.001 -9"><span class='ocrx_word' id='word_1_87' title='bbox 188 1139 289 1171; x_wconf 89' lang='lat' dir='ltr'><strong>tatim</strong></span> <span class='ocrx_word' id='word_1_88' title='bbox 313 1139 535 1180; x_wconf 84' lang='lat' dir='ltr'><strong>repetierunt</strong></span> <span class='ocrx_word' id='word_1_89' title='bbox 558 1138 745 1180; x_wconf 86' lang='lat' dir='ltr'><strong>sophistae</strong></span> <span class='ocrx_word' id='word_1_90' title='bbox 769 1139 894 1179; x_wconf 88' lang='lat' dir='ltr'><strong>poste-</strong></span> 
     </span>
     <span class='ocr_line' id='line_1_19' title="bbox 188 1185 890 1228; baseline -0.001 -8"><span class='ocrx_word' id='word_1_91' title='bbox 188 1189 314 1221; x_wconf 87' lang='lat' dir='ltr'><strong>riores.</strong></span> <span class='ocrx_word' id='word_1_92' title='bbox 346 1189 387 1220; x_wconf 92' lang='lat' dir='ltr'><strong>V.</strong></span> <span class='ocrx_word' id='word_1_93' title='bbox 412 1188 582 1220; x_wconf 90' lang='lat' dir='ltr'><strong>Simonid.</strong></span> <span class='ocrx_word' id='word_1_94' title='bbox 609 1185 829 1220; x_wconf 69' lang='lat' dir='ltr'><strong>Schneidevi.</strong></span> <span class='ocrx_word' id='word_1_95' title='bbox 855 1196 890 1228; x_wconf 90' lang='lat' dir='ltr'><strong>p.</strong></span> 
     </span>
     <span class='ocr_line' id='line_1_20' title="bbox 191 1233 894 1281; baseline -0.003 -10"><span class='ocrx_word' id='word_1_96' title='bbox 191 1239 254 1271; x_wconf 85' lang='grc'><strong>442</strong></span> <span class='ocrx_word' id='word_1_97' title='bbox 271 1240 308 1271; x_wconf 84' lang='lat' dir='ltr'><strong>et</strong></span> <span class='ocrx_word' id='word_1_98' title='bbox 323 1238 399 1271; x_wconf 75' lang='lat'><strong>233.</strong></span> <span class='ocrx_word' id='word_1_99' title='bbox 427 1234 552 1280; x_wconf 82' lang='grc' dir='ltr'><em>(Ἔστι</em></span> <span class='ocrx_word' id='word_1_100' title='bbox 575 1238 641 1270; x_wconf 79' lang='grc' dir='ltr'><strong>καὶ</strong></span> <span class='ocrx_word' id='word_1_101' title='bbox 657 1235 770 1281; x_wconf 84' lang='grc' dir='ltr'><em>σιγῆς</em></span> <span class='ocrx_word' id='word_1_102' title='bbox 785 1233 894 1270; x_wconf 84' lang='grc' dir='ltr'><em>ἀκίν-</em></span> 
     </span>
     <span class='ocr_line' id='line_1_21' title="bbox 187 1286 895 1334; baseline -0.003 -13"><span class='ocrx_word' id='word_1_103' title='bbox 187 1286 304 1321; x_wconf 88' lang='grc' dir='ltr'><em>δυνον</em></span> <span class='ocrx_word' id='word_1_104' title='bbox 343 1289 457 1334; x_wconf 79' lang='grc' dir='ltr'><em>γέρας</em></span> <span class='ocrx_word' id='word_1_105' title='bbox 494 1288 723 1321; x_wconf 77' lang='lat' dir='ltr'><strong>Athenodoro</strong></span> <span class='ocrx_word' id='word_1_106' title='bbox 772 1287 895 1320; x_wconf 80' lang='lat' dir='ltr'><strong>tribuit</strong></span> 
     </span>
     <span class='ocr_line' id='line_1_22' title="bbox 188 1337 587 1378; baseline -0.005 -7"><span class='ocrx_word' id='word_1_107' title='bbox 188 1337 366 1371; x_wconf 88' lang='lat' dir='ltr'><strong>Stobaeus</strong></span> <span class='ocrx_word' id='word_1_108' title='bbox 390 1339 427 1370; x_wconf 93' lang='lat' dir='ltr'><strong>T.</strong></span> <span class='ocrx_word' id='word_1_109' title='bbox 454 1338 515 1378; x_wconf 89' lang='lat'><strong>33,</strong></span> <span class='ocrx_word' id='word_1_110' title='bbox 541 1338 587 1378; x_wconf 83' lang='lat'><strong>5.)</strong></span> 
     </span>
    </p>

    <p class='ocr_par' dir='ltr' id='par_1_8' title="bbox 183 1387 894 2725">
     <span class='ocr_line' id='line_1_23' title="bbox 232 1387 890 1429; baseline -0.002 -9"><span class='ocrx_word' id='word_1_111' title='bbox 232 1388 286 1420; x_wconf 88' lang='grc'><strong>26.</strong></span> <span class='ocrx_word' id='word_1_112' title='bbox 318 1389 372 1420; x_wconf 84' lang='grc'><strong>27.</strong></span> <span class='ocrx_word' id='word_1_113' title='bbox 410 1387 752 1429; x_wconf 79' lang='lat' dir='ltr'><strong>Cereris—arcanae]</strong></span> <span class='ocrx_word' id='word_1_114' title='bbox 792 1387 890 1420; x_wconf 93' lang='lat' dir='ltr'><strong>Ovid.</strong></span> 
     </span>
     <span class='ocr_line' id='line_1_24' title="bbox 187 1438 890 1478; baseline -0.001 -8"><span class='ocrx_word' id='word_1_115' title='bbox 187 1439 271 1471; x_wconf 86' lang='lat' dir='ltr'><strong>Her.</strong></span> <span class='ocrx_word' id='word_1_116' title='bbox 287 1438 340 1477; x_wconf 85' lang='grc'><strong>42,</strong></span> <span class='ocrx_word' id='word_1_117' title='bbox 352 1438 411 1470; x_wconf 84' lang='lat'><strong>79:</strong></span> <span class='ocrx_word' id='word_1_118' title='bbox 430 1447 627 1478; x_wconf 81' lang='lat' dir='ltr'><strong>arcanaque</strong></span> <span class='ocrx_word' id='word_1_119' title='bbox 638 1446 739 1469; x_wconf 74' lang='lat' dir='ltr'><strong>sacra</strong></span> <span class='ocrx_word' id='word_1_120' title='bbox 745 1438 890 1470; x_wconf 83' lang='lat' dir='ltr'><strong>Dianae.</strong></span> 
     </span>
     <span class='ocr_line' id='line_1_25' title="bbox 189 1487 893 1527; baseline -0.003 -7"><span class='ocrx_word' id='word_1_121' title='bbox 189 1488 262 1520; x_wconf 89' lang='lat' dir='ltr'><strong>Cic.</strong></span> <span class='ocrx_word' id='word_1_122' title='bbox 288 1488 323 1519; x_wconf 91' lang='lat' dir='ltr'><strong>in</strong></span> <span class='ocrx_word' id='word_1_123' title='bbox 349 1487 447 1519; x_wconf 89' lang='lat' dir='ltr'><strong>Verr.</strong></span> <span class='ocrx_word' id='word_1_124' title='bbox 466 1488 503 1527; x_wconf 88' lang='grc'><strong>5,</strong></span> <span class='ocrx_word' id='word_1_125' title='bbox 529 1487 587 1519; x_wconf 74' lang='grc' dir='ltr'><strong>72ε</strong></span> <span class='ocrx_word' id='word_1_126' title='bbox 614 1490 721 1527; x_wconf 80' lang='lat' dir='ltr'><strong>teque,</strong></span> <span class='ocrx_word' id='word_1_127' title='bbox 746 1487 842 1520; x_wconf 88' lang='lat' dir='ltr'><strong>Ceres</strong></span> <span class='ocrx_word' id='word_1_128' title='bbox 863 1489 893 1518; x_wconf 77' lang='lat' dir='ltr'><strong>el</strong></span> 
     </span>
     <span class='ocr_line' id='line_1_26' title="bbox 189 1537 894 1578; baseline -0.003 -8"><span class='ocrx_word' id='word_1_129' title='bbox 189 1537 328 1578; x_wconf 78' lang='lat' dir='ltr'><strong>Libera,</strong></span> <span class='ocrx_word' id='word_1_130' title='bbox 354 1545 502 1577; x_wconf 84' lang='lat' dir='ltr'><strong>quarum</strong></span> <span class='ocrx_word' id='word_1_131' title='bbox 523 1546 639 1577; x_wconf 85' lang='lat' dir='ltr'><strong>sacra,</strong></span> <span class='ocrx_word' id='word_1_132' title='bbox 663 1538 748 1569; x_wconf 78' lang='lat' dir='ltr'><strong>sicut</strong></span> <span class='ocrx_word' id='word_1_133' title='bbox 767 1537 894 1577; x_wconf 82' lang='lat' dir='ltr'><strong>opinio—</strong></span> 
     </span>
     <span class='ocr_line' id='line_1_27' title="bbox 187 1587 890 1628; baseline -0.001 -9"><span class='ocrx_word' id='word_1_134' title='bbox 187 1596 245 1619; x_wconf 81' lang='lat' dir='ltr'><strong>nes</strong></span> <span class='ocrx_word' id='word_1_135' title='bbox 275 1587 448 1619; x_wconf 81' lang='lat' dir='ltr'><strong>hominum</strong></span> <span class='ocrx_word' id='word_1_136' title='bbox 480 1596 521 1619; x_wconf 87' lang='lat' dir='ltr'><strong>ac</strong></span> <span class='ocrx_word' id='word_1_137' title='bbox 549 1587 725 1628; x_wconf 67' lang='lat' dir='ltr'><strong>religiones</strong></span> <span class='ocrx_word' id='word_1_138' title='bbox 756 1587 890 1628; x_wconf 79' lang='lat' dir='ltr'><strong>ferunt,</strong></span> 
     </span>
     <span class='ocr_line' id='line_1_28' title="bbox 188 1636 894 1678; baseline 0 -10"><span class='ocrx_word' id='word_1_139' title='bbox 188 1637 284 1678; x_wconf 73' lang='lat' dir='ltr'><strong>lonye</strong></span> <span class='ocrx_word' id='word_1_140' title='bbox 328 1637 490 1668; x_wconf 64' lang='lat' dir='ltr'><strong>mazimis</strong></span> <span class='ocrx_word' id='word_1_141' title='bbox 534 1639 634 1676; x_wconf 80' lang='lat' dir='ltr'><strong>atque</strong></span> <span class='ocrx_word' id='word_1_142' title='bbox 666 1636 894 1668; x_wconf 78' lang='lat' dir='ltr'><strong>occultissimis</strong></span> 
     </span>
     <span class='ocr_line' id='line_1_29' title="bbox 187 1687 893 1727; baseline 0 -9"><span class='ocrx_word' id='word_1_143' title='bbox 187 1687 400 1718; x_wconf 77' lang='lat' dir='ltr'><strong>caerimoniis</strong></span> <span class='ocrx_word' id='word_1_144' title='bbox 422 1687 655 1725; x_wconf 56' lang='lat' dir='ltr'><strong>continentum·</strong></span> <span class='ocrx_word' id='word_1_145' title='bbox 671 1704 692 1710; x_wconf 95' lang='lat'>-</span> <span class='ocrx_word' id='word_1_146' title='bbox 706 1704 726 1709; x_wconf 99' lang='lat'>—</span> <span class='ocrx_word' id='word_1_147' title='bbox 747 1695 893 1727; x_wconf 77' lang='lat' dir='ltr'><strong>quarum</strong></span> 
     </span>
     <span class='ocr_line' id='line_1_30' title="bbox 187 1737 894 1777; baseline 0 -9"><span class='ocrx_word' id='word_1_148' title='bbox 187 1746 289 1768; x_wconf 87' lang='lat' dir='ltr'><strong>sacra</strong></span> <span class='ocrx_word' id='word_1_149' title='bbox 317 1737 461 1777; x_wconf 80' lang='lat' dir='ltr'><strong>populus</strong></span> <span class='ocrx_word' id='word_1_150' title='bbox 495 1738 664 1768; x_wconf 77' lang='lat' dir='ltr'><strong>Rornanus</strong></span> <span class='ocrx_word' id='word_1_151' title='bbox 696 1745 719 1768; x_wconf 85' lang='lat' dir='ltr'><strong>a</strong></span> <span class='ocrx_word' id='word_1_152' title='bbox 756 1737 894 1769; x_wconf 81' lang='lat' dir='ltr'><strong>Graecis</strong></span> 
     </span>
     <span class='ocr_line' id='line_1_31' title="bbox 187 1786 894 1828; baseline 0 -10"><span class='ocrx_word' id='word_1_153' title='bbox 187 1786 297 1818; x_wconf 80' lang='lat' dir='ltr'><strong>ascita</strong></span> <span class='ocrx_word' id='word_1_154' title='bbox 329 1789 360 1818; x_wconf 83' lang='lat' dir='ltr'><strong>et</strong></span> <span class='ocrx_word' id='word_1_155' title='bbox 390 1790 529 1826; x_wconf 78' lang='lat' dir='ltr'><strong>accepta</strong></span> <span class='ocrx_word' id='word_1_156' title='bbox 558 1789 656 1818; x_wconf 79' lang='lat' dir='ltr'><strong>tanta</strong></span> <span class='ocrx_word' id='word_1_157' title='bbox 681 1786 841 1828; x_wconf 68' lang='lat' dir='ltr'><strong>religione</strong></span> <span class='ocrx_word' id='word_1_158' title='bbox 862 1789 894 1818; x_wconf 82' lang='lat' dir='ltr'><strong>et</strong></span> 
     </span>
     <span class='ocr_line' id='line_1_32' title="bbox 183 1836 894 1877; baseline 0 -9"><span class='ocrx_word' id='word_1_159' title='bbox 183 1836 315 1877; x_wconf 76' lang='lat' dir='ltr'><strong>publice</strong></span> <span class='ocrx_word' id='word_1_160' title='bbox 348 1839 379 1868; x_wconf 78' lang='lat' dir='ltr'><strong>et</strong></span> <span class='ocrx_word' id='word_1_161' title='bbox 395 1836 561 1876; x_wconf 79' lang='lat' dir='ltr'><strong>privatim</strong></span> <span class='ocrx_word' id='word_1_162' title='bbox 583 1839 715 1876; x_wconf 81' lang='lat' dir='ltr'><strong>tuetur,</strong></span> <span class='ocrx_word' id='word_1_163' title='bbox 755 1846 824 1868; x_wconf 76' lang='lat' dir='ltr'><strong>non</strong></span> <span class='ocrx_word' id='word_1_164' title='bbox 855 1839 894 1868; x_wconf 82' lang='lat' dir='ltr'><strong>ut</strong></span> 
     </span>
     <span class='ocr_line' id='line_1_33' title="bbox 187 1886 894 1926; baseline 0 -8"><span class='ocrx_word' id='word_1_165' title='bbox 187 1886 231 1918; x_wconf 87' lang='lat' dir='ltr'><strong>ab</strong></span> <span class='ocrx_word' id='word_1_166' title='bbox 265 1886 343 1918; x_wconf 83' lang='lat' dir='ltr'><strong>aliis</strong></span> <span class='ocrx_word' id='word_1_167' title='bbox 373 1886 437 1918; x_wconf 78' lang='lat' dir='ltr'><strong>huc</strong></span> <span class='ocrx_word' id='word_1_168' title='bbox 465 1886 594 1926; x_wconf 88' lang='lat' dir='ltr'><strong>allata,</strong></span> <span class='ocrx_word' id='word_1_169' title='bbox 634 1887 690 1918; x_wconf 87' lang='lat' dir='ltr'><strong>sed</strong></span> <span class='ocrx_word' id='word_1_170' title='bbox 713 1889 751 1918; x_wconf 79' lang='lat' dir='ltr'><strong>ut</strong></span> <span class='ocrx_word' id='word_1_171' title='bbox 777 1886 894 1919; x_wconf 82' lang='lat' dir='ltr'><strong>ceteris</strong></span> 
     </span>
     <span class='ocr_line' id='line_1_34' title="bbox 187 1936 891 1978; baseline 0 -10"><span class='ocrx_word' id='word_1_172' title='bbox 187 1937 261 1969; x_wconf 77' lang='lat' dir='ltr'><strong>hinc</strong></span> <span class='ocrx_word' id='word_1_173' title='bbox 287 1937 417 1968; x_wconf 81' lang='lat' dir='ltr'><strong>tradita</strong></span> <span class='ocrx_word' id='word_1_174' title='bbox 444 1945 510 1968; x_wconf 87' lang='lat' dir='ltr'><strong>esse</strong></span> <span class='ocrx_word' id='word_1_175' title='bbox 538 1936 727 1968; x_wconf 77' lang='lat' dir='ltr'><strong>videantur.</strong></span> <span class='ocrx_word' id='word_1_176' title='bbox 776 1937 891 1978; x_wconf 84' lang='lat' dir='ltr'><strong>Atque</strong></span> 
     </span>
     <span class='ocr_line' id='line_1_35' title="bbox 188 1986 890 2028; baseline 0 -9"><span class='ocrx_word' id='word_1_177' title='bbox 188 1987 233 2019; x_wconf 93' lang='lat' dir='ltr'><strong>de</strong></span> <span class='ocrx_word' id='word_1_178' title='bbox 268 1987 324 2018; x_wconf 91' lang='lat' dir='ltr'><strong>his</strong></span> <span class='ocrx_word' id='word_1_179' title='bbox 359 1986 532 2028; x_wconf 89' lang='lat' dir='ltr'><strong>imprimis</strong></span> <span class='ocrx_word' id='word_1_180' title='bbox 566 1986 694 2026; x_wconf 88' lang='lat' dir='ltr'><strong>sacris,</strong></span> <span class='ocrx_word' id='word_1_181' title='bbox 740 1995 812 2018; x_wconf 91' lang='lat' dir='ltr'><strong>non</strong></span> <span class='ocrx_word' id='word_1_182' title='bbox 845 1986 890 2019; x_wconf 88' lang='lat' dir='ltr'><strong>de</strong></span> 
     </span>
     <span class='ocr_line' id='line_1_36' title="bbox 187 2035 889 2077; baseline 0.001 -10"><span class='ocrx_word' id='word_1_183' title='bbox 187 2036 280 2069; x_wconf 88' lang='lat' dir='ltr'><strong>initis</strong></span> <span class='ocrx_word' id='word_1_184' title='bbox 296 2035 481 2069; x_wconf 89' lang='lat' dir='ltr'><strong>Eleusiniis</strong></span> <span class='ocrx_word' id='word_1_185' title='bbox 496 2035 594 2077; x_wconf 91' lang='lat' dir='ltr'><strong>loqui</strong></span> <span class='ocrx_word' id='word_1_186' title='bbox 609 2035 750 2068; x_wconf 90' lang='lat' dir='ltr'><strong>videtur</strong></span> <span class='ocrx_word' id='word_1_187' title='bbox 763 2037 889 2077; x_wconf 77' lang='lat' dir='ltr'><strong>poeta;</strong></span> 
     </span>
     <span class='ocr_line' id='line_1_37' title="bbox 188 2084 889 2127; baseline 0 -10"><span class='ocrx_word' id='word_1_188' title='bbox 188 2085 233 2118; x_wconf 90' lang='lat' dir='ltr'><strong>de</strong></span> <span class='ocrx_word' id='word_1_189' title='bbox 257 2086 311 2118; x_wconf 92' lang='lat' dir='ltr'><strong>his</strong></span> <span class='ocrx_word' id='word_1_190' title='bbox 336 2084 499 2127; x_wconf 91' lang='lat' dir='ltr'><strong>Sophocl.</strong></span> <span class='ocrx_word' id='word_1_191' title='bbox 523 2085 610 2118; x_wconf 92' lang='lat' dir='ltr'><strong>Oed.</strong></span> <span class='ocrx_word' id='word_1_192' title='bbox 629 2085 702 2118; x_wconf 90' lang='lat' dir='ltr'><strong>Col.</strong></span> <span class='ocrx_word' id='word_1_193' title='bbox 723 2086 803 2118; x_wconf 87' lang='grc'><strong>4054</strong></span> <span class='ocrx_word' id='word_1_194' title='bbox 826 2086 889 2118; x_wconf 87' lang='lat' dir='ltr'><strong>D.:</strong></span> 
     </span>
     <span class='ocr_line' id='line_1_38' title="bbox 187 2129 892 2181; baseline 0 -14"><span class='ocrx_word' id='word_1_195' title='bbox 187 2129 241 2168; x_wconf 81' lang='grc' dir='ltr'><strong>ὧν</strong></span> <span class='ocrx_word' id='word_1_196' title='bbox 264 2136 330 2167; x_wconf 74' lang='grc' dir='ltr'><strong>καὶ</strong></span> <span class='ocrx_word' id='word_1_197' title='bbox 352 2135 500 2181; x_wconf 82' lang='grc' dir='ltr'><em>χρυσέα</em></span> <span class='ocrx_word' id='word_1_198' title='bbox 522 2132 627 2181; x_wconf 80' lang='grc' dir='ltr'><em>Κλῄς</em></span> <span class='ocrx_word' id='word_1_199' title='bbox 649 2134 711 2167; x_wconf 81' lang='grc' dir='ltr'><strong>ἐπὶ</strong></span> <span class='ocrx_word' id='word_1_200' title='bbox 733 2132 892 2179; x_wconf 81' lang='grc' dir='ltr'><em>γλώσσα</em></span> 
     </span>
     <span class='ocr_line' id='line_1_39' title="bbox 187 2181 888 2231; baseline 0 -13"><span class='ocrx_word' id='word_1_201' title='bbox 187 2185 354 2225; x_wconf 81' lang='grc' dir='ltr'><em>βέβακεν</em></span> <span class='ocrx_word' id='word_1_202' title='bbox 369 2182 612 2231; x_wconf 80' lang='grc' dir='ltr'><em>Προσπόλων</em></span> <span class='ocrx_word' id='word_1_203' title='bbox 627 2181 888 2227; x_wconf 82' lang='grc' dir='ltr'><em>Εὖμολπιδᾶν.</em></span> 
     </span>
     <span class='ocr_line' id='line_1_40' title="bbox 188 2232 892 2281; baseline 0 -14"><span class='ocrx_word' id='word_1_204' title='bbox 188 2236 331 2268; x_wconf 87' lang='lat' dir='ltr'><strong>Graecis</strong></span> <span class='ocrx_word' id='word_1_205' title='bbox 369 2236 438 2268; x_wconf 90' lang='lat' dir='ltr'><strong>hoc</strong></span> <span class='ocrx_word' id='word_1_206' title='bbox 474 2234 592 2268; x_wconf 87' lang='lat' dir='ltr'><strong>scelus</strong></span> <span class='ocrx_word' id='word_1_207' title='bbox 630 2236 686 2268; x_wconf 87' lang='lat' dir='ltr'><strong>est</strong></span> <span class='ocrx_word' id='word_1_208' title='bbox 722 2232 892 2281; x_wconf 79' lang='grc' dir='ltr'><em>ἐξορχεῖ-</em></span> 
     </span>
     <span class='ocr_line' id='line_1_41' title="bbox 188 2282 890 2332; baseline 0.001 -15"><span class='ocrx_word' id='word_1_209' title='bbox 188 2285 283 2317; x_wconf 78' lang='grc' dir='ltr'><em>σθαι</em></span> <span class='ocrx_word' id='word_1_210' title='bbox 316 2282 365 2317; x_wconf 88' lang='grc' dir='ltr'><strong>τὰ</strong></span> <span class='ocrx_word' id='word_1_211' title='bbox 401 2283 607 2332; x_wconf 76' lang='grc' dir='ltr'><em>μυστήρια.</em></span> <span class='ocrx_word' id='word_1_212' title='bbox 667 2286 811 2318; x_wconf 83' lang='lat' dir='ltr'><strong>Lucian.</strong></span> <span class='ocrx_word' id='word_1_213' title='bbox 845 2285 890 2317; x_wconf 89' lang='lat' dir='ltr'><strong>de</strong></span> 
     </span>
     <span class='ocr_line' id='line_1_42' title="bbox 190 2334 890 2378; baseline 0.001 -11"><span class='ocrx_word' id='word_1_214' title='bbox 190 2334 307 2367; x_wconf 87' lang='lat' dir='ltr'><strong>saltat.</strong></span> <span class='ocrx_word' id='word_1_215' title='bbox 334 2344 367 2367; x_wconf 85' lang='lat' dir='ltr'><strong>c.</strong></span> <span class='ocrx_word' id='word_1_216' title='bbox 393 2337 445 2367; x_wconf 88' lang='grc'><strong>45.</strong></span> <span class='ocrx_word' id='word_1_217' title='bbox 471 2336 607 2368; x_wconf 88' lang='lat' dir='ltr'><strong>Arrian.</strong></span> <span class='ocrx_word' id='word_1_218' title='bbox 633 2336 745 2378; x_wconf 85' lang='lat' dir='ltr'><strong>Epict.</strong></span> <span class='ocrx_word' id='word_1_219' title='bbox 771 2335 809 2376; x_wconf 92' lang='lat'><strong>3,</strong></span> <span class='ocrx_word' id='word_1_220' title='bbox 833 2336 890 2368; x_wconf 88' lang='grc'><strong>24.</strong></span> 
     </span>
     <span class='ocr_line' id='line_1_43' title="bbox 186 2384 886 2426; baseline 0.003 -10"><span class='ocrx_word' id='word_1_221' title='bbox 186 2393 266 2426; x_wconf 85' lang='lat' dir='ltr'><strong>pag.</strong></span> <span class='ocrx_word' id='word_1_222' title='bbox 291 2384 366 2417; x_wconf 79' lang='lat'><strong>439.</strong></span> <span class='ocrx_word' id='word_1_223' title='bbox 393 2386 505 2418; x_wconf 88' lang='lat' dir='ltr'><strong>Schw.</strong></span> <span class='ocrx_word' id='word_1_224' title='bbox 533 2387 689 2418; x_wconf 89' lang='lat' dir='ltr'><strong>Creuzer</strong></span> <span class='ocrx_word' id='word_1_225' title='bbox 711 2385 757 2418; x_wconf 91' lang='lat' dir='ltr'><strong>ad</strong></span> <span class='ocrx_word' id='word_1_226' title='bbox 773 2384 886 2418; x_wconf 87' lang='lat' dir='ltr'><strong>Proel.</strong></span> 
     </span>
     <span class='ocr_line' id='line_1_44' title="bbox 186 2433 890 2476; baseline 0.001 -10"><span class='ocrx_word' id='word_1_227' title='bbox 186 2435 222 2466; x_wconf 89' lang='lat' dir='ltr'><strong>in</strong></span> <span class='ocrx_word' id='word_1_228' title='bbox 244 2433 356 2467; x_wconf 79' lang='lat' dir='ltr'><strong>Alcib.</strong></span> <span class='ocrx_word' id='word_1_229' title='bbox 376 2436 400 2466; x_wconf 87' lang='grc' dir='ltr'><strong>Ι.</strong></span> <span class='ocrx_word' id='word_1_230' title='bbox 428 2444 505 2476; x_wconf 80' lang='lat' dir='ltr'><strong>pag.</strong></span> <span class='ocrx_word' id='word_1_231' title='bbox 525 2436 579 2468; x_wconf 90' lang='lat'><strong>86.</strong></span> <span class='ocrx_word' id='word_1_232' title='bbox 629 2436 693 2474; x_wconf 90' lang='lat' dir='ltr'><strong>Qui</strong></span> <span class='ocrx_word' id='word_1_233' title='bbox 714 2434 890 2468; x_wconf 86' lang='lat' dir='ltr'><strong>Eleusinia</strong></span> 
     </span>
     <span class='ocr_line' id='line_1_45' title="bbox 186 2483 891 2526; baseline 0.001 -10"><span class='ocrx_word' id='word_1_234' title='bbox 186 2483 361 2525; x_wconf 85' lang='lat' dir='ltr'><strong>volgarat,</strong></span> <span class='ocrx_word' id='word_1_235' title='bbox 402 2493 472 2516; x_wconf 90' lang='lat' dir='ltr'><strong>non</strong></span> <span class='ocrx_word' id='word_1_236' title='bbox 504 2484 621 2517; x_wconf 88' lang='lat' dir='ltr'><strong>solum</strong></span> <span class='ocrx_word' id='word_1_237' title='bbox 642 2484 773 2517; x_wconf 68' lang='lat' dir='ltr'><strong>vultimo</strong></span> <span class='ocrx_word' id='word_1_238' title='bbox 805 2493 891 2526; x_wconf 90' lang='lat' dir='ltr'><strong>sup-</strong></span> 
     </span>
     <span class='ocr_line' id='line_1_46' title="bbox 185 2533 888 2576; baseline 0.003 -11"><span class='ocrx_word' id='word_1_239' title='bbox 185 2533 290 2575; x_wconf 84' lang='lat' dir='ltr'><strong>plicio</strong></span> <span class='ocrx_word' id='word_1_240' title='bbox 325 2533 562 2572; x_wconf 81' lang='lat' dir='ltr'><strong>afficiebatur,</strong></span> <span class='ocrx_word' id='word_1_241' title='bbox 610 2535 759 2576; x_wconf 89' lang='lat' dir='ltr'><strong>eiusque</strong></span> <span class='ocrx_word' id='word_1_242' title='bbox 793 2534 888 2567; x_wconf 87' lang='lat' dir='ltr'><strong>bona</strong></span> 
     </span>
     <span class='ocr_line' id='line_1_47' title="bbox 187 2582 889 2624; baseline 0.001 -9"><span class='ocrx_word' id='word_1_243' title='bbox 187 2582 476 2624; x_wconf 73' lang='lat' dir='ltr'><strong>publicabuntur,</strong></span> <span class='ocrx_word' id='word_1_244' title='bbox 503 2584 567 2615; x_wconf 87' lang='lat' dir='ltr'><strong>sed</strong></span> <span class='ocrx_word' id='word_1_245' title='bbox 593 2585 699 2616; x_wconf 91' lang='lat' dir='ltr'><strong>etiam</strong></span> <span class='ocrx_word' id='word_1_246' title='bbox 725 2583 889 2616; x_wconf 86' lang='lat' dir='ltr'><strong>columna</strong></span> 
     </span>
     <span class='ocr_line' id='line_1_48' title="bbox 187 2633 889 2675; baseline 0.003 -11"><span class='ocrx_word' id='word_1_247' title='bbox 187 2634 223 2665; x_wconf 92' lang='lat' dir='ltr'><strong>in</strong></span> <span class='ocrx_word' id='word_1_248' title='bbox 258 2634 334 2666; x_wconf 88' lang='lat' dir='ltr'><strong>eius</strong></span> <span class='ocrx_word' id='word_1_249' title='bbox 368 2633 594 2674; x_wconf 86' lang='lat' dir='ltr'><strong>ignominiam</strong></span> <span class='ocrx_word' id='word_1_250' title='bbox 628 2634 743 2675; x_wconf 88' lang='lat' dir='ltr'><strong>posita</strong></span> <span class='ocrx_word' id='word_1_251' title='bbox 773 2633 889 2666; x_wconf 87' lang='lat' dir='ltr'><strong>scelus</strong></span> 
     </span>
     <span class='ocr_line' id='line_1_49' title="bbox 188 2683 797 2725; baseline -0.002 -10"><span class='ocrx_word' id='word_1_252' title='bbox 188 2691 375 2724; x_wconf 86' lang='lat' dir='ltr'><strong>poenaque</strong></span> <span class='ocrx_word' id='word_1_253' title='bbox 400 2683 553 2725; x_wconf 89' lang='lat' dir='ltr'><strong>posteris</strong></span> <span class='ocrx_word' id='word_1_254' title='bbox 578 2683 797 2716; x_wconf 90' lang='lat' dir='ltr'><strong>tradebatur.</strong></span> 
     </span>
    </p>
   </div>
   <div class='ocr_carea' id='block_1_8' title="bbox 936 690 1647 1480">
    <p class='ocr_par' dir='ltr' id='par_1_9' title="bbox 942 690 1647 1480">
     <span class='ocr_line' id='line_1_50' title="bbox 986 690 1646 733; baseline 0.003 -11"><span class='ocrx_word' id='word_1_255' title='bbox 986 690 1040 723; x_wconf 88' lang='grc'><strong>28.</strong></span> <span class='ocrx_word' id='word_1_256' title='bbox 1078 690 1131 722; x_wconf 81' lang='grc'><strong>29.</strong></span> <span class='ocrx_word' id='word_1_257' title='bbox 1171 690 1223 723; x_wconf 84' lang='lat' dir='ltr'><strong>Sit</strong></span> <span class='ocrx_word' id='word_1_258' title='bbox 1244 690 1410 733; x_wconf 79' lang='lat' dir='ltr'><strong>trabibus]</strong></span> <span class='ocrx_word' id='word_1_259' title='bbox 1438 692 1646 733; x_wconf 77' lang='lat' dir='ltr'><strong>«Nunquam</strong></span> 
     </span>
     <span class='ocr_line' id='line_1_51' title="bbox 943 739 1645 779; baseline 0.003 -8"><span class='ocrx_word' id='word_1_260' title='bbox 943 739 1158 779; x_wconf 87' lang='lat' dir='ltr'><strong>concedam,</strong></span> <span class='ocrx_word' id='word_1_261' title='bbox 1186 741 1225 772; x_wconf 92' lang='lat' dir='ltr'><strong>ut</strong></span> <span class='ocrx_word' id='word_1_262' title='bbox 1243 740 1402 773; x_wconf 86' lang='lat' dir='ltr'><strong>incestus</strong></span> <span class='ocrx_word' id='word_1_263' title='bbox 1418 748 1560 773; x_wconf 89' lang='lat' dir='ltr'><strong>mecum</strong></span> <span class='ocrx_word' id='word_1_264' title='bbox 1577 740 1645 773; x_wconf 88' lang='lat' dir='ltr'><strong>sub</strong></span> 
     </span>
     <span class='ocr_line' id='line_1_52' title="bbox 943 789 1646 823; baseline 0.001 -2"><span class='ocrx_word' id='word_1_265' title='bbox 943 789 1074 821; x_wconf 88' lang='lat' dir='ltr'><strong>eodem</strong></span> <span class='ocrx_word' id='word_1_266' title='bbox 1101 790 1196 821; x_wconf 84' lang='lat' dir='ltr'><strong>tecto</strong></span> <span class='ocrx_word' id='word_1_267' title='bbox 1223 791 1389 822; x_wconf 87' lang='lat' dir='ltr'><strong>versetur</strong></span> <span class='ocrx_word' id='word_1_268' title='bbox 1411 789 1468 822; x_wconf 88' lang='lat' dir='ltr'><strong>vel</strong></span> <span class='ocrx_word' id='word_1_269' title='bbox 1491 789 1646 823; x_wconf 89' lang='lat' dir='ltr'><strong>eandem</strong></span> 
     </span>
     <span class='ocr_line' id='line_1_53' title="bbox 943 839 1647 880; baseline 0.001 -9"><span class='ocrx_word' id='word_1_270' title='bbox 943 847 1072 872; x_wconf 89' lang='lat' dir='ltr'><strong>navem</strong></span> <span class='ocrx_word' id='word_1_271' title='bbox 1110 839 1362 871; x_wconf 83' lang='lat' dir='ltr'><strong>conscendat.»</strong></span> <span class='ocrx_word' id='word_1_272' title='bbox 1409 841 1478 872; x_wconf 87' lang='lat' dir='ltr'><strong>Per</strong></span> <span class='ocrx_word' id='word_1_273' title='bbox 1503 848 1564 880; x_wconf 85' lang='lat' dir='ltr'><strong>se,</strong></span> <span class='ocrx_word' id='word_1_274' title='bbox 1606 841 1647 872; x_wconf 88' lang='lat' dir='ltr'><strong>ut</strong></span> 
     </span>
     <span class='ocr_line' id='line_1_54' title="bbox 944 887 1647 931; baseline 0.003 -11"><span class='ocrx_word' id='word_1_275' title='bbox 944 889 1084 929; x_wconf 88' lang='lat' dir='ltr'><strong>opinor,</strong></span> <span class='ocrx_word' id='word_1_276' title='bbox 1122 887 1342 930; x_wconf 85' lang='lat' dir='ltr'><strong>intelligitur,</strong></span> <span class='ocrx_word' id='word_1_277' title='bbox 1382 889 1480 931; x_wconf 88' lang='lat' dir='ltr'><strong>quod</strong></span> <span class='ocrx_word' id='word_1_278' title='bbox 1502 889 1647 922; x_wconf 82' lang='lat' dir='ltr'><strong>adnotat</strong></span> 
     </span>
     <span class='ocr_line' id='line_1_55' title="bbox 942 938 1642 981; baseline 0 -11"><span class='ocrx_word' id='word_1_279' title='bbox 942 938 1060 970; x_wconf 91' lang='lat' dir='ltr'><strong>Bauer</strong></span> <span class='ocrx_word' id='word_1_280' title='bbox 1092 938 1139 970; x_wconf 85' lang='lat' dir='ltr'><strong>ad</strong></span> <span class='ocrx_word' id='word_1_281' title='bbox 1169 939 1350 972; x_wconf 90' lang='lat' dir='ltr'><strong>Sanctium</strong></span> <span class='ocrx_word' id='word_1_282' title='bbox 1383 940 1425 971; x_wconf 87' lang='grc' dir='ltr'><strong>ΙΙ.</strong></span> <span class='ocrx_word' id='word_1_283' title='bbox 1449 948 1530 981; x_wconf 85' lang='lat' dir='ltr'><strong>pag.</strong></span> <span class='ocrx_word' id='word_1_284' title='bbox 1556 940 1642 973; x_wconf 76' lang='lat'><strong>262:</strong></span> 
     </span>
     <span class='ocr_line' id='line_1_56' title="bbox 945 988 1646 1022; baseline 0.007 -5"><span class='ocrx_word' id='word_1_285' title='bbox 945 988 1015 1019; x_wconf 76' lang='lat' dir='ltr'><strong>«Ex</strong></span> <span class='ocrx_word' id='word_1_286' title='bbox 1042 997 1171 1020; x_wconf 84' lang='lat' dir='ltr'><strong>mecwm</strong></span> <span class='ocrx_word' id='word_1_287' title='bbox 1198 989 1305 1021; x_wconf 78' lang='lat' dir='ltr'><strong>solvat</strong></span> <span class='ocrx_word' id='word_1_288' title='bbox 1337 989 1443 1022; x_wconf 91' lang='lat' dir='ltr'><strong>etiam</strong></span> <span class='ocrx_word' id='word_1_289' title='bbox 1468 988 1514 1021; x_wconf 87' lang='lat' dir='ltr'><strong>ad</strong></span> <span class='ocrx_word' id='word_1_290' title='bbox 1535 998 1570 1022; x_wconf 86' lang='lat' dir='ltr'><strong>v.</strong></span> <span class='ocrx_word' id='word_1_291' title='bbox 1598 990 1646 1021; x_wconf 77' lang='lat' dir='ltr'><strong>is—</strong></span> 
     </span>
     <span class='ocr_line' id='line_1_57' title="bbox 943 1038 1645 1080; baseline 0.001 -10"><span class='ocrx_word' id='word_1_292' title='bbox 943 1038 1016 1070; x_wconf 81' lang='lat' dir='ltr'><strong>dem</strong></span> <span class='ocrx_word' id='word_1_293' title='bbox 1036 1039 1196 1071; x_wconf 87' lang='lat' dir='ltr'><strong>revocari</strong></span> <span class='ocrx_word' id='word_1_294' title='bbox 1218 1047 1348 1071; x_wconf 83' lang='lat' dir='ltr'><strong>mecum</strong></span> <span class='ocrx_word' id='word_1_295' title='bbox 1369 1047 1498 1072; x_wconf 87' lang='lat' dir='ltr'><strong>sensus</strong></span> <span class='ocrx_word' id='word_1_296' title='bbox 1518 1040 1645 1080; x_wconf 87' lang='lat' dir='ltr'><strong>postu-</strong></span> 
     </span>
     <span class='ocr_line' id='line_1_58' title="bbox 942 1086 1642 1130; baseline 0.003 -11"><span class='ocrx_word' id='word_1_297' title='bbox 942 1086 1236 1130; x_wconf 75' lang='lat' dir='ltr'><strong>lat.»Aeschy1.</strong></span> <span class='ocrx_word' id='word_1_298' title='bbox 1272 1089 1306 1121; x_wconf 95' lang='lat' dir='ltr'><strong>S.</strong></span> <span class='ocrx_word' id='word_1_299' title='bbox 1342 1088 1423 1121; x_wconf 70' lang='grc' dir='ltr'><strong>εὰν.</strong></span> <span class='ocrx_word' id='word_1_300' title='bbox 1459 1088 1522 1121; x_wconf 93' lang='lat' dir='ltr'><strong>Th.</strong></span> <span class='ocrx_word' id='word_1_301' title='bbox 1556 1088 1642 1121; x_wconf 80' lang='lat'>602:</span> 
     </span>
     <span class='ocr_line' id='line_1_59' title="bbox 936 1130 1646 1195; baseline 0.003 -26.031"><span class='ocrx_word' id='word_1_302' title='bbox 936 1130 987 1169; x_wconf 91' lang='lat' dir='ltr'><strong><em>H</em></strong></span> <span class='ocrx_word' id='word_1_303' title='bbox 1004 1134 1077 1195; x_wconf 85' lang='grc' dir='ltr'><strong>γὰρ</strong></span> <span class='ocrx_word' id='word_1_304' title='bbox 1099 1134 1305 1179; x_wconf 75' lang='grc' dir='ltr'><em>ξυνεισβὰς</em></span> <span class='ocrx_word' id='word_1_305' title='bbox 1327 1137 1464 1171; x_wconf 86' lang='grc' dir='ltr'><em>πλοῖον</em></span> <span class='ocrx_word' id='word_1_306' title='bbox 1479 1135 1646 1181; x_wconf 78' lang='grc' dir='ltr'><em>εὐσεβὴς</em></span> 
     </span>
     <span class='ocr_line' id='line_1_60' title="bbox 942 1183 1645 1246; baseline 0.004 -28"><span class='ocrx_word' id='word_1_307' title='bbox 942 1183 1042 1233; x_wconf 77' lang='grc' dir='ltr'><em>ἀνὴρ</em></span> <span class='ocrx_word' id='word_1_308' title='bbox 1071 1186 1263 1221; x_wconf 86' lang='grc' dir='ltr'><em>Ναύταισι</em></span> <span class='ocrx_word' id='word_1_309' title='bbox 1289 1188 1451 1246; x_wconf 73' lang='grc' dir='ltr'><em>θερμοῖς</em></span> <span class='ocrx_word' id='word_1_310' title='bbox 1479 1189 1546 1221; x_wconf 74' lang='grc' dir='ltr'><strong>καὶ</strong></span> <span class='ocrx_word' id='word_1_311' title='bbox 1568 1198 1645 1221; x_wconf 79' lang='grc' dir='ltr'><strong>πα-</strong></span> 
     </span>
     <span class='ocr_line' id='line_1_61' title="bbox 942 1234 1646 1286; baseline 0.003 -17"><span class='ocrx_word' id='word_1_312' title='bbox 942 1238 1102 1283; x_wconf 81' lang='grc' dir='ltr'><em>νουργίᾳ</em></span> <span class='ocrx_word' id='word_1_313' title='bbox 1123 1238 1197 1270; x_wconf 81' lang='grc' dir='ltr'><em>τινὶ</em></span> <span class='ocrx_word' id='word_1_314' title='bbox 1209 1234 1373 1271; x_wconf 81' lang='grc' dir='ltr'><em>Ὅλωλεν</em></span> <span class='ocrx_word' id='word_1_315' title='bbox 1400 1235 1550 1286; x_wconf 74' lang='grc' dir='ltr'><em>ἀνδρῶν</em></span> <span class='ocrx_word' id='word_1_316' title='bbox 1573 1235 1646 1272; x_wconf 81' lang='grc' dir='ltr'><strong>σὺν</strong></span> 
     </span>
     <span class='ocr_line' id='line_1_62' title="bbox 942 1284 1642 1331; baseline 0.004 -13"><span class='ocrx_word' id='word_1_317' title='bbox 942 1284 1194 1331; x_wconf 77' lang='grc' dir='ltr'><em>θεοπτύστῳ</em></span> <span class='ocrx_word' id='word_1_318' title='bbox 1182 1289 1293 1331; x_wconf 85' lang='grc' dir='ltr'><em>γένει.</em></span> <span class='ocrx_word' id='word_1_319' title='bbox 1312 1289 1418 1330; x_wconf 91' lang='lat' dir='ltr'><strong>Soph.</strong></span> <span class='ocrx_word' id='word_1_320' title='bbox 1432 1289 1546 1330; x_wconf 83' lang='lat' dir='ltr'><strong>Antig.</strong></span> <span class='ocrx_word' id='word_1_321' title='bbox 1561 1288 1642 1321; x_wconf 74' lang='lat'><strong>372:</strong></span> 
     </span>
     <span class='ocr_line' id='line_1_63' title="bbox 942 1334 1644 1396; baseline 0.001 -28"><span class='ocrx_word' id='word_1_322' title='bbox 942 1334 1037 1379; x_wconf 85' lang='grc' dir='ltr'><em>Μήτ’</em></span> <span class='ocrx_word' id='word_1_323' title='bbox 1052 1336 1141 1380; x_wconf 82' lang='grc' dir='ltr'><em>ἐμοὶ</em></span> <span class='ocrx_word' id='word_1_324' title='bbox 1155 1339 1361 1396; x_wconf 81' lang='grc' dir='ltr'><em>παρέστιος</em></span> <span class='ocrx_word' id='word_1_325' title='bbox 1376 1338 1534 1371; x_wconf 82' lang='grc' dir='ltr'><em>Γένοιτο</em></span> <span class='ocrx_word' id='word_1_326' title='bbox 1554 1335 1644 1381; x_wconf 78' lang='grc' dir='ltr'><strong>μήτ’</strong></span> 
     </span>
     <span class='ocr_line' id='line_1_64' title="bbox 943 1384 1643 1435; baseline 0.001 -16.001"><span class='ocrx_word' id='word_1_327' title='bbox 943 1385 1031 1419; x_wconf 86' lang='grc' dir='ltr'><em>ι’σον</em></span> <span class='ocrx_word' id='word_1_328' title='bbox 1046 1384 1231 1433; x_wconf 58' lang='grc' dir='ltr'><em>Φρονῶν(</em></span> <span class='ocrx_word' id='word_1_329' title='bbox 1218 1384 1263 1428; x_wconf 84' lang='grc' dir='ltr'><em>ὂς</em></span> <span class='ocrx_word' id='word_1_330' title='bbox 1276 1385 1357 1420; x_wconf 78' lang='grc' dir='ltr'><strong>τάδ’</strong></span> <span class='ocrx_word' id='word_1_331' title='bbox 1373 1384 1485 1435; x_wconf 84' lang='grc' dir='ltr'><em>ερδει.</em></span> <span class='ocrx_word' id='word_1_332' title='bbox 1523 1388 1643 1429; x_wconf 84' lang='lat' dir='ltr'><strong>Eurip.</strong></span> 
     </span>
     <span class='ocr_line' id='line_1_65' title="bbox 943 1437 1642 1480; baseline -0.001 -11"><span class='ocrx_word' id='word_1_333' title='bbox 943 1437 1039 1479; x_wconf 91' lang='lat' dir='ltr'><strong>apud</strong></span> <span class='ocrx_word' id='word_1_334' title='bbox 1072 1438 1239 1470; x_wconf 92' lang='lat' dir='ltr'><strong>Orionem</strong></span> <span class='ocrx_word' id='word_1_335' title='bbox 1274 1438 1492 1471; x_wconf 80' lang='lat' dir='ltr'><strong>Schneidew.</strong></span> <span class='ocrx_word' id='word_1_336' title='bbox 1516 1446 1552 1480; x_wconf 89' lang='lat' dir='ltr'><strong>p.</strong></span> <span class='ocrx_word' id='word_1_337' title='bbox 1577 1437 1642 1470; x_wconf 79' lang='lat'><strong>56:</strong></span> 
     </span>
    </p>
   </div>
   <div class='ocr_carea' id='block_1_9' title="bbox 935 1481 1646 1531">
    <p class='ocr_par' dir='ltr' id='par_1_10' title="bbox 935 1481 1646 1531">
     <span class='ocr_line' id='line_1_66' title="bbox 935 1481 1646 1531; baseline -0.001 -11"><span class='ocrx_word' id='word_1_338' title='bbox 935 1481 1061 1528; x_wconf 86' lang='grc' dir='ltr'><em>Ὅστις</em></span> <span class='ocrx_word' id='word_1_339' title='bbox 1093 1486 1135 1520; x_wconf 80' lang='grc' dir='ltr'><strong>δὲ</strong></span> <span class='ocrx_word' id='word_1_340' title='bbox 1166 1484 1219 1519; x_wconf 84' lang='grc' dir='ltr'><em>τώ</em></span> <span class='ocrx_word' id='word_1_341' title='bbox 1243 1485 1419 1528; x_wconf 80' lang='grc' dir='ltr'><em>φύσαντε</em></span> <span class='ocrx_word' id='word_1_342' title='bbox 1449 1484 1507 1531; x_wconf 80' lang='grc' dir='ltr'><strong>μὴ</strong></span> <span class='ocrx_word' id='word_1_343' title='bbox 1529 1485 1646 1531; x_wconf 83' lang='grc' dir='ltr'><em>τιμᾷν</em></span> 
     </span>
    </p>
   </div>
   <div class='ocr_carea' id='block_1_10' title="bbox 938 1534 1652 2724">
    <p class='ocr_par' dir='ltr' id='par_1_11' title="bbox 938 1534 1652 2476">
     <span class='ocr_line' id='line_1_67' title="bbox 942 1534 1646 1583; baseline 0 -14"><span class='ocrx_word' id='word_1_344' title='bbox 942 1536 1056 1583; x_wconf 78' lang='grc' dir='ltr'><em>θέλῃ,</em></span> <span class='ocrx_word' id='word_1_345' title='bbox 1080 1534 1144 1580; x_wconf 85' lang='grc' dir='ltr'><strong>Μή</strong></span> <span class='ocrx_word' id='word_1_346' title='bbox 1167 1546 1237 1580; x_wconf 86' lang='grc' dir='ltr'><em>μοι</em></span> <span class='ocrx_word' id='word_1_347' title='bbox 1259 1538 1412 1581; x_wconf 81' lang='grc' dir='ltr'><em>γένοιτο</em></span> <span class='ocrx_word' id='word_1_348' title='bbox 1435 1534 1535 1580; x_wconf 86' lang='grc' dir='ltr'><em>μήτε</em></span> <span class='ocrx_word' id='word_1_349' title='bbox 1558 1547 1646 1570; x_wconf 83' lang='grc' dir='ltr'><em>συν-</em></span> 
     </span>
     <span class='ocr_line' id='line_1_68' title="bbox 941 1584 1645 1633; baseline 0 -14"><span class='ocrx_word' id='word_1_350' title='bbox 941 1584 1064 1630; x_wconf 81' lang='grc' dir='ltr'><em>θύτης</em></span> <span class='ocrx_word' id='word_1_351' title='bbox 1095 1587 1226 1628; x_wconf 79' lang='grc' dir='ltr'><em>θεοῖς,</em></span> <span class='ocrx_word' id='word_1_352' title='bbox 1266 1584 1364 1630; x_wconf 77' lang='grc' dir='ltr'><strong>Μήτ’</strong></span> <span class='ocrx_word' id='word_1_353' title='bbox 1388 1586 1430 1620; x_wconf 81' lang='grc' dir='ltr'><strong>ἐν</strong></span> <span class='ocrx_word' id='word_1_354' title='bbox 1461 1584 1645 1633; x_wconf 76' lang='grc' dir='ltr'><em>θαλάσσῃ</em></span> 
     </span>
     <span class='ocr_line' id='line_1_69' title="bbox 942 1634 1643 1678; baseline 0.001 -9"><span class='ocrx_word' id='word_1_355' title='bbox 942 1634 1175 1670; x_wconf 84' lang='grc' dir='ltr'><em>κοινόπλουν</em></span> <span class='ocrx_word' id='word_1_356' title='bbox 1183 1635 1335 1670; x_wconf 82' lang='grc' dir='ltr'><em>στέλλοι</em></span> <span class='ocrx_word' id='word_1_357' title='bbox 1344 1634 1509 1678; x_wconf 83' lang='grc' dir='ltr'><em>σκάφος.</em></span> <span class='ocrx_word' id='word_1_358' title='bbox 1524 1637 1643 1678; x_wconf 85' lang='lat' dir='ltr'><strong>Eurip.</strong></span> 
     </span>
     <span class='ocr_line' id='line_1_70' title="bbox 942 1682 1646 1730; baseline 0 -11"><span class='ocrx_word' id='word_1_359' title='bbox 942 1686 1070 1719; x_wconf 87' lang='lat' dir='ltr'><strong>Electr.</strong></span> <span class='ocrx_word' id='word_1_360' title='bbox 1097 1686 1204 1720; x_wconf 75' lang='lat'>⁴354:</span> <span class='ocrx_word' id='word_1_361' title='bbox 1241 1682 1375 1728; x_wconf 76' lang='grc' dir='ltr'><em>Οὕτως</em></span> <span class='ocrx_word' id='word_1_362' title='bbox 1401 1683 1548 1720; x_wconf 77' lang='grc' dir='ltr'><em>ἀδικεῖν</em></span> <span class='ocrx_word' id='word_1_363' title='bbox 1567 1697 1646 1730; x_wconf 85' lang='grc' dir='ltr'><strong>μη-</strong></span> 
     </span>
     <span class='ocr_line' id='line_1_71' title="bbox 941 1734 1646 1783; baseline 0 -15"><span class='ocrx_word' id='word_1_364' title='bbox 941 1734 1018 1777; x_wconf 82' lang='grc' dir='ltr'><em>δεὶς</em></span> <span class='ocrx_word' id='word_1_365' title='bbox 1033 1735 1196 1776; x_wconf 82' lang='grc' dir='ltr'><em>θελέτω,</em></span> <span class='ocrx_word' id='word_1_366' title='bbox 1220 1735 1317 1780; x_wconf 86' lang='grc' dir='ltr'><em>Μηδ’</em></span> <span class='ocrx_word' id='word_1_367' title='bbox 1343 1735 1533 1783; x_wconf 81' lang='grc' dir='ltr'><em>ἐπιόρκων</em></span> <span class='ocrx_word' id='word_1_368' title='bbox 1547 1737 1646 1779; x_wconf 86' lang='grc' dir='ltr'><em>μέτα</em></span> 
     </span>
     <span class='ocr_line' id='line_1_72' title="bbox 942 1785 1646 1829; baseline 0 -10"><span class='ocrx_word' id='word_1_369' title='bbox 942 1785 1174 1829; x_wconf 80' lang='grc' dir='ltr'><em>συμπλείτω.</em></span> <span class='ocrx_word' id='word_1_370' title='bbox 1201 1786 1336 1820; x_wconf 89' lang='lat' dir='ltr'><strong>Callim.</strong></span> <span class='ocrx_word' id='word_1_371' title='bbox 1355 1787 1436 1820; x_wconf 90' lang='lat' dir='ltr'><strong>Cer.</strong></span> <span class='ocrx_word' id='word_1_372' title='bbox 1456 1788 1542 1819; x_wconf 72' lang='lat'><strong>⁴⁴7:</strong></span> <span class='ocrx_word' id='word_1_373' title='bbox 1567 1785 1646 1819; x_wconf 86' lang='grc' dir='ltr'><strong>Δά-</strong></span> 
     </span>
     <span class='ocr_line' id='line_1_73' title="bbox 940 1830 1645 1893; baseline -0.001 -24"><span class='ocrx_word' id='word_1_374' title='bbox 940 1846 1082 1893; x_wconf 83' lang='grc' dir='ltr'><em>ματερ,</em></span> <span class='ocrx_word' id='word_1_375' title='bbox 1106 1834 1163 1879; x_wconf 83' lang='grc' dir='ltr'><strong>μὴ</strong></span> <span class='ocrx_word' id='word_1_376' title='bbox 1185 1834 1303 1879; x_wconf 81' lang='grc' dir='ltr'><em>τῆνος</em></span> <span class='ocrx_word' id='word_1_377' title='bbox 1324 1835 1413 1878; x_wconf 82' lang='grc' dir='ltr'><em>ἐμὶν</em></span> <span class='ocrx_word' id='word_1_378' title='bbox 1434 1835 1572 1877; x_wconf 81' lang='grc' dir='ltr'><em>φίλος,</em></span> <span class='ocrx_word' id='word_1_379' title='bbox 1599 1830 1645 1878; x_wconf 88' lang='grc' dir='ltr'><em>ὅς</em></span> 
     </span>
     <span class='ocr_line' id='line_1_74' title="bbox 942 1882 1646 1929; baseline 0 -11"><span class='ocrx_word' id='word_1_380' title='bbox 942 1896 1007 1919; x_wconf 91' lang='grc' dir='ltr'><em>σοι</em></span> <span class='ocrx_word' id='word_1_381' title='bbox 1029 1884 1229 1929; x_wconf 79' lang='grc' dir='ltr'><em>ἀπεχθής,</em></span> <span class='ocrx_word' id='word_1_382' title='bbox 1253 1884 1352 1929; x_wconf 83' lang='grc' dir='ltr'><em>Εἴη,</em></span> <span class='ocrx_word' id='word_1_383' title='bbox 1375 1884 1464 1929; x_wconf 79' lang='grc' dir='ltr'><em>μηδ’</em></span> <span class='ocrx_word' id='word_1_384' title='bbox 1487 1882 1646 1929; x_wconf 81' lang='grc' dir='ltr'><em>ὁμότοι-</em></span> 
     </span>
     <span class='ocr_line' id='line_1_75' title="bbox 940 1935 1641 1992; baseline 0 -24"><span class='ocrx_word' id='word_1_385' title='bbox 940 1946 1032 1977; x_wconf 89' lang='grc' dir='ltr'><em>χος·</em></span> <span class='ocrx_word' id='word_1_386' title='bbox 1072 1935 1162 1979; x_wconf 79' lang='grc' dir='ltr'><em>ἐμοὶ</em></span> <span class='ocrx_word' id='word_1_387' title='bbox 1195 1936 1462 1979; x_wconf 80' lang='grc' dir='ltr'><em>κακογείτονες</em></span> <span class='ocrx_word' id='word_1_388' title='bbox 1483 1935 1641 1992; x_wconf 75' lang='grc' dir='ltr'><em>ἐχθροὶ.</em></span> 
     </span>
     <span class='ocr_line' id='line_1_76' title="bbox 940 1981 1642 2031; baseline 0 -13"><span class='ocrx_word' id='word_1_389' title='bbox 940 1986 1102 2028; x_wconf 89' lang='lat' dir='ltr'><strong>Xenoph.</strong></span> <span class='ocrx_word' id='word_1_390' title='bbox 1121 1986 1254 2028; x_wconf 85' lang='lat' dir='ltr'><strong>Cyrop.</strong></span> <span class='ocrx_word' id='word_1_391' title='bbox 1272 1985 1310 2025; x_wconf 89' lang='lat'><strong>8,</strong></span> <span class='ocrx_word' id='word_1_392' title='bbox 1330 1986 1367 2026; x_wconf 93' lang='grc'><strong>4,</strong></span> <span class='ocrx_word' id='word_1_393' title='bbox 1385 1986 1448 2018; x_wconf 63' lang='grc'><strong>253</strong></span> <span class='ocrx_word' id='word_1_394' title='bbox 1474 1981 1642 2031; x_wconf 77' lang='grc' dir='ltr'><em>ὁΚῦρος</em></span> 
     </span>
     <span class='ocr_line' id='line_1_77' title="bbox 939 2030 1644 2093; baseline 0 -26"><span class='ocrx_word' id='word_1_395' title='bbox 939 2053 961 2060; x_wconf 88' lang='grc'>-</span> <span class='ocrx_word' id='word_1_396' title='bbox 985 2055 1006 2060; x_wconf 98' lang='grc'>-</span> <span class='ocrx_word' id='word_1_397' title='bbox 1031 2033 1280 2079; x_wconf 83' lang='grc' dir='ltr'><em>λογιζόμενος</em></span> <span class='ocrx_word' id='word_1_398' title='bbox 1293 2030 1434 2093; x_wconf 73' lang='grc' dir='ltr'><em>ὥσπερ</em></span> <span class='ocrx_word' id='word_1_399' title='bbox 1467 2035 1509 2067; x_wconf 79' lang='grc' dir='ltr'><strong>οῖ</strong></span> <span class='ocrx_word' id='word_1_400' title='bbox 1537 2033 1644 2068; x_wconf 79' lang='grc' dir='ltr'><em>πλεῖν</em></span> 
     </span>
     <span class='ocr_line' id='line_1_78' title="bbox 940 2080 1645 2130; baseline 0 -13"><span class='ocrx_word' id='word_1_401' title='bbox 940 2083 1167 2130; x_wconf 83' lang='grc' dir='ltr'><em>αἱρούμενοι</em></span> <span class='ocrx_word' id='word_1_402' title='bbox 1209 2081 1308 2127; x_wconf 86' lang='grc' dir='ltr'><em>μετὰ</em></span> <span class='ocrx_word' id='word_1_403' title='bbox 1350 2093 1428 2117; x_wconf 88' lang='grc' dir='ltr'><strong>των</strong></span> <span class='ocrx_word' id='word_1_404' title='bbox 1472 2080 1645 2125; x_wconf 79' lang='grc' dir='ltr'><em>εὗσεβῶν</em></span> 
     </span>
     <span class='ocr_line' id='line_1_79' title="bbox 938 2130 1643 2178; baseline 0 -11"><span class='ocrx_word' id='word_1_405' title='bbox 938 2134 1087 2177; x_wconf 80' lang='grc' dir='ltr'><em>μᾶλλον</em></span> <span class='ocrx_word' id='word_1_406' title='bbox 1114 2131 1142 2177; x_wconf 79' lang='grc' dir='ltr'><em>ἢ</em></span> <span class='ocrx_word' id='word_1_407' title='bbox 1170 2132 1268 2178; x_wconf 88' lang='grc' dir='ltr'><em>μετὰ</em></span> <span class='ocrx_word' id='word_1_408' title='bbox 1296 2131 1372 2166; x_wconf 85' lang='grc' dir='ltr'><strong>τῶν</strong></span> <span class='ocrx_word' id='word_1_409' title='bbox 1406 2130 1643 2177; x_wconf 76' lang='grc' dir='ltr'><em>ἠσεβηκέναι</em></span> 
     </span>
     <span class='ocr_line' id='line_1_80' title="bbox 940 2182 1643 2226; baseline -0.003 -8"><span class='ocrx_word' id='word_1_410' title='bbox 940 2196 976 2218; x_wconf 89' lang='grc' dir='ltr'><em>τι</em></span> <span class='ocrx_word' id='word_1_411' title='bbox 1003 2182 1234 2217; x_wconf 86' lang='grc' dir='ltr'><em>δοκούντων.</em></span> <span class='ocrx_word' id='word_1_412' title='bbox 1267 2202 1303 2208; x_wconf 91' lang='grc'><strong>-</strong></span> <span class='ocrx_word' id='word_1_413' title='bbox 1335 2184 1543 2226; x_wconf 63' lang='lat' dir='ltr'><strong>ftayilenwe]</strong></span> <span class='ocrx_word' id='word_1_414' title='bbox 1567 2184 1643 2217; x_wconf 86' lang='lat' dir='ltr'><strong>Fir-</strong></span> 
     </span>
     <span class='ocr_line' id='line_1_81' title="bbox 940 2234 1652 2275; baseline -0.001 -8"><span class='ocrx_word' id='word_1_415' title='bbox 940 2237 1015 2267; x_wconf 90' lang='lat' dir='ltr'><strong>mat</strong></span> <span class='ocrx_word' id='word_1_416' title='bbox 1037 2234 1124 2267; x_wconf 92' lang='lat' dir='ltr'><strong>Cod.</strong></span> <span class='ocrx_word' id='word_1_417' title='bbox 1153 2235 1192 2267; x_wconf 91' lang='lat' dir='ltr'><strong>B.</strong></span> <span class='ocrx_word' id='word_1_418' title='bbox 1223 2234 1488 2275; x_wconf 83' lang='lat' dir='ltr'><strong>antiquissimus</strong></span> <span class='ocrx_word' id='word_1_419' title='bbox 1517 2235 1652 2267; x_wconf 71' lang='lat' dir='ltr'><strong>eontra,</strong></span> 
     </span>
     <span class='ocr_line' id='line_1_82' title="bbox 940 2283 1640 2325; baseline -0.001 -8"><span class='ocrx_word' id='word_1_420' title='bbox 940 2286 1080 2318; x_wconf 90' lang='lat' dir='ltr'><strong>ceteros</strong></span> <span class='ocrx_word' id='word_1_421' title='bbox 1114 2292 1235 2323; x_wconf 87' lang='lat' dir='ltr'><strong>meos;</strong></span> <span class='ocrx_word' id='word_1_422' title='bbox 1272 2285 1309 2316; x_wconf 91' lang='lat' dir='ltr'><strong>et</strong></span> <span class='ocrx_word' id='word_1_423' title='bbox 1339 2284 1438 2316; x_wconf 84' lang='lat' dir='ltr'><strong>recte</strong></span> <span class='ocrx_word' id='word_1_424' title='bbox 1474 2283 1640 2325; x_wconf 86' lang='lat' dir='ltr'><strong>quidem,</strong></span> 
     </span>
     <span class='ocr_line' id='line_1_83' title="bbox 940 2333 1643 2375; baseline -0.003 -8"><span class='ocrx_word' id='word_1_425' title='bbox 940 2343 1023 2367; x_wconf 91' lang='lat' dir='ltr'><strong>cum</strong></span> <span class='ocrx_word' id='word_1_426' title='bbox 1046 2335 1130 2367; x_wconf 90' lang='lat' dir='ltr'><strong>satis</strong></span> <span class='ocrx_word' id='word_1_427' title='bbox 1153 2334 1412 2375; x_wconf 85' lang='lat' dir='ltr'><strong>distinguantur</strong></span> <span class='ocrx_word' id='word_1_428' title='bbox 1432 2333 1543 2366; x_wconf 84' lang='lat' dir='ltr'><strong>trabes</strong></span> <span class='ocrx_word' id='word_1_429' title='bbox 1567 2341 1643 2366; x_wconf 79' lang='lat' dir='ltr'><strong>oae-</strong></span> 
     </span>
     <span class='ocr_line' id='line_1_84' title="bbox 939 2383 1641 2426; baseline -0.001 -9"><span class='ocrx_word' id='word_1_430' title='bbox 939 2386 1013 2417; x_wconf 83' lang='lat' dir='ltr'><strong>dem</strong></span> <span class='ocrx_word' id='word_1_431' title='bbox 1028 2385 1064 2416; x_wconf 86' lang='lat' dir='ltr'><strong>et</strong></span> <span class='ocrx_word' id='word_1_432' title='bbox 1075 2383 1237 2425; x_wconf 79' lang='lat' dir='ltr'><strong>phaselos.</strong></span> <span class='ocrx_word' id='word_1_433' title='bbox 1257 2401 1293 2408; x_wconf 82' lang='lat'><strong>-—</strong></span> <span class='ocrx_word' id='word_1_434' title='bbox 1307 2383 1478 2426; x_wconf 80' lang='lat' dir='ltr'><strong>phaselon]</strong></span> <span class='ocrx_word' id='word_1_435' title='bbox 1496 2383 1641 2425; x_wconf 80' lang='lat' dir='ltr'><strong>proprie</strong></span> 
     </span>
     <span class='ocr_line' id='line_1_85' title="bbox 938 2433 1405 2476; baseline -0.004 -9"><span class='ocrx_word' id='word_1_436' title='bbox 938 2434 1191 2476; x_wconf 85' lang='lat' dir='ltr'><strong>Aegyptiorum</strong></span> <span class='ocrx_word' id='word_1_437' title='bbox 1215 2433 1405 2474; x_wconf 81' lang='lat' dir='ltr'><strong>navigium.</strong></span> 
     </span>
    </p>

    <p class='ocr_par' dir='ltr' id='par_1_12' title="bbox 938 2481 1642 2724">
     <span class='ocr_line' id='line_1_86' title="bbox 983 2481 1642 2525; baseline -0.002 -8"><span class='ocrx_word' id='word_1_438' title='bbox 983 2484 1037 2517; x_wconf 89' lang='grc'><strong>29.</strong></span> <span class='ocrx_word' id='word_1_439' title='bbox 1057 2483 1111 2516; x_wconf 89' lang='lat'><strong>30.</strong></span> <span class='ocrx_word' id='word_1_440' title='bbox 1138 2483 1271 2525; x_wconf 71' lang='lat' dir='ltr'><strong>«Saepe</strong></span> <span class='ocrx_word' id='word_1_441' title='bbox 1291 2483 1469 2525; x_wconf 81' lang='lat' dir='ltr'><strong>Diespiter</strong></span> <span class='ocrx_word' id='word_1_442' title='bbox 1482 2481 1642 2516; x_wconf 78' lang='lat' dir='ltr'><strong>offensus</strong></span> 
     </span>
     <span class='ocr_line' id='line_1_87' title="bbox 939 2530 1641 2574; baseline -0.003 -8"><span class='ocrx_word' id='word_1_443' title='bbox 939 2542 1009 2566; x_wconf 92' lang='lat' dir='ltr'><strong>una</strong></span> <span class='ocrx_word' id='word_1_444' title='bbox 1032 2541 1115 2565; x_wconf 89' lang='lat' dir='ltr'><strong>cum</strong></span> <span class='ocrx_word' id='word_1_445' title='bbox 1137 2533 1276 2572; x_wconf 78' lang='lat' dir='ltr'><strong>incesto,</strong></span> <span class='ocrx_word' id='word_1_446' title='bbox 1301 2532 1512 2574; x_wconf 83' lang='lat' dir='ltr'><strong>religionum</strong></span> <span class='ocrx_word' id='word_1_447' title='bbox 1528 2530 1641 2565; x_wconf 78' lang='lat' dir='ltr'><strong>viola-</strong></span> 
     </span>
     <span class='ocr_line' id='line_1_88' title="bbox 939 2583 1641 2625; baseline -0.004 -10"><span class='ocrx_word' id='word_1_448' title='bbox 939 2585 1028 2623; x_wconf 88' lang='lat' dir='ltr'><strong>tore,</strong></span> <span class='ocrx_word' id='word_1_449' title='bbox 1046 2583 1183 2625; x_wconf 86' lang='lat' dir='ltr'><strong>punivit</strong></span> <span class='ocrx_word' id='word_1_450' title='bbox 1195 2583 1301 2615; x_wconf 83' lang='lat' dir='ltr'><strong>etiam</strong></span> <span class='ocrx_word' id='word_1_451' title='bbox 1314 2583 1553 2621; x_wconf 84' lang='lat' dir='ltr'><strong>innocentem,</strong></span> <span class='ocrx_word' id='word_1_452' title='bbox 1570 2588 1641 2613; x_wconf 82' lang='lat' dir='ltr'><strong>una</strong></span> 
     </span>
     <span class='ocr_line' id='line_1_89' title="bbox 939 2631 1637 2666; baseline -0.006 0"><span class='ocrx_word' id='word_1_453' title='bbox 939 2642 1023 2666; x_wconf 92' lang='lat' dir='ltr'><strong>cum</strong></span> <span class='ocrx_word' id='word_1_454' title='bbox 1057 2631 1115 2665; x_wconf 92' lang='lat' dir='ltr'><strong>illo</strong></span> <span class='ocrx_word' id='word_1_455' title='bbox 1151 2632 1292 2665; x_wconf 82' lang='lat' dir='ltr'><strong>fortuito</strong></span> <span class='ocrx_word' id='word_1_456' title='bbox 1325 2633 1563 2665; x_wconf 75' lang='lat' dir='ltr'><strong>versantem.»</strong></span> <span class='ocrx_word' id='word_1_457' title='bbox 1601 2646 1637 2652; x_wconf 99' lang='lat'><strong>—</strong></span> 
     </span>
     <span class='ocr_line' id='line_1_90' title="bbox 938 2679 1586 2724; baseline -0.006 -8"><span class='ocrx_word' id='word_1_458' title='bbox 938 2681 1123 2724; x_wconf 77' lang='lat' dir='ltr'><strong>Diespiter]</strong></span> <span class='ocrx_word' id='word_1_459' title='bbox 1147 2681 1225 2714; x_wconf 89' lang='lat' dir='ltr'><strong>Vid.</strong></span> <span class='ocrx_word' id='word_1_460' title='bbox 1251 2681 1298 2714; x_wconf 82' lang='lat' dir='ltr'><strong>ad</strong></span> <span class='ocrx_word' id='word_1_461' title='bbox 1320 2681 1383 2714; x_wconf 92' lang='lat' dir='ltr'><strong>Od.</strong></span> <span class='ocrx_word' id='word_1_462' title='bbox 1409 2681 1442 2720; x_wconf 89' lang='grc'><strong>4,</strong></span> <span class='ocrx_word' id='word_1_463' title='bbox 1466 2679 1528 2720; x_wconf 71' lang='lat'><strong>34,</strong></span> <span class='ocrx_word' id='word_1_464' title='bbox 1553 2681 1586 2712; x_wconf 77' lang='lat'><strong>5.</strong></span> 
     </span>
    </p>
   </div>
  </div>
 </body>
</html>
