1722 2904
694 60 866 94 HORATII
891 56 1116 94 CARMINUM

360 164 565 223 Spiritum
594 164 796 208 Phoebus
825 164 948 214 mihi,
981 162 1182 206 Phoebus
1211 169 1347 206 artem

359 246 567 290 Carminis
596 260 842 304 nomenque
871 245 990 289 dedit
1017 249 1185 302 poetae.

1587 244 1642 287 30

358 327 579 385 virginum
607 327 772 384 primae
801 327 1016 384 puerique
1046 325 1174 369 claris

470 407 668 451 Patribus
698 408 776 451 orti
791 442 798 458 ,

358 513 508 557 Deliae
539 513 671 556 tutela
707 512 817 555 deae
848 511 1024 569 fugaces

359 595 528 653 Lyncas
558 600 601 636 et
629 607 783 636 cervos
813 592 1052 636 cohibentis
1082 606 1212 643 aren,

359 674 563 718 Lesbium
592 679 762 717 servate
790 673 948 731 pedem
977 673 1150 730 meique

472 754 642 798 Pollicis
673 754 821 804 ictum,

280 889 333 921 33.
358 888 491 930 myacis
512 888 550 919 B.

235 1000 289 1034 29.
326 1001 380 1034 30.
420 1002 538 1034 Nexus
571 1002 663 1034 inter
686 1002 778 1035 hanc
801 1002 896 1034 stro-

191 1050 286 1091 phen
319 1052 354 1083 et
381 1050 640 1092 praecedentes
665 1061 684 1084 a
715 1051 895 1094 plerisque

195 1100 450 1141 interpretibus
474 1101 591 1133 minus
607 1103 818 1143 perspectus
838 1102 897 1133 hic

195 1151 265 1182 est:
298 1151 450 1182 «Preces
474 1159 575 1183 meas
602 1150 725 1193 Apollo
752 1151 896 1183 iamiam

196 1199 395 1239 exaudivit;
421 1200 498 1241 ipse
525 1209 583 1232 me
610 1201 750 1242 poetico
778 1201 896 1232 furore

195 1248 388 1290 perculit;»
413 1249 508 1282 unde
525 1250 653 1283 missas
669 1249 802 1283 faciens
818 1258 899 1291 pre-

196 1306 257 1330 ces
269 1324 276 1338 ,
303 1298 433 1339 quihus
449 1299 532 1331 doni
549 1299 638 1332 illius
655 1300 812 1341 compoti
828 1300 899 1331 iam

195 1356 268 1386 non
291 1357 381 1389 opus
411 1350 483 1389 est,
519 1349 669 1382 fiduciae
704 1349 831 1391 plenus
859 1358 899 1381 se

195 1397 314 1438 ipsum
326 1399 470 1439 poetam
485 1399 683 1440 profitetur.
709 1401 816 1441 Igitur
831 1401 900 1432 hoc

198 1455 323 1479 rursus
335 1446 413 1479 loco
425 1447 509 1480 illud
527 1449 762 1482 recordemur
777 1458 901 1482 neces-

199 1503 238 1528 se
264 1497 340 1528 est:
373 1497 474 1530 Swme
496 1498 685 1539 superbiam
710 1500 901 1539 Quaesitam

198 1545 336 1577 meritis.
363 1546 437 1586 (Od.
453 1547 485 1586 3,
500 1547 553 1587 30,
573 1547 642 1589 44.)
660 1568 696 1572 —-
725 1549 899 1591 Spiritum]

198 1593 488 1638 ἐνθουσιασμόν
501 1621 510 1636 ,
537 1598 596 1638 qui
612 1599 680 1630 arti
699 1600 899 1641 opponitur.

201 1644 272 1677 Cfr.
288 1645 350 1677 Od.
369 1647 401 1684 2,
419 1647 472 1686 46,
487 1646 541 1679 38.
559 1647 622 1679 Od.
638 1647 674 1687 4,
691 1648 724 1688 3,
741 1649 796 1682 24.
823 1650 901 1681 Tria

200 1689 321 1720 autem
351 1689 441 1721 haec
464 1690 654 1731 perficiunt
677 1694 821 1734 poetam
844 1692 902 1725 tali

200 1738 343 1770 nomine
375 1738 542 1780 dignum,
584 1741 786 1782 ingenium,
827 1745 904 1776 stu-

202 1786 318 1828 dium,
344 1788 438 1820 fama
461 1790 602 1831 utrique
621 1792 856 1833 respondens.

245 1837 299 1869 3⁴.
340 1839 514 1880 Viryinum
523 1841 677 1882 primae]
710 1841 902 1875 «nobiles»

201 1887 310 1919 Erant
355 1890 475 1922 autem
522 1891 677 1931 virgines
723 1893 759 1924 et
802 1893 904 1934 pueri

203 1937 346 1977 patrimi
380 1939 415 1970 et
448 1940 621 1980 matrimi,
662 1950 705 1974 ex
739 1941 905 1982 gentibus

205 1986 378 2027 patriciis,
426 1989 634 2030 parentibus
677 1991 905 2024 confarreatis

206 2036 325 2076 geniti.

251 2084 293 2117 33
309 2103 329 2109 -
344 2086 398 2119 36.
424 2089 543 2132 tutela]
571 2102 586 2118 ιι
599 2091 660 2131 qui
683 2092 768 2124 estis
792 2092 827 2123 in
850 2092 907 2123 tu-

208 2133 276 2166 tela
292 2135 461 2169 Dianae.»
486 2138 610 2172 Catull.
630 2140 690 2180 34,
710 2141 723 2172 4
741 2142 908 2173 :Dianae

208 2192 321 2216 sumus
342 2185 377 2216 in
391 2187 456 2227 fide
469 2188 603 2221 Puellae
617 2193 648 2221 et
656 2191 757 2230 pueri
772 2191 904 2231 integri.

211 2250 247 2256 —
263 2234 450 2278 cohibentis]
468 2237 643 2271 «sistentis
660 2239 694 2272 in
710 2239 802 2281 suga,
821 2240 907 2273 dum

210 2291 271 2315 eos
295 2284 428 2325 sagittis
459 2287 664 2329 transfigit.»
704 2289 839 2322 Callim.
866 2291 906 2324 H.

210 2332 310 2381 Dian.
337 2334 400 2366 ⁴6:
436 2331 581 2369 ὁππότε
602 2338 742 2380 μηκέτι
767 2336 909 2382 λύγκας

211 2378 321 2424 Μήτ”
332 2381 504 2426 ἐλάφους
525 2385 720 2430 βάλλοιμι.
745 2408 781 2412 —
800 2389 910 2421 Lesbi—

210 2440 267 2463 um
281 2450 297 2456 -
308 2435 436 2477 pedem]
457 2438 612 2470 metrum
626 2439 852 2480 Sapphicum.
872 2457 907 2462 -

212 2482 341 2515 pollicis
370 2486 488 2528 ictum]
520 2486 825 2533 χειρονομοῦντά
847 2498 908 2531 με.

216 2532 301 2565 Vide
337 2535 554 2569 Boissonade
590 2537 635 2569 ad
666 2538 839 2571 Aristaen.
873 2547 908 2580 p.

215 2582 288 2615 384.
331 2585 406 2616 Non
438 2585 482 2618 dc
514 2586 589 2628 ipsa
613 2587 768 2620 citharae
791 2587 908 2630 pulsa-

1591 675 1645 717 35

947 1002 1007 1043 qui
1028 999 1164 1043 pollicis
1189 1000 1289 1032 motu
1318 998 1558 1040 indicabatur,
1595 998 1650 1032 lo-

949 1051 1078 1092 quitur.
1105 1049 1303 1082 Terentian.
1323 1050 1434 1083 Maur.
1449 1049 1558 1082 2253:
1584 1050 1651 1082 ad-

946 1104 1074 1132 suetam
1088 1108 1244 1139 moram,
1270 1099 1379 1139 Quam
1390 1098 1521 1139 pollicis
1533 1107 1651 1131 sonore

946 1150 998 1182 vel
1027 1150 1155 1190 plausu
1182 1148 1278 1189 pedis
1299 1148 1559 1188 Discriminaro,
1593 1148 1652 1188 qm·

948 1201 1063 1231 docent
1082 1202 1206 1238 artem,
1231 1198 1344 1230 solent.
1372 1199 1454 1238 Qui,
1479 1199 1520 1230 ut
1534 1206 1650 1240 nuper

949 1249 1055 1281 etiam
1078 1247 1326 1289 Dillenburger
1353 1256 1434 1289 pag.
1460 1247 1536 1286 93„
1563 1255 1647 1279 cum

949 1297 1150 1330 Scholiastis
1185 1296 1382 1338 explicant:
1418 1295 1653 1329 «modulatio-

949 1356 1033 1380 nem
1057 1347 1244 1386 carminis,
1283 1345 1391 1378 veluti
1425 1346 1502 1388 ipse
1536 1345 1653 1387 lyram

948 1397 1167 1439 percutiam»
1179 1421 1187 1436 ,
1212 1395 1308 1428 haud
1324 1396 1409 1429 satis
1425 1395 1654 1428 attenderunt

950 1447 997 1479 ad
1019 1446 1207 1479 vim-vocis
1220 1446 1346 1486 ictum,
1370 1445 1474 1487 longe
1491 1445 1653 1478 diversae

951 1496 996 1528 ab
1028 1496 1090 1536 iis,
1127 1504 1219 1536 quae
1253 1494 1301 1527 ad
1327 1503 1362 1528 v.
1392 1494 1518 1535 pellere
1540 1495 1653 1534 lyram

951 1546 1146 1587 pertinent,
1172 1553 1291 1586 neque
1315 1543 1562 1586 expenderunt
1581 1544 1655 1576 Ho-

951 1596 1081 1628 ratium
1111 1603 1156 1627 ne
1186 1595 1326 1636 poetice
1356 1594 1503 1636 quidem
1532 1593 1653 1626 dicere

952 1645 1128 1687 potuisse,
1153 1645 1270 1676 semet
1291 1644 1410 1685 ipsum
1432 1642 1548 1684 lyram
1572 1651 1653 1676 esse

952 1694 1149 1737 pulsurum.
1211 1694 1287 1726 Hoc
1326 1693 1431 1725 dicit:
1485 1691 1654 1725 «Docebo

954 1745 1083 1777 choros
1115 1743 1249 1785 (dociles
1270 1750 1435 1775 meorum
1464 1741 1654 1784 modorum)

953 1790 1105 1840 ῥυθμὸν
1123 1793 1340 1834 sapphicum
1363 1791 1530 1824 carminis
1553 1800 1656 1824 secu-

955 1843 1073 1875 laris.»

998 1893 1051 1925 37.
1077 1892 1131 1925 38.
1157 1891 1245 1931 Rite]
1271 1899 1336 1922 «ex
1359 1890 1428 1922 ritu
1450 1890 1486 1922 in
1501 1890 1556 1923 his
1571 1898 1656 1922 cae-

955 1942 1114 1974 rimoniis
1141 1941 1333 1982 antiquitus
1359 1939 1464 1972 nobis
1490 1939 1654 1972 tradito.»

958 2010 995 2015 -
1019 1991 1104 2033 face]
1130 1990 1322 2022 alumine.»
1361 1989 1473 2021 Diana
1495 1989 1656 2022 Lucifera

955 2042 991 2073 in
1014 2041 1167 2081 antiquis
1190 2039 1431 2072 monumentis
1453 2039 1515 2071 aut
1536 2037 1657 2071 lunam

957 2091 1181 2123 crescentem
1214 2097 1244 2121 s.
1274 2087 1440 2120 falcatam
1473 2088 1509 2120 in
1540 2088 1657 2129 capite

956 2139 1066 2172 habet
1096 2139 1158 2170 aut
1187 2137 1303 2170 facem
1332 2136 1456 2169 dextra
1478 2137 1577 2169 tenet
1598 2136 1659 2168 aut

957 2190 1108 2229 utroque
1145 2185 1310 2229 symbolo
1334 2187 1458 2218 ornata
1481 2185 1658 2228 conspici-

958 2240 1026 2270 tur.
1053 2237 1124 2270 Cfr.
1150 2236 1257 2270 Millin
1281 2236 1368 2268 Gall.
1385 2235 1522 2276 mythol.
1540 2236 1581 2267 N.
1600 2235 1655 2268 93.

960 2288 1035 2319 ⁴⁴7.
1063 2287 1138 2319 ⁴⁴8.
1158 2286 1232 2318 ⁴2⁴.
1259 2285 1347 2318 Hinc
1370 2285 1476 2327 Soph.
1495 2284 1655 2317 Trachin.

959 2336 1035 2370 2⁴4.
1076 2337 1181 2368 vocat
1216 2330 1391 2381 Ἄρτεμιν
1442 2331 1656 2378 Ὀρτυγίαν,

961 2382 1211 2426 ἐλαφαβόλον
1225 2409 1234 2425 ,
1270 2379 1507 2429 ἀμφίπυρον.
1548 2383 1660 2416 Dioti-

962 2446 1042 2470 mus
1071 2437 1106 2469 in
1135 2435 1275 2468 Anthol.
1306 2434 1378 2467 Pal.
1410 2435 1435 2467 1.
1466 2443 1545 2476 pag.
1569 2433 1655 2467 274:

962 2484 1190 2533 Φωσφόρος,
1204 2479 1235 2517 ὦ
1247 2479 1604 2531 σώτειρ’--”Ἀρτεμι.
1621 2502 1657 2507 -

962 2537 1148 2577 Noctiluca]
1187 2531 1403 2577 νυκτιφαής
1417 2557 1426 2572 ,
1452 2532 1660 2575 νυκτιλαμ-

964 2584 1050 2629 πής.
1099 2587 1188 2619 Item
1228 2581 1474 2630 σελασφόρος
1511 2585 1657 2616 Pausan.

215 2632 327 2673 tione,
377 2634 440 2668 sed
476 2634 520 2667 de
557 2637 723 2687 carminis
752 2633 911 2682 ῥυθμῷ,
966 2637 1058 2677 4,34
1075 2662 1082 2677 ,
1099 2637 1130 2668 2.
1158 2637 1193 2668 et
1215 2631 1431 2680 φωσφόρος
1464 2633 1514 2666 Id.
1541 2632 1577 2672 4,
1603 2632 1658 2672 34,
