<?xml version="1.0" encoding="UTF-8"?>
<!DOCTYPE html PUBLIC "-//W3C//DTD XHTML 1.0 Transitional//EN"
    "http://www.w3.org/TR/xhtml1/DTD/xhtml1-transitional.dtd">
<html xmlns="http://www.w3.org/1999/xhtml" xml:lang="en" lang="en">
 <head>
  <title>
</title>
<meta http-equiv="Content-Type" content="text/html;charset=utf-8" />
  <meta name='ocr-system' content='tesseract 3.04.00' />
  <meta name='ocr-capabilities' content='ocr_page ocr_carea ocr_par ocr_line ocrx_word'/>
</head>
<body>
  <div class='ocr_page' id='page_1' title='image "./qhoratiusflaccus12horauoft_0630.png"; bbox 0 0 1722 2904; ppageno 0'>
   <div class='ocr_carea' id='block_1_1' title="bbox 256 97 1161 139">
    <p class='ocr_par' dir='ltr' id='par_1_1' title="bbox 256 97 1161 139">
     <span class='ocr_line' id='line_1_1' title="bbox 256 97 1161 139; baseline -0.012 1"><span class='ocrx_word' id='word_1_1' title='bbox 256 97 337 139; x_wconf 86' lang='grc'>644</span> <span class='ocrx_word' id='word_1_2' title='bbox 797 98 966 131; x_wconf 61' lang='grc'><strong>1101111111</strong></span> <span class='ocrx_word' id='word_1_3' title='bbox 991 98 1161 131; x_wconf 63' lang='lat' dir='ltr'>Eronos</span> 
     </span>
    </p>
   </div>
   <div class='ocr_carea' id='block_1_2' title="bbox 251 191 1706 515">
    <p class='ocr_par' dir='ltr' id='par_1_2' title="bbox 251 191 1706 515">
     <span class='ocr_line' id='line_1_2' title="bbox 252 191 1705 236; baseline 0 -11"><span class='ocrx_word' id='word_1_4' title='bbox 252 192 496 235; x_wconf 85' lang='lat' dir='ltr'>praeferamus</span> <span class='ocrx_word' id='word_1_5' title='bbox 521 200 690 234; x_wconf 88' lang='lat' dir='ltr'>expresso</span> <span class='ocrx_word' id='word_1_6' title='bbox 714 193 841 234; x_wconf 74' lang='lat' dir='ltr'>poetae</span> <span class='ocrx_word' id='word_1_7' title='bbox 874 191 1095 231; x_wconf 83' lang='lat' dir='ltr'>testimonio,</span> <span class='ocrx_word' id='word_1_8' title='bbox 1137 200 1204 224; x_wconf 89' lang='lat' dir='ltr'>nec</span> <span class='ocrx_word' id='word_1_9' title='bbox 1238 192 1311 224; x_wconf 82' lang='lat' dir='ltr'>tam</span> <span class='ocrx_word' id='word_1_10' title='bbox 1342 193 1480 234; x_wconf 84' lang='lat' dir='ltr'>angusti</span> <span class='ocrx_word' id='word_1_11' title='bbox 1515 202 1557 225; x_wconf 89' lang='lat' dir='ltr'>ac</span> <span class='ocrx_word' id='word_1_12' title='bbox 1590 193 1705 236; x_wconf 82' lang='lat' dir='ltr'><strong>pusilli</strong></span> 
     </span>
     <span class='ocr_line' id='line_1_3' title="bbox 253 246 1705 290; baseline 0.001 -9"><span class='ocrx_word' id='word_1_13' title='bbox 253 249 360 281; x_wconf 89' lang='lat' dir='ltr'>animi</span> <span class='ocrx_word' id='word_1_14' title='bbox 384 248 447 281; x_wconf 81' lang='lat' dir='ltr'>fuit</span> <span class='ocrx_word' id='word_1_15' title='bbox 468 249 664 290; x_wconf 82' lang='lat' dir='ltr'>Augustus,</span> <span class='ocrx_word' id='word_1_16' title='bbox 692 248 752 290; x_wconf 91' lang='lat' dir='ltr'>qui</span> <span class='ocrx_word' id='word_1_17' title='bbox 777 249 936 280; x_wconf 89' lang='lat' dir='ltr'>carmina</span> <span class='ocrx_word' id='word_1_18' title='bbox 959 246 1117 280; x_wconf 85' lang='lat' dir='ltr'>Bibaculi</span> <span class='ocrx_word' id='word_1_19' title='bbox 1141 249 1175 280; x_wconf 90' lang='lat' dir='ltr'>et</span> <span class='ocrx_word' id='word_1_20' title='bbox 1198 247 1322 281; x_wconf 86' lang='lat' dir='ltr'>Catulli</span> <span class='ocrx_word' id='word_1_21' title='bbox 1338 247 1468 281; x_wconf 79' lang='lat' dir='ltr'>referta</span> <span class='ocrx_word' id='word_1_22' title='bbox 1483 248 1705 282; x_wconf 87' lang='lat' dir='ltr'>contumeliis</span> 
     </span>
     <span class='ocr_line' id='line_1_4' title="bbox 253 303 1706 347; baseline 0.001 -10"><span class='ocrx_word' id='word_1_23' title='bbox 253 306 447 338; x_wconf 84' lang='lat' dir='ltr'>Caesarum</span> <span class='ocrx_word' id='word_1_24' title='bbox 471 305 650 346; x_wconf 86' lang='lat' dir='ltr'>sapienter</span> <span class='ocrx_word' id='word_1_25' title='bbox 673 303 849 336; x_wconf 83' lang='lat' dir='ltr'>tolerabat</span> <span class='ocrx_word' id='word_1_26' title='bbox 874 304 992 345; x_wconf 82' lang='lat' dir='ltr'>(Tacit.</span> <span class='ocrx_word' id='word_1_27' title='bbox 1018 305 1106 336; x_wconf 87' lang='lat' dir='ltr'>Anu.</span> <span class='ocrx_word' id='word_1_28' title='bbox 1133 303 1172 343; x_wconf 86' lang='grc'><strong>4,</strong></span> <span class='ocrx_word' id='word_1_29' title='bbox 1199 303 1282 346; x_wconf 83' lang='grc'><strong>34.),</strong></span> <span class='ocrx_word' id='word_1_30' title='bbox 1306 305 1346 337; x_wconf 90' lang='grc'>111</span> <span class='ocrx_word' id='word_1_31' title='bbox 1366 306 1514 347; x_wconf 88' lang='lat' dir='ltr'>propter</span> <span class='ocrx_word' id='word_1_32' title='bbox 1533 306 1599 338; x_wconf 84' lang='lat' dir='ltr'>tria</span> <span class='ocrx_word' id='word_1_33' title='bbox 1619 304 1706 338; x_wconf 89' lang='lat' dir='ltr'>libe—</span> 
     </span>
     <span class='ocr_line' id='line_1_5' title="bbox 252 358 1705 402; baseline 0.001 -9"><span class='ocrx_word' id='word_1_34' title='bbox 252 362 345 393; x_wconf 91' lang='lat' dir='ltr'>riora</span> <span class='ocrx_word' id='word_1_35' title='bbox 370 362 526 393; x_wconf 87' lang='lat' dir='ltr'>carmina</span> <span class='ocrx_word' id='word_1_36' title='bbox 561 362 675 393; x_wconf 90' lang='lat' dir='ltr'>totum</span> <span class='ocrx_word' id='word_1_37' title='bbox 698 360 793 392; x_wconf 89' lang='lat' dir='ltr'>hunc</span> <span class='ocrx_word' id='word_1_38' title='bbox 827 359 974 399; x_wconf 89' lang='lat' dir='ltr'>librum,</span> <span class='ocrx_word' id='word_1_39' title='bbox 1013 361 1068 392; x_wconf 92' lang='lat' dir='ltr'>sat</span> <span class='ocrx_word' id='word_1_40' title='bbox 1089 358 1219 392; x_wconf 82' lang='lat' dir='ltr'>multas</span> <span class='ocrx_word' id='word_1_41' title='bbox 1241 360 1351 402; x_wconf 84' lang='lat' dir='ltr'>ipsius</span> <span class='ocrx_word' id='word_1_42' title='bbox 1372 359 1498 394; x_wconf 89' lang='lat' dir='ltr'>laudes</span> <span class='ocrx_word' id='word_1_43' title='bbox 1521 362 1705 395; x_wconf 82' lang='lat' dir='ltr'>continen-</span> 
     </span>
     <span class='ocr_line' id='line_1_6' title="bbox 252 415 1703 459; baseline 0.001 -11"><span class='ocrx_word' id='word_1_44' title='bbox 252 419 342 457; x_wconf 91' lang='lat' dir='ltr'>tem,</span> <span class='ocrx_word' id='word_1_45' title='bbox 369 416 522 449; x_wconf 87' lang='lat' dir='ltr'>celatum</span> <span class='ocrx_word' id='word_1_46' title='bbox 546 417 714 458; x_wconf 86' lang='lat' dir='ltr'>cuperet,</span> <span class='ocrx_word' id='word_1_47' title='bbox 741 424 824 448; x_wconf 89' lang='lat' dir='ltr'>cum</span> <span class='ocrx_word' id='word_1_48' title='bbox 848 415 883 447; x_wconf 90' lang='lat' dir='ltr'>id</span> <span class='ocrx_word' id='word_1_49' title='bbox 907 415 984 447; x_wconf 87' lang='lat' dir='ltr'>fieri</span> <span class='ocrx_word' id='word_1_50' title='bbox 1008 415 1153 448; x_wconf 91' lang='lat' dir='ltr'>omnino</span> <span class='ocrx_word' id='word_1_51' title='bbox 1177 416 1357 458; x_wconf 77' lang='lat' dir='ltr'>nequiret3</span> <span class='ocrx_word' id='word_1_52' title='bbox 1383 417 1586 459; x_wconf 86' lang='lat' dir='ltr'>quicunque</span> <span class='ocrx_word' id='word_1_53' title='bbox 1608 418 1703 450; x_wconf 89' lang='lat' dir='ltr'>enim</span> 
     </span>
     <span class='ocr_line' id='line_1_7' title="bbox 251 471 1702 515; baseline 0.001 -11"><span class='ocrx_word' id='word_1_54' title='bbox 251 472 411 512; x_wconf 89' lang='lat' dir='ltr'>volebat,</span> <span class='ocrx_word' id='word_1_55' title='bbox 449 472 611 514; x_wconf 86' lang='lat' dir='ltr'>exempla</span> <span class='ocrx_word' id='word_1_56' title='bbox 643 471 789 513; x_wconf 93' lang='lat' dir='ltr'>Epodon</span> <span class='ocrx_word' id='word_1_57' title='bbox 822 479 841 502; x_wconf 89' lang='lat' dir='ltr'>a</span> <span class='ocrx_word' id='word_1_58' title='bbox 873 472 978 512; x_wconf 81' lang='lat' dir='ltr'>poeta</span> <span class='ocrx_word' id='word_1_59' title='bbox 1010 471 1087 513; x_wconf 90' lang='lat' dir='ltr'>ipso</span> <span class='ocrx_word' id='word_1_60' title='bbox 1118 472 1224 513; x_wconf 90' lang='lat' dir='ltr'>atque</span> <span class='ocrx_word' id='word_1_61' title='bbox 1247 472 1300 504; x_wconf 85' lang='lat' dir='ltr'>tot</span> <span class='ocrx_word' id='word_1_62' title='bbox 1331 472 1408 505; x_wconf 89' lang='lat' dir='ltr'>eius</span> <span class='ocrx_word' id='word_1_63' title='bbox 1430 473 1552 506; x_wconf 85' lang='lat' dir='ltr'>amicis</span> <span class='ocrx_word' id='word_1_64' title='bbox 1575 481 1702 515; x_wconf 87' lang='lat' dir='ltr'>parare</span> 
     </span>
    </p>
   </div>
   <div class='ocr_carea' id='block_1_3' title="bbox 253 528 741 570">
    <p class='ocr_par' dir='ltr' id='par_1_3' title="bbox 253 528 741 570">
     <span class='ocr_line' id='line_1_8' title="bbox 253 528 741 570; baseline -0.006 -8"><span class='ocrx_word' id='word_1_65' title='bbox 253 529 318 562; x_wconf 90' lang='lat' dir='ltr'>sibi</span> <span class='ocrx_word' id='word_1_66' title='bbox 343 528 432 562; x_wconf 84' lang='lat' dir='ltr'>sacili</span> <span class='ocrx_word' id='word_1_67' title='bbox 457 537 565 570; x_wconf 88' lang='lat' dir='ltr'>opera</span> <span class='ocrx_word' id='word_1_68' title='bbox 589 528 741 570; x_wconf 88' lang='lat' dir='ltr'>poterat.</span> 
     </span>
    </p>
   </div>
   <div class='ocr_carea' id='block_1_4' title="bbox 772 712 1178 752">
    <p class='ocr_par' dir='ltr' id='par_1_4' title="bbox 772 712 1178 752">
     <span class='ocr_line' id='line_1_9' title="bbox 772 712 1178 752; baseline 0 0"><span class='ocrx_word' id='word_1_69' title='bbox 772 712 1178 752; x_wconf 68' lang='lat' dir='ltr'>cmx.</span> 
     </span>
    </p>
   </div>
   <div class='ocr_carea' id='block_1_5' title="bbox 475 812 1266 863">
    <p class='ocr_par' dir='ltr' id='par_1_5' title="bbox 475 812 1266 863">
     <span class='ocr_line' id='line_1_10' title="bbox 475 812 1266 863; baseline 0.001 -8"><span class='ocrx_word' id='word_1_70' title='bbox 475 812 561 857; x_wconf 87' lang='lat' dir='ltr'>Ibis</span> <span class='ocrx_word' id='word_1_71' title='bbox 592 812 790 856; x_wconf 89' lang='lat' dir='ltr'>Liburnis</span> <span class='ocrx_word' id='word_1_72' title='bbox 821 812 932 856; x_wconf 92' lang='lat' dir='ltr'>inter</span> <span class='ocrx_word' id='word_1_73' title='bbox 960 812 1044 856; x_wconf 88' lang='lat' dir='ltr'>alta</span> <span class='ocrx_word' id='word_1_74' title='bbox 1072 813 1266 863; x_wconf 90' lang='lat' dir='ltr'>navium,</span> 
     </span>
    </p>
   </div>
   <div class='ocr_carea' id='block_1_6' title="bbox 294 931 1656 1026">
    <p class='ocr_par' dir='ltr' id='par_1_6' title="bbox 294 931 1656 1026">
     <span class='ocr_line' id='line_1_11' title="bbox 339 931 1656 974; baseline 0 -8"><span class='ocrx_word' id='word_1_75' title='bbox 339 936 363 966; x_wconf 91' lang='lat' dir='ltr'>l.</span> <span class='ocrx_word' id='word_1_76' title='bbox 390 935 498 966; x_wconf 86' lang='lat' dir='ltr'>Inscr.</span> <span class='ocrx_word' id='word_1_77' title='bbox 524 931 614 974; x_wconf 84' lang='lat' dir='ltr'>volg.</span> <span class='ocrx_word' id='word_1_78' title='bbox 639 932 689 964; x_wconf 86' lang='lat' dir='ltr'>Ad</span> <span class='ocrx_word' id='word_1_79' title='bbox 711 933 962 972; x_wconf 77' lang='lat' dir='ltr'>Maecenatem,</span> <span class='ocrx_word' id='word_1_80' title='bbox 988 933 1025 965; x_wconf 86' lang='lat' dir='ltr'>et</span> <span class='ocrx_word' id='word_1_81' title='bbox 1046 933 1099 966; x_wconf 91' lang='lat' dir='ltr'>sic</span> <span class='ocrx_word' id='word_1_82' title='bbox 1122 932 1188 965; x_wconf 90' lang='lat' dir='ltr'>BT.</span> <span class='ocrx_word' id='word_1_83' title='bbox 1217 951 1253 956; x_wconf 90' lang='lat'>—</span> <span class='ocrx_word' id='word_1_84' title='bbox 1279 933 1356 965; x_wconf 91' lang='lat' dir='ltr'>Om.</span> <span class='ocrx_word' id='word_1_85' title='bbox 1383 941 1511 966; x_wconf 90' lang='lat' dir='ltr'>omnes</span> <span class='ocrx_word' id='word_1_86' title='bbox 1533 933 1656 967; x_wconf 88' lang='lat' dir='ltr'>inscri-</span> 
     </span>
     <span class='ocr_line' id='line_1_12' title="bbox 294 981 1656 1026; baseline 0 -10"><span class='ocrx_word' id='word_1_87' title='bbox 294 984 432 1026; x_wconf 89' lang='lat' dir='ltr'>ptiones</span> <span class='ocrx_word' id='word_1_88' title='bbox 449 984 470 1015; x_wconf 93' lang='lat' dir='ltr'>S</span> <span class='ocrx_word' id='word_1_89' title='bbox 485 1009 492 1022; x_wconf 91' lang='lat'>,</span> <span class='ocrx_word' id='word_1_90' title='bbox 511 983 596 1015; x_wconf 87' lang='lat' dir='ltr'>item</span> <span class='ocrx_word' id='word_1_91' title='bbox 611 982 648 1021; x_wconf 91' lang='lat' dir='ltr'>b,</span> <span class='ocrx_word' id='word_1_92' title='bbox 667 984 817 1024; x_wconf 83' lang='lat' dir='ltr'>excepto</span> <span class='ocrx_word' id='word_1_93' title='bbox 832 981 954 1023; x_wconf 91' lang='lat' dir='ltr'>Epodo</span> <span class='ocrx_word' id='word_1_94' title='bbox 973 982 1024 1014; x_wconf 94' lang='grc'><strong>47.</strong></span> <span class='ocrx_word' id='word_1_95' title='bbox 1052 1001 1088 1006; x_wconf 93' lang='grc'>-</span> <span class='ocrx_word' id='word_1_96' title='bbox 1115 982 1226 1016; x_wconf 91' lang='lat' dir='ltr'>Huius</span> <span class='ocrx_word' id='word_1_97' title='bbox 1242 983 1408 1016; x_wconf 85' lang='lat' dir='ltr'>carminis</span> <span class='ocrx_word' id='word_1_98' title='bbox 1423 984 1504 1016; x_wconf 86' lang='lat' dir='ltr'>octo</span> <span class='ocrx_word' id='word_1_99' title='bbox 1519 984 1656 1016; x_wconf 80' lang='lat' dir='ltr'>tantum</span> 
     </span>
    </p>
   </div>
   <div class='ocr_carea' id='block_1_7' title="bbox 295 1032 660 1075">
    <p class='ocr_par' dir='ltr' id='par_1_7' title="bbox 295 1032 660 1075">
     <span class='ocr_line' id='line_1_13' title="bbox 295 1032 660 1075; baseline -0.003 -9"><span class='ocrx_word' id='word_1_100' title='bbox 295 1043 351 1066; x_wconf 85' lang='lat' dir='ltr'>vv.</span> <span class='ocrx_word' id='word_1_101' title='bbox 378 1034 412 1066; x_wconf 90' lang='lat' dir='ltr'>in</span> <span class='ocrx_word' id='word_1_102' title='bbox 435 1035 460 1066; x_wconf 91' lang='lat' dir='ltr'>B</span> <span class='ocrx_word' id='word_1_103' title='bbox 484 1032 660 1075; x_wconf 87' lang='lat' dir='ltr'>leguntur.</span> 
     </span>
    </p>
   </div>
   <div class='ocr_carea' id='block_1_8' title="bbox 239 1138 950 2719">
    <p class='ocr_par' dir='ltr' id='par_1_8' title="bbox 239 1138 950 2719">
     <span class='ocr_line' id='line_1_14' title="bbox 292 1138 950 1178; baseline -0.003 -6"><span class='ocrx_word' id='word_1_104' title='bbox 292 1141 318 1172; x_wconf 92' lang='grc' dir='ltr'>Ι.</span> <span class='ocrx_word' id='word_1_105' title='bbox 357 1141 448 1172; x_wconf 91' lang='lat' dir='ltr'>Sane</span> <span class='ocrx_word' id='word_1_106' title='bbox 472 1147 555 1171; x_wconf 96' lang='grc'><strong>011111</strong></span> <span class='ocrx_word' id='word_1_107' title='bbox 582 1138 653 1170; x_wconf 92' lang='lat' dir='ltr'>hoc</span> <span class='ocrx_word' id='word_1_108' title='bbox 675 1146 822 1178; x_wconf 85' lang='lat' dir='ltr'>carmen</span> <span class='ocrx_word' id='word_1_109' title='bbox 848 1146 950 1170; x_wconf 83' lang='lat' dir='ltr'>com—</span> 
     </span>
     <span class='ocr_line' id='line_1_15' title="bbox 248 1188 949 1231; baseline -0.003 -10"><span class='ocrx_word' id='word_1_110' title='bbox 248 1189 380 1231; x_wconf 82' lang='lat' dir='ltr'>posuit,</span> <span class='ocrx_word' id='word_1_111' title='bbox 407 1189 638 1222; x_wconf 83' lang='lat' dir='ltr'>constitutum</span> <span class='ocrx_word' id='word_1_112' title='bbox 661 1189 754 1228; x_wconf 89' lang='lat' dir='ltr'>erat,</span> <span class='ocrx_word' id='word_1_113' title='bbox 790 1188 829 1220; x_wconf 92' lang='lat' dir='ltr'>ut</span> <span class='ocrx_word' id='word_1_114' title='bbox 851 1188 949 1221; x_wconf 90' lang='lat' dir='ltr'>Mae-</span> 
     </span>
     <span class='ocr_line' id='line_1_16' title="bbox 249 1236 950 1271; baseline -0.004 0"><span class='ocrx_word' id='word_1_115' title='bbox 249 1248 356 1271; x_wconf 91' lang='lat' dir='ltr'>cenas</span> <span class='ocrx_word' id='word_1_116' title='bbox 373 1239 602 1271; x_wconf 84' lang='lat' dir='ltr'>octavianum</span> <span class='ocrx_word' id='word_1_117' title='bbox 617 1238 652 1270; x_wconf 89' lang='lat' dir='ltr'>in</span> <span class='ocrx_word' id='word_1_118' title='bbox 667 1236 802 1270; x_wconf 91' lang='lat' dir='ltr'>bellum</span> <span class='ocrx_word' id='word_1_119' title='bbox 818 1237 950 1269; x_wconf 90' lang='lat' dir='ltr'>adver-</span> 
     </span>
     <span class='ocr_line' id='line_1_17' title="bbox 247 1286 949 1327; baseline -0.006 -5"><span class='ocrx_word' id='word_1_120' title='bbox 247 1297 308 1322; x_wconf 92' lang='lat' dir='ltr'>sus</span> <span class='ocrx_word' id='word_1_121' title='bbox 326 1289 370 1322; x_wconf 89' lang='lat' dir='ltr'>M.</span> <span class='ocrx_word' id='word_1_122' title='bbox 385 1288 575 1321; x_wconf 90' lang='lat' dir='ltr'>Antonium</span> <span class='ocrx_word' id='word_1_123' title='bbox 592 1288 833 1326; x_wconf 86' lang='lat' dir='ltr'>comitaretur,</span> <span class='ocrx_word' id='word_1_124' title='bbox 852 1286 949 1327; x_wconf 90' lang='lat' dir='ltr'>quod</span> 
     </span>
     <span class='ocr_line' id='line_1_18' title="bbox 247 1337 948 1379; baseline -0.006 -8"><span class='ocrx_word' id='word_1_125' title='bbox 247 1340 367 1371; x_wconf 86' lang='lat' dir='ltr'>tamen</span> <span class='ocrx_word' id='word_1_126' title='bbox 402 1337 587 1371; x_wconf 90' lang='lat' dir='ltr'>consilium</span> <span class='ocrx_word' id='word_1_127' title='bbox 620 1338 746 1379; x_wconf 85' lang='lat' dir='ltr'>postea</span> <span class='ocrx_word' id='word_1_128' title='bbox 772 1337 948 1368; x_wconf 89' lang='lat' dir='ltr'>mutatum</span> 
     </span>
     <span class='ocr_line' id='line_1_19' title="bbox 247 1387 949 1428; baseline -0.004 -7"><span class='ocrx_word' id='word_1_129' title='bbox 247 1397 327 1421; x_wconf 90' lang='lat' dir='ltr'>esse</span> <span class='ocrx_word' id='word_1_130' title='bbox 352 1388 666 1428; x_wconf 85' lang='lat' dir='ltr'>Maecenatemque</span> <span class='ocrx_word' id='word_1_131' title='bbox 691 1387 823 1419; x_wconf 80' lang='lat' dir='ltr'>Romae</span> <span class='ocrx_word' id='word_1_132' title='bbox 845 1395 949 1418; x_wconf 89' lang='lat' dir='ltr'>man-</span> 
     </span>
     <span class='ocr_line' id='line_1_20' title="bbox 248 1437 949 1479; baseline -0.004 -8"><span class='ocrx_word' id='word_1_133' title='bbox 248 1439 358 1479; x_wconf 90' lang='lat' dir='ltr'>sisse,</span> <span class='ocrx_word' id='word_1_134' title='bbox 398 1439 438 1470; x_wconf 91' lang='lat' dir='ltr'>ut</span> <span class='ocrx_word' id='word_1_135' title='bbox 473 1437 619 1470; x_wconf 88' lang='lat' dir='ltr'>urbanis</span> <span class='ocrx_word' id='word_1_136' title='bbox 657 1437 807 1477; x_wconf 88' lang='lat' dir='ltr'>negotiis</span> <span class='ocrx_word' id='word_1_137' title='bbox 840 1445 949 1478; x_wconf 88' lang='lat' dir='ltr'>prae-</span> 
     </span>
     <span class='ocr_line' id='line_1_21' title="bbox 247 1486 948 1521; baseline -0.004 0"><span class='ocrx_word' id='word_1_138' title='bbox 247 1489 344 1521; x_wconf 84' lang='lat' dir='ltr'>esset</span> <span class='ocrx_word' id='word_1_139' title='bbox 371 1496 414 1520; x_wconf 91' lang='lat' dir='ltr'>ac</span> <span class='ocrx_word' id='word_1_140' title='bbox 445 1487 636 1520; x_wconf 87' lang='lat' dir='ltr'>seditiones</span> <span class='ocrx_word' id='word_1_141' title='bbox 661 1486 810 1519; x_wconf 84' lang='lat' dir='ltr'>fortasse</span> <span class='ocrx_word' id='word_1_142' title='bbox 834 1487 948 1518; x_wconf 92' lang='lat' dir='ltr'>oritu-</span> 
     </span>
     <span class='ocr_line' id='line_1_22' title="bbox 246 1535 947 1579; baseline -0.004 -9"><span class='ocrx_word' id='word_1_143' title='bbox 246 1547 305 1571; x_wconf 91' lang='lat' dir='ltr'>ras</span> <span class='ocrx_word' id='word_1_144' title='bbox 321 1539 460 1570; x_wconf 91' lang='lat' dir='ltr'>mature</span> <span class='ocrx_word' id='word_1_145' title='bbox 477 1537 713 1579; x_wconf 88' lang='lat' dir='ltr'>opprimeret,</span> <span class='ocrx_word' id='word_1_146' title='bbox 739 1536 795 1568; x_wconf 84' lang='lat' dir='ltr'>sat</span> <span class='ocrx_word' id='word_1_147' title='bbox 809 1535 947 1568; x_wconf 90' lang='lat' dir='ltr'>idoneis</span> 
     </span>
     <span class='ocr_line' id='line_1_23' title="bbox 246 1586 947 1629; baseline -0.004 -9"><span class='ocrx_word' id='word_1_148' title='bbox 246 1587 463 1629; x_wconf 83' lang='lat' dir='ltr'>argumentis</span> <span class='ocrx_word' id='word_1_149' title='bbox 487 1586 746 1619; x_wconf 88' lang='lat' dir='ltr'>demonstravit</span> <span class='ocrx_word' id='word_1_150' title='bbox 762 1586 947 1619; x_wconf 89' lang='lat' dir='ltr'>Massonus</span> 
     </span>
     <span class='ocr_line' id='line_1_24' title="bbox 246 1635 947 1678; baseline -0.004 -8"><span class='ocrx_word' id='word_1_151' title='bbox 246 1639 281 1670; x_wconf 92' lang='lat' dir='ltr'>in</span> <span class='ocrx_word' id='word_1_152' title='bbox 314 1637 391 1669; x_wconf 90' lang='lat' dir='ltr'>Vita</span> <span class='ocrx_word' id='word_1_153' title='bbox 426 1637 508 1669; x_wconf 91' lang='lat' dir='ltr'>Hor.</span> <span class='ocrx_word' id='word_1_154' title='bbox 539 1644 619 1678; x_wconf 86' lang='lat' dir='ltr'>pag.</span> <span class='ocrx_word' id='word_1_155' title='bbox 647 1635 721 1668; x_wconf 82' lang='grc'><strong>443.</strong></span> <span class='ocrx_word' id='word_1_156' title='bbox 762 1635 947 1677; x_wconf 87' lang='lat' dir='ltr'>(Tempore</span> 
     </span>
     <span class='ocr_line' id='line_1_25' title="bbox 243 1684 949 1727; baseline -0.004 -8"><span class='ocrx_word' id='word_1_157' title='bbox 243 1686 328 1720; x_wconf 90' lang='lat' dir='ltr'>belli</span> <span class='ocrx_word' id='word_1_158' title='bbox 350 1687 481 1718; x_wconf 85' lang='lat' dir='ltr'>Actiaci</span> <span class='ocrx_word' id='word_1_159' title='bbox 505 1687 637 1718; x_wconf 91' lang='lat' dir='ltr'>Romae</span> <span class='ocrx_word' id='word_1_160' title='bbox 654 1687 691 1717; x_wconf 91' lang='lat' dir='ltr'>et</span> <span class='ocrx_word' id='word_1_161' title='bbox 711 1684 830 1718; x_wconf 88' lang='lat' dir='ltr'>ltaliae</span> <span class='ocrx_word' id='word_1_162' title='bbox 846 1694 949 1727; x_wconf 88' lang='lat' dir='ltr'>prae-</span> 
     </span>
     <span class='ocr_line' id='line_1_26' title="bbox 245 1734 948 1778; baseline -0.003 -10"><span class='ocrx_word' id='word_1_163' title='bbox 245 1737 383 1778; x_wconf 88' lang='lat' dir='ltr'>positus</span> <span class='ocrx_word' id='word_1_164' title='bbox 421 1735 562 1768; x_wconf 80' lang='lat' dir='ltr'>absentis</span> <span class='ocrx_word' id='word_1_165' title='bbox 601 1734 756 1775; x_wconf 78' lang='lat' dir='ltr'>partibus</span> <span class='ocrx_word' id='word_1_166' title='bbox 794 1734 948 1767; x_wconf 77' lang='lat' dir='ltr'>Caesaris</span> 
     </span>
     <span class='ocr_line' id='line_1_27' title="bbox 246 1783 944 1826; baseline -0.003 -8"><span class='ocrx_word' id='word_1_167' title='bbox 246 1786 385 1819; x_wconf 78' lang='lat' dir='ltr'>functus</span> <span class='ocrx_word' id='word_1_168' title='bbox 403 1787 472 1825; x_wconf 91' lang='lat' dir='ltr'>est,</span> <span class='ocrx_word' id='word_1_169' title='bbox 507 1787 546 1817; x_wconf 92' lang='lat' dir='ltr'>ut</span> <span class='ocrx_word' id='word_1_170' title='bbox 572 1785 620 1817; x_wconf 91' lang='lat' dir='ltr'>ait</span> <span class='ocrx_word' id='word_1_171' title='bbox 634 1786 769 1817; x_wconf 88' lang='lat' dir='ltr'>Seneca</span> <span class='ocrx_word' id='word_1_172' title='bbox 785 1785 848 1826; x_wconf 89' lang='lat' dir='ltr'>Ep.</span> <span class='ocrx_word' id='word_1_173' title='bbox 868 1783 944 1822; x_wconf 81' lang='grc'><strong>444,</strong></span> 
     </span>
     <span class='ocr_line' id='line_1_28' title="bbox 245 1827 945 1877; baseline -0.001 -10"><span class='ocrx_word' id='word_1_174' title='bbox 245 1836 277 1867; x_wconf 83' lang='grc'>6.</span> <span class='ocrx_word' id='word_1_175' title='bbox 304 1837 340 1867; x_wconf 84' lang='lat' dir='ltr'>et</span> <span class='ocrx_word' id='word_1_176' title='bbox 374 1836 438 1867; x_wconf 82' lang='lat' dir='ltr'>Dio</span> <span class='ocrx_word' id='word_1_177' title='bbox 474 1835 510 1867; x_wconf 68' lang='lat'>5⁴</span> <span class='ocrx_word' id='word_1_178' title='bbox 529 1861 536 1875; x_wconf 80' lang='grc'><em>,</em></span> <span class='ocrx_word' id='word_1_179' title='bbox 573 1835 613 1867; x_wconf 86' lang='lat'>3:</span> <span class='ocrx_word' id='word_1_180' title='bbox 653 1830 879 1877; x_wconf 71' lang='grc' dir='ltr'>Μαικήνου,</span> <span class='ocrx_word' id='word_1_181' title='bbox 914 1827 945 1877; x_wconf 79' lang='grc' dir='ltr'><em>ᾦ</em></span> 
     </span>
     <span class='ocr_line' id='line_1_29' title="bbox 244 1879 945 1927; baseline -0.001 -10"><span class='ocrx_word' id='word_1_182' title='bbox 244 1885 311 1917; x_wconf 76' lang='grc' dir='ltr'>καὶ</span> <span class='ocrx_word' id='word_1_183' title='bbox 332 1882 420 1917; x_wconf 78' lang='grc' dir='ltr'>τότε</span> <span class='ocrx_word' id='word_1_184' title='bbox 442 1879 467 1927; x_wconf 77' lang='grc' dir='ltr'><strong><em>ἦ</em></strong></span> <span class='ocrx_word' id='word_1_185' title='bbox 491 1894 531 1917; x_wconf 85' lang='grc' dir='ltr'>τε</span> <span class='ocrx_word' id='word_1_186' title='bbox 549 1880 675 1927; x_wconf 85' lang='grc' dir='ltr'>Ῥώμη</span> <span class='ocrx_word' id='word_1_187' title='bbox 699 1884 766 1917; x_wconf 71' lang='grc' dir='ltr'>καὶ</span> <span class='ocrx_word' id='word_1_188' title='bbox 788 1880 813 1927; x_wconf 82' lang='grc' dir='ltr'><strong><em>ἡ</em></strong></span> <span class='ocrx_word' id='word_1_189' title='bbox 830 1880 945 1926; x_wconf 82' lang='grc' dir='ltr'>λοιπὴ</span> 
     </span>
     <span class='ocr_line' id='line_1_30' title="bbox 239 1930 947 1981; baseline -0.001 -15"><span class='ocrx_word' id='word_1_190' title='bbox 239 1930 378 1967; x_wconf 76' lang='grc' dir='ltr'><em>Ἰταλία</em></span> <span class='ocrx_word' id='word_1_191' title='bbox 401 1934 694 1981; x_wconf 80' lang='grc' dir='ltr'>προσετέτακτο.</span> <span class='ocrx_word' id='word_1_192' title='bbox 733 1934 863 1974; x_wconf 83' lang='lat' dir='ltr'>Exigua</span> <span class='ocrx_word' id='word_1_193' title='bbox 880 1942 947 1965; x_wconf 93' lang='lat' dir='ltr'>au-</span> 
     </span>
     <span class='ocr_line' id='line_1_31' title="bbox 244 1983 947 2017; baseline -0.001 -1"><span class='ocrx_word' id='word_1_194' title='bbox 244 1986 318 2017; x_wconf 91' lang='lat' dir='ltr'>tem</span> <span class='ocrx_word' id='word_1_195' title='bbox 342 1986 403 2016; x_wconf 90' lang='lat' dir='ltr'>aut</span> <span class='ocrx_word' id='word_1_196' title='bbox 426 1983 519 2016; x_wconf 89' lang='lat' dir='ltr'>nulla</span> <span class='ocrx_word' id='word_1_197' title='bbox 544 1986 598 2016; x_wconf 90' lang='lat' dir='ltr'>est</span> <span class='ocrx_word' id='word_1_198' title='bbox 620 1985 656 2016; x_wconf 91' lang='lat' dir='ltr'>in</span> <span class='ocrx_word' id='word_1_199' title='bbox 679 1984 746 2016; x_wconf 87' lang='lat' dir='ltr'>hac</span> <span class='ocrx_word' id='word_1_200' title='bbox 769 1992 808 2015; x_wconf 90' lang='lat' dir='ltr'>re</span> <span class='ocrx_word' id='word_1_201' title='bbox 825 1984 947 2015; x_wconf 90' lang='lat' dir='ltr'>aucto-</span> 
     </span>
     <span class='ocr_line' id='line_1_32' title="bbox 242 2032 942 2075; baseline -0.003 -9"><span class='ocrx_word' id='word_1_202' title='bbox 242 2035 327 2066; x_wconf 88' lang='lat' dir='ltr'>ritas</span> <span class='ocrx_word' id='word_1_203' title='bbox 352 2034 538 2075; x_wconf 89' lang='lat' dir='ltr'>Scriptoris</span> <span class='ocrx_word' id='word_1_204' title='bbox 566 2032 660 2074; x_wconf 88' lang='lat' dir='ltr'>Eleg.</span> <span class='ocrx_word' id='word_1_205' title='bbox 687 2033 723 2065; x_wconf 90' lang='lat' dir='ltr'>in</span> <span class='ocrx_word' id='word_1_206' title='bbox 747 2032 805 2065; x_wconf 91' lang='lat' dir='ltr'>ob.</span> <span class='ocrx_word' id='word_1_207' title='bbox 831 2033 942 2066; x_wconf 88' lang='lat' dir='ltr'>Maec.</span> 
     </span>
     <span class='ocr_line' id='line_1_33' title="bbox 243 2082 946 2124; baseline -0.006 -7"><span class='ocrx_word' id='word_1_208' title='bbox 243 2084 302 2117; x_wconf 77' lang='lat'>45:</span> <span class='ocrx_word' id='word_1_209' title='bbox 330 2084 412 2116; x_wconf 84' lang='lat' dir='ltr'>Cum</span> <span class='ocrx_word' id='word_1_210' title='bbox 430 2084 519 2124; x_wconf 82' lang='lat' dir='ltr'>freta</span> <span class='ocrx_word' id='word_1_211' title='bbox 533 2083 688 2115; x_wconf 80' lang='lat' dir='ltr'>Niliacae</span> <span class='ocrx_word' id='word_1_212' title='bbox 703 2084 859 2114; x_wconf 76' lang='lat' dir='ltr'>texerunt</span> <span class='ocrx_word' id='word_1_213' title='bbox 874 2082 946 2113; x_wconf 87' lang='lat' dir='ltr'>lata</span> 
     </span>
     <span class='ocr_line' id='line_1_34' title="bbox 243 2132 946 2174; baseline -0.004 -8"><span class='ocrx_word' id='word_1_214' title='bbox 243 2134 402 2174; x_wconf 77' lang='lat' dir='ltr'>carinae,</span> <span class='ocrx_word' id='word_1_215' title='bbox 420 2134 530 2165; x_wconf 76' lang='lat' dir='ltr'>Fortis</span> <span class='ocrx_word' id='word_1_216' title='bbox 546 2136 620 2165; x_wconf 82' lang='lat' dir='ltr'>erat</span> <span class='ocrx_word' id='word_1_217' title='bbox 637 2133 784 2172; x_wconf 86' lang='lat' dir='ltr'>circum,</span> <span class='ocrx_word' id='word_1_218' title='bbox 803 2132 900 2173; x_wconf 76' lang='lat' dir='ltr'>fortis</span> <span class='ocrx_word' id='word_1_219' title='bbox 915 2134 946 2163; x_wconf 78' lang='lat' dir='ltr'>et</span> 
     </span>
     <span class='ocr_line' id='line_1_35' title="bbox 242 2180 946 2222; baseline -0.004 -7"><span class='ocrx_word' id='word_1_220' title='bbox 242 2187 319 2216; x_wconf 76' lang='lat' dir='ltr'>ante</span> <span class='ocrx_word' id='word_1_221' title='bbox 341 2184 467 2215; x_wconf 84' lang='lat' dir='ltr'>dacem.</span> <span class='ocrx_word' id='word_1_222' title='bbox 515 2183 605 2214; x_wconf 89' lang='lat' dir='ltr'>Nam</span> <span class='ocrx_word' id='word_1_223' title='bbox 628 2180 731 2214; x_wconf 86' lang='lat' dir='ltr'>facile</span> <span class='ocrx_word' id='word_1_224' title='bbox 754 2180 815 2213; x_wconf 91' lang='lat' dir='ltr'>tali</span> <span class='ocrx_word' id='word_1_225' title='bbox 838 2190 946 2222; x_wconf 87' lang='lat' dir='ltr'>exag-</span> 
     </span>
     <span class='ocr_line' id='line_1_36' title="bbox 242 2230 946 2273; baseline -0.003 -9"><span class='ocrx_word' id='word_1_226' title='bbox 242 2233 423 2273; x_wconf 86' lang='lat' dir='ltr'>geratione</span> <span class='ocrx_word' id='word_1_227' title='bbox 449 2232 498 2263; x_wconf 91' lang='lat' dir='ltr'>uti</span> <span class='ocrx_word' id='word_1_228' title='bbox 520 2232 677 2273; x_wconf 89' lang='lat' dir='ltr'>poterat,</span> <span class='ocrx_word' id='word_1_229' title='bbox 709 2231 770 2272; x_wconf 89' lang='lat' dir='ltr'>qui</span> <span class='ocrx_word' id='word_1_230' title='bbox 788 2230 849 2263; x_wconf 91' lang='lat' dir='ltr'>diu</span> <span class='ocrx_word' id='word_1_231' title='bbox 865 2231 946 2272; x_wconf 89' lang='lat' dir='ltr'>post</span> 
     </span>
     <span class='ocr_line' id='line_1_37' title="bbox 242 2279 946 2321; baseline -0.003 -7"><span class='ocrx_word' id='word_1_232' title='bbox 242 2282 454 2315; x_wconf 87' lang='lat' dir='ltr'>Maecenatis</span> <span class='ocrx_word' id='word_1_233' title='bbox 473 2280 608 2313; x_wconf 89' lang='lat' dir='ltr'>obitum</span> <span class='ocrx_word' id='word_1_234' title='bbox 637 2281 679 2321; x_wconf 92' lang='lat' dir='ltr'>(a.</span> <span class='ocrx_word' id='word_1_235' title='bbox 702 2279 842 2321; x_wconf 63' lang='grc'><strong>11746.)</strong></span> <span class='ocrx_word' id='word_1_236' title='bbox 861 2281 946 2313; x_wconf 89' lang='lat' dir='ltr'>scri-</span> 
     </span>
     <span class='ocr_line' id='line_1_38' title="bbox 241 2329 946 2373; baseline -0.004 -9"><span class='ocrx_word' id='word_1_237' title='bbox 241 2331 324 2373; x_wconf 88' lang='lat' dir='ltr'>psit.</span> <span class='ocrx_word' id='word_1_238' title='bbox 343 2332 585 2364; x_wconf 88' lang='lat' dir='ltr'>Maecenatem</span> <span class='ocrx_word' id='word_1_239' title='bbox 596 2329 759 2362; x_wconf 90' lang='lat' dir='ltr'>Liburnis</span> <span class='ocrx_word' id='word_1_240' title='bbox 775 2329 946 2371; x_wconf 82' lang='lat' dir='ltr'>praefuis-</span> 
     </span>
     <span class='ocr_line' id='line_1_39' title="bbox 241 2378 944 2420; baseline -0.004 -6"><span class='ocrx_word' id='word_1_241' title='bbox 241 2390 281 2414; x_wconf 91' lang='lat' dir='ltr'>se</span> <span class='ocrx_word' id='word_1_242' title='bbox 304 2382 338 2413; x_wconf 90' lang='lat' dir='ltr'>et</span> <span class='ocrx_word' id='word_1_243' title='bbox 355 2380 538 2413; x_wconf 85' lang='lat' dir='ltr'>Horatium</span> <span class='ocrx_word' id='word_1_244' title='bbox 555 2379 611 2411; x_wconf 96' lang='lat' dir='ltr'>illo</span> <span class='ocrx_word' id='word_1_245' title='bbox 634 2380 760 2420; x_wconf 84' lang='lat' dir='ltr'>agente</span> <span class='ocrx_word' id='word_1_246' title='bbox 777 2378 822 2411; x_wconf 91' lang='lat' dir='ltr'>ab</span> <span class='ocrx_word' id='word_1_247' title='bbox 839 2379 944 2411; x_wconf 90' lang='lat' dir='ltr'>Octa-</span> 
     </span>
     <span class='ocr_line' id='line_1_40' title="bbox 241 2428 944 2462; baseline -0.003 0"><span class='ocrx_word' id='word_1_248' title='bbox 241 2431 344 2462; x_wconf 87' lang='lat' dir='ltr'>viano</span> <span class='ocrx_word' id='word_1_249' title='bbox 379 2429 573 2462; x_wconf 87' lang='lat' dir='ltr'>obtinuisse</span> <span class='ocrx_word' id='word_1_250' title='bbox 614 2428 756 2461; x_wconf 88' lang='lat' dir='ltr'>militiae</span> <span class='ocrx_word' id='word_1_251' title='bbox 787 2429 944 2461; x_wconf 88' lang='lat' dir='ltr'>vacatio—</span> 
     </span>
     <span class='ocr_line' id='line_1_41' title="bbox 241 2477 942 2512; baseline -0.001 -1"><span class='ocrx_word' id='word_1_252' title='bbox 241 2488 325 2512; x_wconf 92' lang='lat' dir='ltr'>nem</span> <span class='ocrx_word' id='word_1_253' title='bbox 342 2479 426 2511; x_wconf 91' lang='lat' dir='ltr'>item</span> <span class='ocrx_word' id='word_1_254' title='bbox 444 2477 719 2510; x_wconf 87' lang='lat' dir='ltr'>Scholiastarum</span> <span class='ocrx_word' id='word_1_255' title='bbox 742 2480 823 2510; x_wconf 84' lang='lat' dir='ltr'>sunt</span> <span class='ocrx_word' id='word_1_256' title='bbox 844 2487 942 2510; x_wconf 87' lang='lat' dir='ltr'>mera</span> 
     </span>
     <span class='ocr_line' id='line_1_42' title="bbox 242 2526 940 2561; baseline 0 0"><span class='ocrx_word' id='word_1_257' title='bbox 242 2530 390 2561; x_wconf 90' lang='lat' dir='ltr'>somnia.</span> <span class='ocrx_word' id='word_1_258' title='bbox 440 2529 551 2561; x_wconf 78' lang='lat' dir='ltr'>«Cum</span> <span class='ocrx_word' id='word_1_259' title='bbox 576 2528 708 2560; x_wconf 88' lang='lat' dir='ltr'>Caesar</span> <span class='ocrx_word' id='word_1_260' title='bbox 745 2528 781 2560; x_wconf 89' lang='lat' dir='ltr'>et</span> <span class='ocrx_word' id='word_1_261' title='bbox 812 2526 940 2561; x_wconf 89' lang='lat' dir='ltr'>milites</span> 
     </span>
     <span class='ocr_line' id='line_1_43' title="bbox 241 2578 942 2611; baseline 0 -2"><span class='ocrx_word' id='word_1_262' title='bbox 241 2587 366 2611; x_wconf 90' lang='lat' dir='ltr'>omnes</span> <span class='ocrx_word' id='word_1_263' title='bbox 389 2580 425 2610; x_wconf 92' lang='lat' dir='ltr'>et</span> <span class='ocrx_word' id='word_1_264' title='bbox 447 2587 533 2610; x_wconf 87' lang='lat' dir='ltr'>vero</span> <span class='ocrx_word' id='word_1_265' title='bbox 561 2578 667 2609; x_wconf 88' lang='lat' dir='ltr'>etiam</span> <span class='ocrx_word' id='word_1_266' title='bbox 696 2578 880 2610; x_wconf 85' lang='lat' dir='ltr'>senatores</span> <span class='ocrx_word' id='word_1_267' title='bbox 905 2578 942 2609; x_wconf 88' lang='lat' dir='ltr'>et</span> 
     </span>
     <span class='ocr_line' id='line_1_44' title="bbox 239 2627 938 2670; baseline 0 -9"><span class='ocrx_word' id='word_1_268' title='bbox 239 2629 397 2669; x_wconf 79' lang='lat' dir='ltr'>equestris</span> <span class='ocrx_word' id='word_1_269' title='bbox 412 2628 587 2670; x_wconf 86' lang='lat' dir='ltr'>dignitatis</span> <span class='ocrx_word' id='word_1_270' title='bbox 602 2629 697 2660; x_wconf 85' lang='lat' dir='ltr'>viros</span> <span class='ocrx_word' id='word_1_271' title='bbox 713 2627 938 2661; x_wconf 89' lang='lat' dir='ltr'>Brundisium</span> 
     </span>
     <span class='ocr_line' id='line_1_45' title="bbox 240 2672 936 2719; baseline 0.001 -10"><span class='ocrx_word' id='word_1_272' title='bbox 240 2680 438 2718; x_wconf 83' lang='lat' dir='ltr'>evocasset,</span> <span class='ocrx_word' id='word_1_273' title='bbox 455 2674 545 2717; x_wconf 81' lang='grc' dir='ltr'>τοὺς</span> <span class='ocrx_word' id='word_1_274' title='bbox 559 2678 648 2719; x_wconf 81' lang='grc' dir='ltr'>μέν,</span> <span class='ocrx_word' id='word_1_275' title='bbox 664 2672 768 2718; x_wconf 84' lang='grc' dir='ltr'><em>ὅπως</em></span> <span class='ocrx_word' id='word_1_276' title='bbox 783 2687 819 2709; x_wconf 87' lang='grc' dir='ltr'>τι</span> <span class='ocrx_word' id='word_1_277' title='bbox 835 2687 936 2719; x_wconf 86' lang='grc' dir='ltr'>συμ-</span> 
     </span>
    </p>
   </div>
   <div class='ocr_carea' id='block_1_9' title="bbox 989 1131 1699 2723">
    <p class='ocr_par' dir='ltr' id='par_1_9' title="bbox 994 1131 1699 1730">
     <span class='ocr_line' id='line_1_46' title="bbox 997 1131 1698 1184; baseline 0.003 -15"><span class='ocrx_word' id='word_1_278' title='bbox 997 1131 1192 1183; x_wconf 67' lang='grc' dir='ltr'>ἁιράξωσιν</span> <span class='ocrx_word' id='word_1_279' title='bbox 1204 1133 1320 1182; x_wconf 71' lang='grc' dir='ltr'><strong><em>αὐτῷ,</em></strong></span> <span class='ocrx_word' id='word_1_280' title='bbox 1339 1134 1430 1179; x_wconf 77' lang='grc' dir='ltr'>τοὺς</span> <span class='ocrx_word' id='word_1_281' title='bbox 1445 1136 1488 1180; x_wconf 86' lang='grc' dir='ltr'>δ’,</span> <span class='ocrx_word' id='word_1_282' title='bbox 1502 1132 1608 1180; x_wconf 78' lang='grc' dir='ltr'><em>ὅπως</em></span> <span class='ocrx_word' id='word_1_283' title='bbox 1621 1151 1698 1184; x_wconf 86' lang='grc' dir='ltr'>μη-</span> 
     </span>
     <span class='ocr_line' id='line_1_47' title="bbox 996 1184 1697 1230; baseline 0.007 -12"><span class='ocrx_word' id='word_1_284' title='bbox 996 1185 1060 1219; x_wconf 81' lang='grc' dir='ltr'>δὲν</span> <span class='ocrx_word' id='word_1_285' title='bbox 1088 1187 1328 1229; x_wconf 78' lang='grc' dir='ltr'>μονωθέντες</span> <span class='ocrx_word' id='word_1_286' title='bbox 1349 1184 1626 1230; x_wconf 70' lang='grc' dir='ltr'>νεοχμῶσωσι,</span> <span class='ocrx_word' id='word_1_287' title='bbox 1650 1189 1697 1223; x_wconf 80' lang='grc' dir='ltr'>τό</span> 
     </span>
     <span class='ocr_line' id='line_1_48' title="bbox 996 1232 1699 1282; baseline 0.004 -13"><span class='ocrx_word' id='word_1_288' title='bbox 996 1246 1037 1269; x_wconf 81' lang='grc' dir='ltr'>τε</span> <span class='ocrx_word' id='word_1_289' title='bbox 1050 1238 1234 1280; x_wconf 83' lang='grc' dir='ltr'>μέγιστον</span> <span class='ocrx_word' id='word_1_290' title='bbox 1245 1261 1254 1277; x_wconf 86' lang='grc'><em>,</em></span> <span class='ocrx_word' id='word_1_291' title='bbox 1273 1232 1378 1279; x_wconf 83' lang='grc' dir='ltr'><em>ὅπως</em></span> <span class='ocrx_word' id='word_1_292' title='bbox 1391 1235 1603 1282; x_wconf 72' lang='grc' dir='ltr'><strong><em>ἐνδείξηται</em></strong></span> <span class='ocrx_word' id='word_1_293' title='bbox 1617 1242 1699 1282; x_wconf 83' lang='grc' dir='ltr'>τοῖς</span> 
     </span>
     <span class='ocr_line' id='line_1_49' title="bbox 997 1282 1698 1333; baseline 0.006 -14"><span class='ocrx_word' id='word_1_294' title='bbox 997 1282 1236 1333; x_wconf 77' lang='grc' dir='ltr'>ἀνθρώποις,</span> <span class='ocrx_word' id='word_1_295' title='bbox 1273 1282 1334 1320; x_wconf 80' lang='grc' dir='ltr'>ὅτι</span> <span class='ocrx_word' id='word_1_296' title='bbox 1359 1288 1426 1321; x_wconf 80' lang='grc' dir='ltr'>καὶ</span> <span class='ocrx_word' id='word_1_297' title='bbox 1446 1285 1492 1320; x_wconf 85' lang='grc' dir='ltr'>τὸ</span> <span class='ocrx_word' id='word_1_298' title='bbox 1516 1287 1698 1323; x_wconf 78' lang='grc' dir='ltr'>πλεῖστον</span> 
     </span>
     <span class='ocr_line' id='line_1_50' title="bbox 996 1334 1696 1383; baseline 0.004 -14"><span class='ocrx_word' id='word_1_299' title='bbox 996 1337 1062 1369; x_wconf 77' lang='grc' dir='ltr'>καὶ</span> <span class='ocrx_word' id='word_1_300' title='bbox 1091 1334 1137 1369; x_wconf 87' lang='grc' dir='ltr'>τὸ</span> <span class='ocrx_word' id='word_1_301' title='bbox 1167 1335 1373 1383; x_wconf 79' lang='grc' dir='ltr'>κράτιστον</span> <span class='ocrx_word' id='word_1_302' title='bbox 1400 1336 1477 1370; x_wconf 81' lang='grc' dir='ltr'>τῶν</span> <span class='ocrx_word' id='word_1_303' title='bbox 1499 1334 1696 1382; x_wconf 80' lang='grc' dir='ltr'>Ῥωμαίων</span> 
     </span>
     <span class='ocr_line' id='line_1_51' title="bbox 997 1382 1694 1431; baseline 0.004 -12"><span class='ocrx_word' id='word_1_304' title='bbox 997 1383 1301 1430; x_wconf 80' lang='grc' dir='ltr'>ὁμογνωμονοῦν</span> <span class='ocrx_word' id='word_1_305' title='bbox 1322 1382 1410 1427; x_wconf 64' lang='grc' dir='ltr'>ἔχοι</span> <span class='ocrx_word' id='word_1_306' title='bbox 1434 1388 1509 1429; x_wconf 91' lang='lat' dir='ltr'>(Dio</span> <span class='ocrx_word' id='word_1_307' title='bbox 1531 1389 1587 1429; x_wconf 75' lang='lat'>50,</span> <span class='ocrx_word' id='word_1_308' title='bbox 1613 1390 1694 1431; x_wconf 78' lang='grc'><strong>44.),</strong></span> 
     </span>
     <span class='ocr_line' id='line_1_52' title="bbox 997 1437 1697 1480; baseline 0.007 -11"><span class='ocrx_word' id='word_1_309' title='bbox 997 1438 1105 1470; x_wconf 90' lang='lat' dir='ltr'>etiam</span> <span class='ocrx_word' id='word_1_310' title='bbox 1127 1438 1315 1470; x_wconf 87' lang='lat' dir='ltr'>Maecenas</span> <span class='ocrx_word' id='word_1_311' title='bbox 1339 1438 1416 1479; x_wconf 88' lang='lat' dir='ltr'>(per</span> <span class='ocrx_word' id='word_1_312' title='bbox 1438 1437 1581 1480; x_wconf 87' lang='lat' dir='ltr'>aliquod</span> <span class='ocrx_word' id='word_1_313' title='bbox 1602 1441 1697 1474; x_wconf 78' lang='lat' dir='ltr'>tem-</span> 
     </span>
     <span class='ocr_line' id='line_1_53' title="bbox 997 1486 1692 1528; baseline 0.003 -10"><span class='ocrx_word' id='word_1_314' title='bbox 997 1486 1081 1528; x_wconf 88' lang='lat' dir='ltr'>pus)</span> <span class='ocrx_word' id='word_1_315' title='bbox 1121 1495 1164 1519; x_wconf 89' lang='lat' dir='ltr'>eo</span> <span class='ocrx_word' id='word_1_316' title='bbox 1203 1495 1242 1520; x_wconf 91' lang='lat' dir='ltr'>se</span> <span class='ocrx_word' id='word_1_317' title='bbox 1281 1487 1470 1521; x_wconf 86' lang='lat' dir='ltr'>contulisse</span> <span class='ocrx_word' id='word_1_318' title='bbox 1507 1488 1659 1522; x_wconf 87' lang='lat' dir='ltr'>videtur.</span> <span class='ocrx_word' id='word_1_319' title='bbox 1675 1503 1692 1520; x_wconf 73' lang='lat' dir='ltr'>r»</span> 
     </span>
     <span class='ocr_line' id='line_1_54' title="bbox 996 1537 1694 1581; baseline 0.006 -13"><span class='ocrx_word' id='word_1_320' title='bbox 996 1537 1140 1569; x_wconf 71' lang='lat' dir='ltr'>FaAnxn.</span> <span class='ocrx_word' id='word_1_321' title='bbox 1151 1537 1194 1578; x_wconf 88' lang='lat' dir='ltr'>(a.</span> <span class='ocrx_word' id='word_1_322' title='bbox 1205 1545 1240 1568; x_wconf 92' lang='lat' dir='ltr'>u.</span> <span class='ocrx_word' id='word_1_323' title='bbox 1253 1537 1379 1576; x_wconf 61' lang='lat'><strong>0:723„</strong></span> <span class='ocrx_word' id='word_1_324' title='bbox 1394 1546 1464 1579; x_wconf 91' lang='lat' dir='ltr'>quo</span> <span class='ocrx_word' id='word_1_325' title='bbox 1474 1546 1567 1570; x_wconf 91' lang='lat' dir='ltr'>anno</span> <span class='ocrx_word' id='word_1_326' title='bbox 1574 1547 1694 1581; x_wconf 84' lang='lat' dir='ltr'>pugna</span> 
     </span>
     <span class='ocr_line' id='line_1_55' title="bbox 995 1587 1690 1637; baseline 0 -17"><span class='ocrx_word' id='word_1_327' title='bbox 995 1587 1136 1620; x_wconf 87' lang='lat' dir='ltr'>Actiaca</span> <span class='ocrx_word' id='word_1_328' title='bbox 1159 1587 1312 1628; x_wconf 88' lang='lat' dir='ltr'>pugnata</span> <span class='ocrx_word' id='word_1_329' title='bbox 1326 1588 1392 1637; x_wconf 49' lang='lat' dir='ltr'>lest</span> <span class='ocrx_word' id='word_1_330' title='bbox 1413 1588 1469 1620; x_wconf 90' lang='lat' dir='ltr'>IV.</span> <span class='ocrx_word' id='word_1_331' title='bbox 1486 1588 1576 1620; x_wconf 87' lang='lat' dir='ltr'>Non.</span> <span class='ocrx_word' id='word_1_332' title='bbox 1594 1589 1690 1631; x_wconf 89' lang='lat' dir='ltr'>Sept.</span> 
     </span>
     <span class='ocr_line' id='line_1_56' title="bbox 994 1635 1693 1680; baseline 0.004 -12"><span class='ocrx_word' id='word_1_333' title='bbox 994 1635 1072 1668; x_wconf 90' lang='lat' dir='ltr'>Vid.</span> <span class='ocrx_word' id='word_1_334' title='bbox 1099 1635 1173 1668; x_wconf 86' lang='lat' dir='ltr'>Kal.</span> <span class='ocrx_word' id='word_1_335' title='bbox 1196 1636 1301 1668; x_wconf 88' lang='lat' dir='ltr'>Amit.</span> <span class='ocrx_word' id='word_1_336' title='bbox 1330 1637 1441 1670; x_wconf 90' lang='lat' dir='ltr'>Inscr.</span> <span class='ocrx_word' id='word_1_337' title='bbox 1465 1645 1514 1670; x_wconf 90' lang='lat' dir='ltr'>m.</span> <span class='ocrx_word' id='word_1_338' title='bbox 1542 1638 1580 1670; x_wconf 87' lang='lat' dir='ltr'>L.</span> <span class='ocrx_word' id='word_1_339' title='bbox 1598 1638 1640 1671; x_wconf 92' lang='lat'>11.</span> <span class='ocrx_word' id='word_1_340' title='bbox 1657 1647 1693 1680; x_wconf 89' lang='lat' dir='ltr'>p.</span> 
     </span>
     <span class='ocr_line' id='line_1_57' title="bbox 995 1685 1692 1730; baseline 0.001 -11"><span class='ocrx_word' id='word_1_341' title='bbox 995 1686 1070 1719; x_wconf 87' lang='lat'>398.</span> <span class='ocrx_word' id='word_1_342' title='bbox 1101 1685 1170 1719; x_wconf 85' lang='lat' dir='ltr'>Cfr.</span> <span class='ocrx_word' id='word_1_343' title='bbox 1190 1685 1368 1718; x_wconf 86' lang='lat' dir='ltr'>Frandsen</span> <span class='ocrx_word' id='word_1_344' title='bbox 1380 1687 1558 1719; x_wconf 77' lang='lat' dir='ltr'>Maecenas</span> <span class='ocrx_word' id='word_1_345' title='bbox 1571 1695 1606 1729; x_wconf 90' lang='lat' dir='ltr'>p.</span> <span class='ocrx_word' id='word_1_346' title='bbox 1625 1686 1692 1730; x_wconf 89' lang='grc'><strong>37.)</strong></span> 
     </span>
    </p>

    <p class='ocr_par' dir='ltr' id='par_1_10' title="bbox 989 1735 1695 2723">
     <span class='ocr_line' id='line_1_58' title="bbox 1040 1735 1695 1778; baseline 0.003 -10"><span class='ocrx_word' id='word_1_347' title='bbox 1040 1735 1114 1769; x_wconf 81' lang='grc'><strong>4-4.</strong></span> <span class='ocrx_word' id='word_1_348' title='bbox 1138 1735 1213 1778; x_wconf 76' lang='lat' dir='ltr'>Ibis]</span> <span class='ocrx_word' id='word_1_349' title='bbox 1238 1736 1323 1768; x_wconf 85' lang='lat' dir='ltr'>Tota</span> <span class='ocrx_word' id='word_1_350' title='bbox 1344 1736 1558 1778; x_wconf 86' lang='lat' dir='ltr'>propositio,</span> <span class='ocrx_word' id='word_1_351' title='bbox 1589 1738 1630 1769; x_wconf 92' lang='lat' dir='ltr'>ut</span> <span class='ocrx_word' id='word_1_352' title='bbox 1657 1738 1695 1770; x_wconf 90' lang='lat' dir='ltr'>et</span> 
     </span>
     <span class='ocr_line' id='line_1_59' title="bbox 994 1785 1694 1826; baseline 0.001 -9"><span class='ocrx_word' id='word_1_353' title='bbox 994 1794 1028 1818; x_wconf 84' lang='lat' dir='ltr'>v.</span> <span class='ocrx_word' id='word_1_354' title='bbox 1053 1785 1108 1817; x_wconf 92' lang='grc'>44.</span> <span class='ocrx_word' id='word_1_355' title='bbox 1132 1785 1289 1817; x_wconf 81' lang='lat' dir='ltr'>Feremus</span> <span class='ocrx_word' id='word_1_356' title='bbox 1303 1802 1323 1808; x_wconf 96' lang='lat'>—</span> <span class='ocrx_word' id='word_1_357' title='bbox 1337 1788 1513 1826; x_wconf 75' lang='lat' dir='ltr'>-poctoro,</span> <span class='ocrx_word' id='word_1_358' title='bbox 1543 1794 1615 1818; x_wconf 91' lang='lat' dir='ltr'>non</span> <span class='ocrx_word' id='word_1_359' title='bbox 1638 1787 1694 1819; x_wconf 84' lang='lat' dir='ltr'>est</span> 
     </span>
     <span class='ocr_line' id='line_1_60' title="bbox 994 1833 1692 1878; baseline 0.003 -12"><span class='ocrx_word' id='word_1_360' title='bbox 994 1835 1219 1876; x_wconf 85' lang='lat' dir='ltr'>interrogatio</span> <span class='ocrx_word' id='word_1_361' title='bbox 1250 1834 1299 1876; x_wconf 86' lang='lat' dir='ltr'>(ut</span> <span class='ocrx_word' id='word_1_362' title='bbox 1324 1834 1360 1867; x_wconf 90' lang='lat' dir='ltr'>in</span> <span class='ocrx_word' id='word_1_363' title='bbox 1375 1834 1463 1867; x_wconf 89' lang='lat' dir='ltr'>Edd.</span> <span class='ocrx_word' id='word_1_364' title='bbox 1491 1833 1692 1878; x_wconf 83' lang='lat' dir='ltr'>nonnullis),</span> 
     </span>
     <span class='ocr_line' id='line_1_61' title="bbox 994 1883 1694 1918; baseline 0.001 -1"><span class='ocrx_word' id='word_1_365' title='bbox 994 1883 1059 1917; x_wconf 89' lang='lat' dir='ltr'>sed</span> <span class='ocrx_word' id='word_1_366' title='bbox 1082 1884 1280 1916; x_wconf 86' lang='lat' dir='ltr'>affirmatio.</span> <span class='ocrx_word' id='word_1_367' title='bbox 1322 1884 1514 1918; x_wconf 86' lang='lat' dir='ltr'>«Caesaris</span> <span class='ocrx_word' id='word_1_368' title='bbox 1542 1884 1694 1918; x_wconf 84' lang='lat' dir='ltr'>navibus</span> 
     </span>
     <span class='ocr_line' id='line_1_62' title="bbox 993 1919 1692 1976; baseline 0.001 -10"><span class='ocrx_word' id='word_1_369' title='bbox 993 1933 1157 1967; x_wconf 80' lang='lat' dir='ltr'>Liburnis</span> <span class='ocrx_word' id='word_1_370' title='bbox 1192 1933 1267 1975; x_wconf 72' lang='lat' dir='ltr'>(oa.</span> <span class='ocrx_word' id='word_1_371' title='bbox 1300 1934 1338 1973; x_wconf 74' lang='grc'><strong>4,</strong></span> <span class='ocrx_word' id='word_1_372' title='bbox 1374 1934 1434 1974; x_wconf 87' lang='lat'>37,</span> <span class='ocrx_word' id='word_1_373' title='bbox 1465 1933 1561 1976; x_wconf 85' lang='lat'>30.),</span> <span class='ocrx_word' id='word_1_374' title='bbox 1599 1919 1692 1976; x_wconf 66' lang='lat' dir='ltr'>qfiae</span> 
     </span>
     <span class='ocr_line' id='line_1_63' title="bbox 994 1983 1693 2025; baseline 0.001 -9"><span class='ocrx_word' id='word_1_375' title='bbox 994 1983 1202 2016; x_wconf 88' lang='lat' dir='ltr'>celerrimae</span> <span class='ocrx_word' id='word_1_376' title='bbox 1218 1983 1375 2025; x_wconf 85' lang='lat' dir='ltr'>quidem,</span> <span class='ocrx_word' id='word_1_377' title='bbox 1401 1983 1467 2016; x_wconf 93' lang='lat' dir='ltr'>sed</span> <span class='ocrx_word' id='word_1_378' title='bbox 1489 1983 1693 2018; x_wconf 83' lang='lat' dir='ltr'>triremibus</span> 
     </span>
     <span class='ocr_line' id='line_1_64' title="bbox 994 2031 1694 2073; baseline 0.001 -8"><span class='ocrx_word' id='word_1_379' title='bbox 994 2032 1104 2065; x_wconf 90' lang='lat' dir='ltr'>multo</span> <span class='ocrx_word' id='word_1_380' title='bbox 1134 2031 1339 2066; x_wconf 88' lang='lat' dir='ltr'>humiliores</span> <span class='ocrx_word' id='word_1_381' title='bbox 1370 2034 1468 2073; x_wconf 87' lang='lat' dir='ltr'>sunt,</span> <span class='ocrx_word' id='word_1_382' title='bbox 1504 2032 1572 2066; x_wconf 88' lang='lat' dir='ltr'>ibis</span> <span class='ocrx_word' id='word_1_383' title='bbox 1601 2033 1694 2067; x_wconf 84' lang='lat' dir='ltr'>inter</span> 
     </span>
     <span class='ocr_line' id='line_1_65' title="bbox 994 2081 1692 2124; baseline 0.001 -9"><span class='ocrx_word' id='word_1_384' title='bbox 994 2083 1154 2124; x_wconf 87' lang='lat' dir='ltr'>ingentes</span> <span class='ocrx_word' id='word_1_385' title='bbox 1169 2081 1245 2115; x_wconf 90' lang='lat' dir='ltr'>illas</span> <span class='ocrx_word' id='word_1_386' title='bbox 1261 2083 1425 2116; x_wconf 88' lang='lat' dir='ltr'>triremes</span> <span class='ocrx_word' id='word_1_387' title='bbox 1440 2083 1590 2123; x_wconf 81' lang='lat' dir='ltr'>Antonii,</span> <span class='ocrx_word' id='word_1_388' title='bbox 1609 2091 1692 2116; x_wconf 89' lang='lat' dir='ltr'>cum</span> 
     </span>
     <span class='ocr_line' id='line_1_66' title="bbox 992 2131 1692 2174; baseline 0.001 -10"><span class='ocrx_word' id='word_1_389' title='bbox 992 2132 1061 2164; x_wconf 88' lang='lat' dir='ltr'>hoc</span> <span class='ocrx_word' id='word_1_390' title='bbox 1095 2131 1394 2174; x_wconf 84' lang='lat' dir='ltr'>depugnaturus.»</span> <span class='ocrx_word' id='word_1_391' title='bbox 1441 2131 1564 2173; x_wconf 81' lang='lat' dir='ltr'>(Minus</span> <span class='ocrx_word' id='word_1_392' title='bbox 1593 2133 1692 2165; x_wconf 87' lang='lat' dir='ltr'>recte</span> 
     </span>
     <span class='ocr_line' id='line_1_67' title="bbox 993 2181 1693 2223; baseline 0.001 -10"><span class='ocrx_word' id='word_1_393' title='bbox 993 2190 1108 2223; x_wconf 89' lang='lat' dir='ltr'>nuper</span> <span class='ocrx_word' id='word_1_394' title='bbox 1122 2181 1268 2223; x_wconf 89' lang='lat' dir='ltr'>quidam</span> <span class='ocrx_word' id='word_1_395' title='bbox 1283 2181 1356 2213; x_wconf 82' lang='lat' dir='ltr'>alta</span> <span class='ocrx_word' id='word_1_396' title='bbox 1370 2199 1389 2205; x_wconf 97' lang='lat'><em>-</em></span> <span class='ocrx_word' id='word_1_397' title='bbox 1403 2199 1423 2205; x_wconf 99' lang='lat'>-</span> <span class='ocrx_word' id='word_1_398' title='bbox 1432 2181 1693 2223; x_wconf 60' lang='lat' dir='ltr'>propugnacula</span> 
     </span>
     <span class='ocr_line' id='line_1_68' title="bbox 993 2229 1692 2264; baseline 0 0"><span class='ocrx_word' id='word_1_399' title='bbox 993 2231 1038 2264; x_wconf 89' lang='lat' dir='ltr'>de</span> <span class='ocrx_word' id='word_1_400' title='bbox 1063 2231 1226 2264; x_wconf 88' lang='lat' dir='ltr'>Caesaris</span> <span class='ocrx_word' id='word_1_401' title='bbox 1249 2229 1363 2263; x_wconf 88' lang='lat' dir='ltr'>classe</span> <span class='ocrx_word' id='word_1_402' title='bbox 1385 2239 1509 2263; x_wconf 87' lang='lat' dir='ltr'>rursus</span> <span class='ocrx_word' id='word_1_403' title='bbox 1532 2239 1615 2264; x_wconf 89' lang='lat' dir='ltr'>cum</span> <span class='ocrx_word' id='word_1_404' title='bbox 1629 2239 1692 2264; x_wconf 79' lang='lat' dir='ltr'>an-</span> 
     </span>
     <span class='ocr_line' id='line_1_69' title="bbox 993 2279 1692 2323; baseline -0.001 -9"><span class='ocrx_word' id='word_1_405' title='bbox 993 2280 1202 2322; x_wconf 88' lang='lat' dir='ltr'>tiquioribus</span> <span class='ocrx_word' id='word_1_406' title='bbox 1218 2279 1351 2322; x_wconf 88' lang='lat' dir='ltr'>aliquot</span> <span class='ocrx_word' id='word_1_407' title='bbox 1365 2279 1616 2323; x_wconf 87' lang='lat' dir='ltr'>interpretibus</span> <span class='ocrx_word' id='word_1_408' title='bbox 1631 2289 1692 2313; x_wconf 87' lang='lat' dir='ltr'>ex-</span> 
     </span>
     <span class='ocr_line' id='line_1_70' title="bbox 992 2328 1690 2372; baseline -0.001 -9"><span class='ocrx_word' id='word_1_409' title='bbox 992 2329 1135 2372; x_wconf 91' lang='lat' dir='ltr'>posuit.)</span> <span class='ocrx_word' id='word_1_410' title='bbox 1165 2348 1201 2353; x_wconf 84' lang='lat'>——</span> <span class='ocrx_word' id='word_1_411' title='bbox 1225 2329 1368 2362; x_wconf 85' lang='lat' dir='ltr'>Actiaco</span> <span class='ocrx_word' id='word_1_412' title='bbox 1398 2328 1532 2371; x_wconf 91' lang='lat' dir='ltr'>proelio</span> <span class='ocrx_word' id='word_1_413' title='bbox 1562 2329 1690 2362; x_wconf 81' lang='lat' dir='ltr'>Libur-</span> 
     </span>
     <span class='ocr_line' id='line_1_71' title="bbox 993 2377 1690 2421; baseline 0 -10"><span class='ocrx_word' id='word_1_414' title='bbox 993 2388 1120 2412; x_wconf 90' lang='lat' dir='ltr'>narum</span> <span class='ocrx_word' id='word_1_415' title='bbox 1143 2377 1269 2411; x_wconf 83' lang='lat' dir='ltr'>auxilio</span> <span class='ocrx_word' id='word_1_416' title='bbox 1293 2379 1484 2421; x_wconf 87' lang='lat' dir='ltr'>praecipue</span> <span class='ocrx_word' id='word_1_417' title='bbox 1503 2379 1618 2412; x_wconf 84' lang='lat' dir='ltr'>victus</span> <span class='ocrx_word' id='word_1_418' title='bbox 1634 2381 1690 2412; x_wconf 82' lang='lat' dir='ltr'>est</span> 
     </span>
     <span class='ocr_line' id='line_1_72' title="bbox 991 2427 1686 2470; baseline -0.003 -8"><span class='ocrx_word' id='word_1_419' title='bbox 991 2429 1174 2462; x_wconf 85' lang='lat' dir='ltr'>Antonius.</span> <span class='ocrx_word' id='word_1_420' title='bbox 1199 2428 1322 2470; x_wconf 85' lang='lat' dir='ltr'>Veget.</span> <span class='ocrx_word' id='word_1_421' title='bbox 1348 2428 1393 2461; x_wconf 89' lang='lat' dir='ltr'>de</span> <span class='ocrx_word' id='word_1_422' title='bbox 1421 2429 1471 2462; x_wconf 89' lang='lat' dir='ltr'>Re</span> <span class='ocrx_word' id='word_1_423' title='bbox 1494 2427 1566 2461; x_wconf 92' lang='lat' dir='ltr'>mil.</span> <span class='ocrx_word' id='word_1_424' title='bbox 1591 2429 1628 2468; x_wconf 82' lang='grc' dir='ltr'>ὅ,</span> <span class='ocrx_word' id='word_1_425' title='bbox 1653 2427 1686 2460; x_wconf 86' lang='grc'>3.</span> 
     </span>
     <span class='ocr_line' id='line_1_73' title="bbox 992 2476 1685 2521; baseline -0.001 -10"><span class='ocrx_word' id='word_1_426' title='bbox 992 2479 1055 2512; x_wconf 93' lang='lat' dir='ltr'>Ed.</span> <span class='ocrx_word' id='word_1_427' title='bbox 1070 2479 1144 2521; x_wconf 92' lang='lat' dir='ltr'>Bip.</span> <span class='ocrx_word' id='word_1_428' title='bbox 1162 2496 1198 2501; x_wconf 93' lang='lat'><strong>—</strong></span> <span class='ocrx_word' id='word_1_429' title='bbox 1206 2477 1477 2520; x_wconf 67' lang='lat' dir='ltr'>propuqnacula]</span> <span class='ocrx_word' id='word_1_430' title='bbox 1493 2476 1580 2511; x_wconf 88' lang='lat' dir='ltr'>Plin.</span> <span class='ocrx_word' id='word_1_431' title='bbox 1590 2477 1633 2510; x_wconf 83' lang='grc' dir='ltr'>Η.</span> <span class='ocrx_word' id='word_1_432' title='bbox 1643 2477 1685 2510; x_wconf 88' lang='lat' dir='ltr'>N.</span> 
     </span>
     <span class='ocr_line' id='line_1_74' title="bbox 991 2525 1689 2569; baseline -0.003 -8"><span class='ocrx_word' id='word_1_433' title='bbox 991 2528 1045 2569; x_wconf 69' lang='lat'>32,</span> <span class='ocrx_word' id='word_1_434' title='bbox 1065 2529 1079 2560; x_wconf 93' lang='grc'><strong>4</strong></span> <span class='ocrx_word' id='word_1_435' title='bbox 1095 2537 1102 2559; x_wconf 89' lang='lat'>:</span> <span class='ocrx_word' id='word_1_436' title='bbox 1127 2528 1286 2560; x_wconf 81' lang='lat' dir='ltr'>Armatae</span> <span class='ocrx_word' id='word_1_437' title='bbox 1301 2527 1419 2560; x_wconf 77' lang='lat' dir='ltr'>classes</span> <span class='ocrx_word' id='word_1_438' title='bbox 1434 2527 1608 2568; x_wconf 66' lang='lat' dir='ltr'>immuunt</span> <span class='ocrx_word' id='word_1_439' title='bbox 1625 2525 1689 2559; x_wconf 65' lang='lat' dir='ltr'>sibi</span> 
     </span>
     <span class='ocr_line' id='line_1_75' title="bbox 991 2575 1688 2619; baseline -0.003 -9"><span class='ocrx_word' id='word_1_440' title='bbox 991 2578 1138 2610; x_wconf 68' lang='lat' dir='ltr'>turrium</span> <span class='ocrx_word' id='word_1_441' title='bbox 1164 2577 1441 2619; x_wconf 64' lang='lat' dir='ltr'>propugnacula,</span> <span class='ocrx_word' id='word_1_442' title='bbox 1475 2578 1514 2609; x_wconf 74' lang='lat' dir='ltr'>ut</span> <span class='ocrx_word' id='word_1_443' title='bbox 1541 2576 1577 2608; x_wconf 75' lang='lat' dir='ltr'>in</span> <span class='ocrx_word' id='word_1_444' title='bbox 1597 2575 1688 2608; x_wconf 75' lang='lat' dir='ltr'>mari</span> 
     </span>
     <span class='ocr_line' id='line_1_76' title="bbox 990 2623 1688 2669; baseline -0.003 -9"><span class='ocrx_word' id='word_1_445' title='bbox 990 2636 1119 2668; x_wconf 79' lang='lat' dir='ltr'>qaoque</span> <span class='ocrx_word' id='word_1_446' title='bbox 1136 2629 1305 2669; x_wconf 63' lang='lat' dir='ltr'>pugnetur</span> <span class='ocrx_word' id='word_1_447' title='bbox 1324 2626 1414 2660; x_wconf 75' lang='lat' dir='ltr'>velut</span> <span class='ocrx_word' id='word_1_448' title='bbox 1435 2635 1453 2659; x_wconf 81' lang='lat' dir='ltr'><em>o</em></span> <span class='ocrx_word' id='word_1_449' title='bbox 1472 2625 1589 2658; x_wconf 71' lang='lat' dir='ltr'>muris.</span> <span class='ocrx_word' id='word_1_450' title='bbox 1607 2623 1688 2665; x_wconf 65' lang='lat' dir='ltr'>¹E&#39;v-</span> 
     </span>
     <span class='ocr_line' id='line_1_77' title="bbox 989 2673 1687 2723; baseline -0.003 -14"><span class='ocrx_word' id='word_1_451' title='bbox 989 2675 1117 2718; x_wconf 79' lang='grc' dir='ltr'>λίνους</span> <span class='ocrx_word' id='word_1_452' title='bbox 1140 2673 1307 2723; x_wconf 78' lang='grc' dir='ltr'>πύργους</span> <span class='ocrx_word' id='word_1_453' title='bbox 1329 2675 1468 2709; x_wconf 85' lang='lat' dir='ltr'>Antonii</span> <span class='ocrx_word' id='word_1_454' title='bbox 1490 2682 1600 2708; x_wconf 87' lang='lat' dir='ltr'>naves</span> <span class='ocrx_word' id='word_1_455' title='bbox 1620 2674 1687 2707; x_wconf 83' lang='lat' dir='ltr'>ha-</span> 
     </span>
    </p>
   </div>
  </div>
 </body>
</html>
