1722 2904
264 34 346 75 640

913 36 1083 69 HORATH

491 141 636 196 Augur
665 145 707 182 et
737 138 922 196 fulgente
953 139 1140 183 decorus
1172 153 1275 183 arcu

491 220 692 263 Phoebus
723 227 1015 277 acceptusque
1045 233 1201 263 novem
1232 220 1453 272 Camenis,

491 301 573 353 Qui
605 300 778 344 salutari
810 300 924 344 levat
953 307 1044 344 arte
1075 300 1213 344 fessos

604 381 807 438 Corporis
839 388 956 425 artus
974 415 982 430 ‚

493 486 537 529 Si
567 485 779 529 Palatinas
810 485 927 529 videt
956 499 1124 543 aequus
1154 499 1303 539 arceS,

489 568 682 624 Remque
712 568 947 610 Romanam
975 567 1231 625 Latiumque
1260 567 1360 612 felix

489 647 678 691 Alterum
709 648 749 689 in
780 646 961 690 lustrum
990 647 1233 706 meliusque
1263 662 1438 706 semper

351 793 404 824 65.
431 799 525 823 arces
560 790 652 829 Bbc,
689 788 835 823 Bentleii
870 800 913 823 ac
944 792 1099 824 Pottierii
1122 791 1306 834 plerique,
1343 792 1384 824 Lt
1407 793 1443 824 et
1465 791 1667 826 Bentleius:

307 850 389 873 aras
411 842 446 873 in
469 849 490 873 c
513 848 718 881 superscr.,
743 839 798 879 ιλ,
823 848 897 872 var.
924 839 1004 874 lect.
1029 840 1110 881 βω,
1133 842 1224 874 Pott.
1250 841 1289 881 7,
1314 841 1355 880 9,
1381 841 1479 875 CFM.
1507 842 1589 883 (Nos
1611 851 1672 875 se·-

309 892 412 923 cutus
436 891 491 923 est
514 890 557 931 J.)
597 907 633 912 ——
676 890 845 922 Ceterum
867 889 980 922 Bentl.
1007 891 1044 923 et
1065 891 1133 923 Fea
1157 889 1398 931 distinguunt:
1424 889 1476 932 (Si
1496 891 1671 924 Palatinas

307 958 327 964 -
343 958 360 964 -
377 939 588 981 Latiumque)
613 940 696 981 felia:
720 940 868 972 Alterum
884 942 953 973 cet.
975 957 1010 963 —
1036 939 1090 972 66.
1113 939 1197 981 feli-12
1219 938 1336 972 adscr.
1363 938 1440 972 «vel
1461 939 1605 973 laetwn»
1630 941 1668 973 B.

307 1070 384 1102 64-
401 1069 454 1103 64.
490 1069 596 1109 Vide,
634 1078 704 1111 quo
739 1069 855 1103 studio
894 1069 964 1102 iam

262 1119 406 1151 tertium
441 1120 475 1151 in
498 1117 676 1160 Apolline,
720 1119 885 1160 Augusti,
925 1120 965 1151 ut

263 1169 310 1201 ita
334 1169 468 1209 dicam,
505 1168 717 1210 exemplari,
753 1169 965 1211 praedican-

263 1218 309 1250 do
345 1219 556 1250 immoretur
583 1219 700 1259 poeta.
738 1219 796 1250 «In
826 1218 964 1260 proodo

263 1268 394 1300 chorus
433 1268 578 1300 cecinit:
630 1268 718 1300 Date
757 1276 849 1309 quae
884 1277 966 1310 pre-

263 1326 399 1357 camur,
425 1317 570 1350 Phoebe
596 1318 632 1349 et
661 1317 782 1350 Diana.
831 1319 869 1350 In
890 1327 966 1350 me-

261 1366 350 1399 sodo
382 1366 534 1399 eandem
562 1367 775 1399 sententiam
806 1368 962 1400 iteravit:

262 1415 388 1448 Audite
421 1417 558 1448 nostras
592 1425 737 1458 preces,
773 1415 896 1458 Apollo
929 1418 965 1449 et

262 1466 370 1498 Luna.
396 1466 556 1506 Denique
573 1466 608 1498 in
625 1465 740 1508 epodo
757 1466 823 1498 Str.
843 1466 961 1499 46-49.

262 1515 450 1547 universus
475 1515 606 1547 chorus
635 1515 727 1547 hanc
750 1516 963 1548 sententiam

260 1564 308 1598 ita
342 1564 491 1605 repetit,
531 1565 571 1596 ut
604 1573 675 1596 non
713 1565 785 1597 iam
819 1565 964 1597 numina

261 1613 339 1654 ipsa
362 1612 579 1654 alloquatur,
616 1613 681 1646 sed
705 1613 751 1646 ad
773 1613 961 1656 populum,

261 1662 298 1694 ni
317 1661 428 1702 fallor,
455 1671 665 1703 conversus,
691 1663 794 1696 tertia
809 1672 963 1705 persona

261 1711 370 1744 dicat:
397 1711 563 1744 Phoebus
579 1713 615 1744 et
630 1713 740 1745 Diana
759 1722 843 1745 cum
854 1713 965 1746 XVvi-

260 1769 385 1793 rorum
407 1761 483 1802 pias
505 1770 645 1803 preces,
673 1771 761 1804 quas
785 1761 832 1794 illi
854 1763 890 1795 in
909 1771 965 1795 sa-

261 1809 454 1842 crificando
477 1819 543 1852 pro
559 1811 699 1852 imperii
722 1811 962 1845 incolumitate

261 1861 499 1901 susceperunt
524 1860 695 1901 (Zosimus
712 1861 751 1901 2,
778 1861 859 1903 ⁴5.),
886 1863 962 1894 tum

261 1910 381 1941 nostra
413 1917 504 1950 quae
537 1909 644 1942 modo
679 1911 962 1952 nuncupavimus

260 1960 340 1990 vota
356 1957 509 1999 benigne
527 1960 664 1991 curent.
683 1961 869 1992 Postremo
886 1968 963 1992 cer-

260 2009 334 2039 tam
358 2007 457 2039 chori
481 2016 585 2049 spem
608 2008 644 2040 id
668 2007 743 2041 fore
761 2009 960 2050 exprimit.»

260 2057 414 2089 S'rmmzn.
443 2075 479 2080 —
508 2057 636 2099 Auqur]
661 2058 739 2091 vid.
766 2058 812 2091 ad
836 2058 900 2091 Od.
927 2059 959 2098 4,

259 2105 298 2145 2,
325 2105 378 2137 32.
417 2124 454 2130 ——
489 2106 650 2149 fulqcmte]
687 2106 811 2150 Apollo
848 2107 962 2149 po'etis

260 2155 367 2187 modo
383 2154 641 2202 χρυσότοξος,
666 2157 775 2190 modo
795 2153 963 2203 ἀργυρό-

258 2202 390 2246 τοξος,
427 2207 467 2238 ut
498 2205 534 2239 ll.
560 2217 605 2247 α,
637 2207 691 2239 37.
729 2225 765 2230 -
794 2206 960 2249 acceptus]

259 2254 378 2296 Eurip.
405 2255 496 2288 Med.
515 2255 596 2288 426:
623 2254 779 2297 Φοῖβος,
804 2253 961 2303 ἁγήτωρ

258 2302 417 2345 μελέων.
454 2305 560 2347 Orph.
591 2306 720 2347 Hymn.
751 2306 810 2346 34,
841 2307 873 2339 6.
906 2308 962 2339 est

259 2353 523 2397 Μουσαγέτης,
548 2356 587 2387 ut
609 2354 691 2388 alibi
715 2355 900 2389 Hercules.
922 2374 957 2379 —

259 2403 380 2435 levat-
394 2403 495 2445 fessos
509 2422 528 2427 -
544 2406 658 2445 artus]
688 2405 875 2438 «medetur
897 2413 960 2438 ae—

260 2452 370 2492 gris»,
396 2454 434 2484 ut
458 2452 581 2486 Celsus
607 2454 640 2487 4.
657 2454 790 2487 praet:
815 2454 961 2487 levatum

259 2502 369 2543 mayis
383 2511 497 2535 eorum
510 2502 663 2536 morbum
678 2511 756 2536 csse.
786 2503 909 2536 Tibull.
924 2503 957 2543 4,

260 2549 302 2589 4,
330 2551 383 2583 40.
421 2551 466 2584 ad
489 2551 702 2594 Apollinem:
743 2553 865 2585 Sancte
885 2553 960 2586 vem·

260 2602 429 2639 tecumque
458 2600 549 2641 feras
589 2602 775 2642 quicunque
810 2610 957 2643 saporeS,

1016 1069 1210 1110 Quicunque
1239 1071 1271 1101 et
1299 1071 1418 1101 camme
1449 1077 1597 1111 corpora
1627 1070 1716 1112 fessa

1015 1119 1135 1151 levant.
1165 1117 1358 1160 Utrobique
1386 1127 1422 1151 v.
1449 1119 1554 1160 fessus
1581 1119 1716 1162 signiti-

1016 1170 1073 1201 cat
1103 1167 1309 1209 languidum
1331 1176 1376 1199 ex
1399 1167 1539 1201 morbo.

1057 1217 1176 1250 65-67.
1201 1217 1239 1249 Si
1251 1217 1424 1249 Palatinas
1438 1235 1458 1241 -
1469 1233 1489 1240 -
1502 1218 1607 1261 arces]
1624 1219 1715 1252 «Has

1014 1267 1129 1308 ipsas,
1153 1265 1216 1298 ubi
1240 1267 1344 1298 cantu
1365 1275 1712 1301 cumveneramur.»

1016 1316 1114 1358 (Vide
1130 1316 1259 1349 Zosimi
1275 1314 1419 1356 locum.)
1466 1317 1522 1349 «Si
1541 1317 1714 1360 propitius

1014 1366 1174 1408 respicit,
1192 1367 1231 1398 ut
1246 1373 1285 1398 re
1301 1374 1387 1398 vera
1403 1367 1566 1409 respicit,
1585 1367 1714 1401 eedem

1013 1424 1117 1449 suam
1140 1416 1176 1448 in
1198 1417 1319 1449 monte
1342 1415 1499 1449 Palatino
1522 1415 1568 1450 ab
1591 1418 1713 1460 Augu-

1014 1466 1070 1498 sto
1101 1467 1182 1498 ante
1212 1465 1281 1498 hoc
1311 1465 1525 1500 decennium
1548 1467 1713 1509 magnifi-

1014 1515 1218 1548 centissime
1242 1516 1494 1549 exstructam.»
1529 1516 1623 1558 Virg.
1649 1517 1712 1550 Ge.

1013 1565 1052 1605 2,
1077 1564 1160 1597 535:
1186 1564 1318 1606 (Roma)
1342 1565 1537 1607 septemque
1555 1574 1628 1598 una
1653 1566 1716 1599 sibi

1011 1623 1110 1647 muro
1132 1614 1348 1647 circumdedit
1369 1623 1481 1655 arces;
1517 1616 1554 1648 et
1574 1615 1620 1649 de
1635 1616 1715 1658 ipso

1013 1662 1144 1696 Palatio
1168 1662 1267 1696 Ovid.
1285 1664 1388 1697 Trist.
1407 1665 1442 1705 4,
1470 1665 1508 1704 4,
1533 1664 1595 1697 69:
1629 1665 1715 1698 For·

1012 1713 1102 1745 sitan
1123 1715 1306 1754 exspectes,
1341 1722 1388 1746 an
1415 1714 1452 1746 in
1480 1713 1554 1746 alta
1581 1714 1716 1748 Palatia

1011 1762 1150 1794 missum
1179 1762 1346 1795 Scandere
1376 1764 1407 1794 te
1436 1760 1569 1795 iubeam
1590 1762 1714 1796 cmo-

1011 1820 1171 1852 reamque
1194 1812 1347 1852 domm,
1383 1810 1579 1854 (Imma-ant
1599 1820 1712 1854 aum-

1011 1864 1066 1894 sta
1087 1861 1169 1894 mihi
1191 1861 1267 1894 loca
1288 1861 1387 1902 dique
1407 1861 1595 1904 laconum)
1621 1861 1714 1895 Venit

1011 1911 1048 1943 in
1069 1910 1212 1943 haema
1238 1910 1364 1952 ruhnen
1386 1910 1429 1943 ab
1461 1919 1566 1944 arce
1596 1913 1711 1952 caput.

1013 1958 1192 1993 Consolat.
1227 1959 1275 1992 ad
1307 1960 1441 1992 Liviam
1474 1960 1529 1993 64.
1560 1959 1607 1993 de
1639 1961 1713 1993 Au-

1012 2010 1132 2050 gusto:
1165 2009 1223 2041 Ille
1245 2009 1344 2051 viqil,
1367 2017 1500 2042 mma
1523 2017 1620 2042 sacer
1643 2009 1714 2050 ipse

1010 2058 1138 2090 locatus
1169 2058 1206 2090 in
1228 2066 1358 2098 arce,
1391 2058 1455 2091 Res
1479 2058 1648 2091 hominum
1668 2066 1713 2093 σω

1011 2111 1080 2140 tuto
1095 2116 1230 2140 cernere
1241 2108 1361 2150 dignus
1370 2110 1455 2141 erut.
1475 2107 1595 2141 Altera
1606 2107 1711 2142 lectio

1011 2166 1094 2190 aras
1130 2158 1235 2191 nimis
1272 2158 1388 2191 tenuis
1424 2157 1567 2191 videtur
1599 2159 1636 2191 et
1667 2165 1713 2191 ex

1010 2208 1228 2249 ignoratione
1262 2207 1526 2250 significationis
1557 2216 1593 2240 v.
1617 2214 1712 2241 arces

1011 2258 1098 2290 orta.
1128 2274 1164 2280 —-
1189 2258 1333 2298 Remque
1346 2258 1533 2290 Romanam
1554 2257 1712 2290 Latum-

1011 2315 1074 2347 que
1084 2324 1104 2330 -
1113 2307 1283 2349 Prorogat]
1300 2308 1438 2342 Memor
1452 2306 1560 2340 fuisse
1571 2305 1712 2340 videtur

1009 2355 1176 2388 versiculi
1210 2356 1357 2389 Enniani
1389 2357 1480 2389 Anu,
1515 2357 1552 2388 4;
1586 2355 1711 2389 Audire

1011 2408 1057 2437 est
1079 2413 1202 2446 operae
1226 2405 1391 2446 pretim,
1422 2405 1604 2446 procedere
1623 2406 1709 2438 recte

1012 2454 1076 2495 Qui
1107 2463 1180 2487 rem
1201 2455 1389 2487 Romanam
1417 2455 1618 2495 Latiumque
1642 2462 1707 2488 mo-

1009 2512 1139 2546 §escere
1159 2504 1266 2538 voltis.
1285 2521 1324 2528 —
1340 2505 1382 2537 V.
1398 2504 1484 2546 felix
1503 2504 1609 2546 iunge
1624 2511 1706 2537 cum

1011 2561 1045 2585 v.
1070 2553 1224 2594 lustrwn,
1250 2562 1295 2586 ne
1312 2554 1434 2586 careat
1447 2551 1622 2596 ἐπιθέτῳ.
1645 2551 1704 2586 Lu-

1010 2605 1116 2635 strum
1153 2603 1291 2643 autem,
1333 2603 1498 2636 Romanis
1535 2599 1703 2649 περιοδος
