1722 2904
555 103 634 136 un.
658 103 715 135 iv.
763 103 802 135 C.
827 102 882 134 lV.

268 202 278 213 ⁸
333 208 470 251 Dente
498 205 830 267 novffiperitura
859 204 985 248 vidit:

222 311 378 356 Videre
407 311 549 356 Raetis
577 309 691 354 bella
719 309 800 353 sub
830 308 1007 367 Alpibus

222 394 410 435 Drusum
438 397 658 449 gerentem
687 388 915 440 Vindelici;
945 414 1002 421 —
1031 387 1189 446 quibus

283 473 375 523 Mos
404 470 519 515 unde
548 469 760 514 deductus
789 483 868 526 per
898 483 1024 512 omne

337 553 523 609 Tempus
550 550 780 593 Amazonia
809 549 951 593 securi

1444 550 1498 591 20

147 678 200 711 46.
223 678 312 710 videt
333 676 368 710 d.
395 694 432 700 --
469 677 522 708 47.
547 676 642 708 Raeti
662 674 764 707 Bth
786 675 823 707 et
845 682 936 707 corr.
962 675 1002 714 S,
1035 674 1126 707 Rothi
1148 674 1190 714 d,
1222 674 1337 707 Rhoeti
1367 676 1454 707 Poit.

103 735 253 767 omnes,
288 727 370 759 LCt.
406 726 532 767 (Raetis
563 725 719 767 primum
740 723 853 756 Bentl.
878 724 991 762 coni.,
1033 726 1158 765 postea
1179 725 1339 766 repperit
1360 724 1458 757 idem

103 776 297 810 coniecisse
319 777 360 808 N.
385 775 590 813 Heinsium,
627 776 663 806 et
684 773 853 806 habuisse
876 781 930 814 pr.
956 783 1002 812 κ,
1039 773 1123 805 item
1147 772 1350 815 «exemplar
1372 775 1457 806 Rot-

104 825 343 867 tendorphii»;
369 833 412 857 ae
426 833 511 857 sane
527 824 575 856 ita
589 832 645 865 pr.
663 824 698 863 S,
723 823 814 855 Feae
829 830 882 863 pr.
902 822 962 854 Vr.
980 822 1036 863 Η.)
1055 839 1092 846 -
1118 821 1171 855 48.
1189 825 1221 854 οι
1238 822 1394 855 Vindelici
1408 833 1453 862 ω,

104 883 150 907 ex
161 873 238 907 aliis
253 874 352 907 Torr.
381 891 420 898 —
448 873 491 906 48
504 890 525 897 -
537 873 593 905 22.
621 872 685 904 Vv.
704 871 822 912 quibu-s
836 889 856 895 -
870 889 890 895 -
903 872 960 903 sod
973 873 1142 913 suspecta
1158 872 1295 913 Guyeto
1305 897 1313 911 ,
1338 873 1435 904 lanio
1446 898 1454 910 ,

102 923 262 957 Webero
273 948 282 964 ,
298 923 489 963 Heinekio,
507 922 672 961 Frankio‚
690 921 778 954 aliis.
805 921 870 960 Qui
886 919 1017 961 delent,
1042 930 1076 953 v.
1094 921 1149 954 22.
1166 921 1328 954 scribunt
1341 925 1372 954 σι
1387 922 1455 954 aiu.

62 1029 143 1061 ante
168 1026 366 1060 Bentleium
387 1028 499 1060 Raetis
525 1026 652 1068 legisse
675 1027 759 1058 Sar-
800 1026 934 1066 puellae
955 1025 1053 1058 Ovid.
1078 1026 1159 1058 Her.
1183 1025 1223 1066 4,
1250 1026 1327 1058 447.
1363 1026 1505 1060 Curtius

62 1077 219 1110 bievium
240 1078 256 1110 4
273 1102 282 1117 ,
306 1077 344 1116 6,
373 1077 433 1110 30:
467 1078 623 1119 Ριιφιαω
650 1076 760 1108 Raetis

63 1127 148 1159 bella
175 1125 235 1158 sub
261 1125 423 1167 Alpibus.)
462 1144 500 1149 —
536 1126 757 1166 Quamquam

64 1176 159 1209 Raeti
179 1176 270 1208 miro
293 1176 456 1208 acumine
470 1174 759 1215 vanderburgius

63 1224 188 1257 habuit
220 1232 286 1266 pro
318 1225 425 1266 genit.
458 1225 562 1265 sing,
594 1226 634 1255 ut
665 1223 762 1263 Alpes

63 1274 158 1306 flocti
177 1274 248 1306 sint
260 1272 368 1315 Alpes
381 1273 511 1306 veteris
533 1272 623 1306 illius
642 1272 760 1304 herois

64 1323 231 1363 mythici,
261 1322 307 1354 de
326 1331 398 1364 quo
413 1321 499 1355 Plin.
517 1323 559 1354 H.
577 1323 618 1354 N.
635 1322 674 1359 3,
698 1322 758 1353 20:

64 1373 183 1404 nanos
217 1371 397 1403 Morum
424 1371 555 1411 prolem
588 1371 762 1403 arbitram

65 1425 150 1461 mr,-
173 1429 199 1452 a
231 1421 338 1453 Gallis
365 1421 496 1461 pulsos,
532 1421 614 1452 duce
645 1421 759 1452 Raeto.

68 1470 119 1512 (In
147 1469 241 1502 hanc
269 1468 527 1510 Vanderburgii
558 1468 763 1510 explicatio-

66 1527 164 1559 nem,
185 1521 261 1552 eius
276 1519 563 1560 interpretatione
579 1526 763 1559 nunquam

67 1569 156 1608 visa,
179 1568 302 1601 incidit
325 1569 432 1600 etiam
449 1569 580 1600 Gustav
602 1567 761 1606 Schwab,

69 1618 231 1659 egregius
244 1618 368 1658 poeta,
386 1625 488 1649 meus
503 1617 650 1649 amicus.
674 1618 765 1648 Neu-

69 1668 125 1700 ter
137 1668 259 1699 tamen
274 1666 391 1698 adhuc
408 1667 595 1707 persuasit.
626 1667 766 1698 Raetiam

69 1715 217 1757 quidem
237 1715 387 1748 heroem
410 1723 516 1747 nosse
539 1716 679 1756 poterat
693 1715 766 1746 Ho-

68 1765 196 1804 ratius,
215 1765 255 1796 ut
269 1765 366 1796 novit
379 1763 510 1796 Plinius
523 1763 545 1795 l.
564 1763 602 1803 1.;
619 1763 684 1796 sed
699 1771 767 1804 po—

70 1814 149 1846 sitio
166 1814 242 1854 ipsa
263 1822 334 1845 non
355 1812 471 1854 placet
491 1814 586 1845 Raeti
599 1812 659 1844 sub
671 1813 768 1852 Alpi*

73 1863 145 1902 bus,
159 1863 197 1894 et
205 1861 310 1903 longe
325 1861 566 1894 differtpacoff
576 1861 763 1901 manus.)—

73 1911 170 1953 bolla]
194 1912 247 1944 De
262 1912 429 1944 universo
444 1911 537 1944 bello
553 1912 694 1943 Raetico
718 1911 769 1943 in-

69 1962 127 1992 ter
139 1961 354 2002 Interpretes
369 1969 476 1993 nemo
487 1963 569 1993 ante
580 1961 767 1992 Frankium

71 2008 199 2050 melius
230 2010 392 2051 exposuit
415 2018 523 2050 quam
546 2010 629 2042 Iani.
677 2009 766 2042 Vide

71 2058 217 2090 Excurs.
245 2059 272 2090 1.
297 2059 333 2090 in
355 2058 425 2091 fine
450 2059 555 2091 huius
578 2059 764 2092 Carminis.

117 2107 263 2139 48-20.
300 2108 450 2140 Dmsum
468 2126 488 2132 -
512 2109 768 2140 Vindelici---

71 2156 190 2197 somn-i]
212 2157 327 2198 Ipsius
348 2158 454 2189 Drusi
476 2156 631 2198 gladium
653 2158 768 2190 hono-

73 2206 223 2244 rarium,
257 2204 384 2238 saltem
413 2207 577 2247 vaginam
605 2208 680 2239 eius
709 2216 769 2239 ar-

73 2255 255 2295 genteam,
293 2255 490 2288 deeliciae
517 2256 619 2288 hasta
651 2258 687 2288 et
716 2257 768 2288 bi-

71 2304 172 2344 penni
192 2305 350 2336 armatae
373 2304 487 2346 effigie
510 2305 656 2347 aliisque
684 2314 768 2338 cae-

72 2351 195 2385 laturis
209 2353 438 2394 conspicuam
449 2379 457 2393 ,
482 2355 690 2395 magontiaci
706 2363 769 2386 nu·

72 2409 140 2442 per
153 2409 234 2433 esse
249 2403 429 2443 repertam
445 2402 565 2434 docuit
583 2403 614 2434 J.
632 2404 769 2435 Becker

74 2449 111 2481 in
130 2449 283 2482 zeitschr.
307 2451 333 2490 f.
349 2450 518 2483 Alternum.
553 2452 624 2483 Vll.
649 2460 685 2492 p.
704 2451 762 2483 434

74 2505 177 2538 seqq.
197 2515 234 2520 —-
252 2498 369 2537 quibus
389 2499 472 2540 cet]
496 2507 670 2540 «quorum
688 2508 768 2532 mos

76 2546 111 2578 in
130 2545 273 2587 proeliis
288 2555 431 2589 semper
445 2548 631 2581 securibus
645 2549 767 2581 utendi

77 2595 390 2635 (quemadmodum
417 2596 595 2636 solebant,
634 2599 674 2630 ut
695 2600 769 2630 tra-

76 2643 164 2676 dunt
178 2646 320 2685 poetae,
337 2647 546 2686 Amazones,
561 2648 770 2688 ”euuiger-ae

188 2704 310 2734 noim.
332 2714 406 2736 vot..
430 2707 452 2736 i.
491 2715 544 2737 nn.
566 2715 669 2738 imon
690 2708 737 2737 lii.

807 1075 839 1115 6,
855 1075 935 1115 49.),
959 1076 1048 1106 unde
1064 1075 1109 1107 sit
1129 1075 1302 1114 deducam,
1331 1083 1440 1116 quam
1455 1075 1503 1108 ob

807 1133 953 1157 causam
975 1123 1071 1165 apud
1088 1132 1150 1156 eos
1166 1123 1247 1156 inde
1266 1123 1313 1156 ab
1332 1125 1506 1167 antiquis-

808 1173 906 1206 simis
929 1172 1151 1214 temporibus
1174 1172 1376 1212 invaluerit,
1402 1175 1508 1215 equi-

808 1222 893 1254 dem
922 1222 1133 1262 investigare
1166 1222 1284 1255 adhuc
1313 1223 1504 1263 intermisi,

808 1280 926 1313 neque
951 1280 1038 1302 vero
1067 1271 1104 1303 id
1134 1280 1238 1311 euro,
1276 1272 1381 1304 inane
1411 1273 1507 1305 enim

809 1322 878 1353 hoc
893 1321 985 1353 soret
998 1321 1167 1366 studium,
1190 1329 1273 1352 cum
1288 1320 1398 1353 multa
1411 1322 1508 1354 eius-

809 1369 906 1402 modi
936 1378 1081 1411 semper
1108 1378 1174 1402 nos
1202 1369 1333 1402 lateant
1356 1379 1505 1404 necesse

810 1420 888 1451 sit.»
916 1437 952 1441 —
973 1427 1038 1458 por
1061 1427 1158 1450 omne
1174 1418 1324 1460 Tempus]
1353 1428 1417 1452 «ex
1435 1429 1507 1461 quo

811 1477 874 1500 eos
901 1469 1100 1500 novimus.»
1146 1469 1260 1501 Minus
1286 1470 1385 1501 recte
1416 1478 1509 1502 non-

810 1516 895 1549 nulli
918 1516 1154 1559 explicarunt:
1188 1527 1274 1550 «cur
1295 1519 1393 1551 omni
1414 1521 1509 1552 tem-

811 1575 916 1608 pore,
941 1567 1050 1598 etiam
1072 1567 1108 1599 in
1127 1575 1235 1608 pace,
1259 1567 1435 1609 bipennes
1450 1577 1512 1610 ge-

812 1618 916 1648 stent.
923 1628 939 1644 »
952 1616 1090 1648 Etenim
1102 1615 1279 1657 iungenda
1286 1626 1344 1648 vv.
1353 1618 1511 1650 deductus

807 1674 885 1705 per
906 1674 937 1697 o.
963 1668 986 1697 t.
1014 1683 1051 1688 —
1074 1666 1262 1697 Amazmiia
1282 1667 1401 1707 soem-n]
1433 1669 1510 1700 Non

812 1714 905 1746 inest
927 1714 963 1745 in
986 1714 1040 1746 his
1061 1722 1120 1746 vv.
1138 1714 1238 1754 illud,
1263 1715 1361 1756 quod
1384 1725 1512 1757 reppe-

813 1764 903 1796 risse
934 1762 1002 1796 sihi
1030 1764 1097 1795 visi
1127 1765 1216 1796 sunt
1237 1763 1452 1797 scholiastae
1476 1766 1512 1797 et

814 1813 957 1844 Servius
979 1812 1026 1844 ad
1047 1814 1134 1856 Aen.
1162 1813 1198 1851 4,
1230 1812 1316 1846 244:
1355 1814 1512 1846 Vindelici

814 1861 857 1893 ab
877 1861 1101 1893 Amazonibus
1122 1862 1286 1902 oriqinem
1306 1863 1449 1902 ducunt,
1473 1866 1512 1895 ut

814 1912 916 1943 etiam
955 1912 1115 1943 Horatius
1151 1911 1231 1942 dicit
1267 1911 1402 1950 Quibus
1439 1915 1508 1945 cet.

817 1959 956 2001 (Gladiis
974 1960 1120 2001 quidem
1134 1961 1332 1993 Amazones
1354 1963 1513 2002 pugnant

816 2010 851 2041 in
880 2011 967 2042 cista
995 2009 1200 2041 Volcentina
1227 2010 1323 2050 apud
1352 2010 1513 2043 Gerhard

814 2059 888 2091 Etr.
914 2059 1044 2099 Spieyel
1065 2059 1102 2090 T.
1128 2059 1189 2096 X.;
1213 2058 1433 2100 frequentius
1456 2061 1512 2092 ta-

814 2116 899 2140 men
936 2108 971 2139 in
1009 2107 1163 2148 antiquis
1198 2107 1439 2141 marmoribus
1478 2110 1514 2141 et

814 2158 961 2198 picturis
984 2156 1172 2189 securibus
1193 2158 1359 2196 utuntur,
1383 2159 1424 2189 ut
1444 2159 1514 2191 An-

815 2207 907 2247 tiopa
943 2205 1038 2246 apud
1070 2204 1246 2246 Millingen
1283 2207 1382 2238 Uned.
1416 2208 1509 2240 Mon.

815 2256 840 2287 Ι.
865 2256 903 2287 Τ.
930 2255 982 2286 49.
1009 2255 1045 2286 ἰιι
1065 2255 1152 2287 Mus.
1176 2254 1320 2287 Borbon.
1344 2256 1401 2288 Vl.
1428 2257 1465 2288 T.
1490 2257 1512 2290 3

816 2306 852 2337 et
873 2306 905 2336 5.
931 2304 1090 2336 Gerhard
1123 2305 1261 2346 Vasenq.
1293 2306 1335 2337 11.
1361 2307 1398 2338 Τ.
1424 2307 1509 2347 cu.‚

815 2355 900 2386 item
922 2354 1018 2386 haud
1032 2363 1114 2386 raro
1129 2355 1165 2387 in
1183 2356 1337 2387 nummis
1353 2356 1507 2388 Graecis.

816 2403 886 2435 Cfr.
911 2404 1047 2435 Rasche
1070 2404 1185 2436 Lexic.
1210 2404 1236 2435 1.
1260 2413 1295 2444 p.
1321 2405 1397 2435 502.
1429 2404 1511 2436 Pul-

814 2452 1029 2485 chen-imam
1049 2453 1237 2486 Amazonis
1252 2454 1424 2492 statuam,
1450 2455 1511 2485 Sa-

814 2501 944 2534 lamine
958 2503 1139 2544 repertam
1151 2528 1159 2541 ,
1182 2502 1263 2534 vide
1286 2503 1321 2535 in
1336 2503 1510 2535 Colla-tion

815 2551 1045 2591 d’amiquiees,
1074 2552 1131 2591 qm·
1152 2552 1375 2592 omnposaient
1396 2552 1426 2583 le
1447 2560 1509 2584 ca-

814 2599 900 2631 binet
926 2601 973 2632 du
993 2601 1032 2632 B.
1058 2601 1099 2634 de
1124 2601 1344 2642 Stackelberq.
1384 2602 1510 2634 Droede

1206 2712 1243 2740 35
