1722 2904
554 70 632 104 un.
655 69 712 102 111.
759 68 798 100 C.
824 66 939 100 XXIX.

1420 58 1502 100 507

230 177 320 219 lam
348 174 489 219 clarus
518 171 734 217 occultum
761 167 1060 213 Andromedae
1091 174 1212 224 pater

230 254 428 299 Ostendit
455 254 615 311 ignem,
646 253 730 295 iam
757 252 956 308 Procyon
985 247 1083 291 furit

288 336 339 378 Et
366 333 487 378 stella
516 333 662 377 vesani
691 331 867 380 Leonis,

342 413 442 458 Sole
471 413 566 457 dies
595 412 804 456 referente
834 411 993 454 siccos:

1453 407 1505 447 20

229 521 318 562 Iam
346 525 493 576 pastor
521 517 696 560 umbras
726 529 825 560 cum
859 528 990 573 grege
1023 514 1224 573 languido

231 600 468 656 Rivumque
498 598 639 642 sessus
674 597 844 655 quaerit
872 603 916 639 et
943 595 1105 639 horridi

285 681 468 723 Dumeta
498 677 677 728 Silvani,
709 683 913 734 caretque

150 800 205 832 24.
230 799 391 840 laoy-aida
413 809 436 840 y
458 805 515 839 ap.
542 797 681 829 Kirchn
707 806 741 838 p.
768 796 820 828 36

64 904 226 945 remiche,
251 904 388 937 osu-um
410 902 491 935 aber
512 903 564 935 die
584 901 760 934 ko'stlichen
811 892 902 940 Διὸς
924 896 1109 942 ἐτιμήθη,
1145 897 1241 932 διότι
1271 897 1347 932 τῶν
1375 909 1508 946 τετρα-

63 953 363 994 Ριηιυϋόοηϋαο
382 953 443 985 dor
465 951 645 984 Tischchon.
651 963 669 980 ι
692 950 762 983 Ad·
812 947 941 982 πόδων
963 944 1130 991 ἡγεῖται,
1154 948 1196 981 οἱ
1213 946 1256 981 δὲ
1278 942 1339 982 ὅτι
1358 947 1508 999 πρῶτος

64 1002 228 1035 versatur
249 1001 471 1044 aliquatenus
492 1001 588 1041 Virg.
613 1001 700 1032 Aen.
725 1000 758 1039 4,
808 991 930 1038 ἆθλος
969 993 1198 1043 Ἡρακλέους
1246 996 1362 1031 ἐστὶν.
1393 996 1509 1033 Hinc

65 1043 149 1084 697:
179 1051 309 1084 aulaeis
327 1051 399 1084 iam
419 1059 455 1084 se
473 1051 594 1092 reqina
614 1048 763 1090 superbis

66 1118 86 1125 -
109 1101 302 1142 amount.
342 1119 379 1124 -
412 1099 615 1142 anplicum]
650 1094 761 1145 ἀορί-

66 1159 182 1191 στως,
215 1148 412 1192 «explicare
434 1148 584 1182 solent.
619 1149 690 1180 sat.
717 1149 759 1186 2,

65 1200 105 1239 Ξ,
130 1200 212 1232 ⁴25:
238 1198 371 1241 (Ceres)
393 1199 565 1240 Euticu-'t
585 1198 663 1230 vino
680 1205 763 1230 con-

66 1251 195 1281 tractae
215 1248 306 1281 εει-ὅσ
324 1247 455 1289 frontis.

110 1298 228 1330 47-49.
251 1297 462 1339 Iamcumoe]
486 1297 621 1335 Clarus,
644 1298 763 1337 utpa-

67 1347 117 1379 tet
136 1355 182 1379 ex
201 1342 387 1390 ἀντιθέτῳ
410 1345 591 1385 occultunt,
622 1353 694 1377 non
716 1344 763 1377 ad

67 1396 202 1437 regiam
224 1396 358 1437 Cephei
373 1395 599 1436 dignitatem,
623 1395 765 1426 utnon-

67 1454 174 1478 nemo
197 1453 312 1487 nuper
336 1443 463 1483 voluit‚
496 1443 564 1481 sed
589 1444 693 1476 unice
717 1443 763 1476 ad

68 1494 196 1530 sideris
208 1492 437 1536 splendorem
451 1493 616 1526 refertur.
643 1493 765 1525 «Tem-

68 1552 136 1585 pus
163 1543 261 1575 venit
289 1542 433 1575 aestatis
443 1551 461 1581 3=
489 1542 593 1583 igitur
621 1543 656 1574 te
680 1550 763 1574 rure

69 1601 212 1626 mecum
241 1600 422 1624 recrees.
467 1591 641 1632 Theognis
664 1591 762 1623 4039.

68 1642 198 1674 Bekks
234 1636 421 1686 Ἀφρονες
463 1636 667 1686 ἄνθρωποι
698 1641 766 1673 καὶ

70 1688 217 1733 νήπιοι,
239 1689 378 1731 οἵτινες
399 1687 507 1723 οἶνον
529 1688 594 1732 Μὴ
617 1689 766 1722 πίνουσ’

70 1736 220 1786 ἄστρου
235 1740 302 1772 καὶ
323 1737 438 1780 κυνὸς
461 1739 686 1785 ἐρχομένω.
710 1738 767 1772 Al-

71 1798 180 1823 caeus
222 1790 338 1830 Bergk
378 1798 414 1831 p.
453 1790 535 1822 580:
582 1789 597 1830 (
607 1789 766 1834 θέρους)

72 1840 188 1883 Τέγγε
217 1848 414 1881 κνευμονα
442 1839 582 1882 Ροίνω·
619 1836 666 1870 τὸ
693 1835 767 1884 γὰρ

68 1885 216 1946 ἄστρον
253 1887 453 1930 (Canicula)
494 1886 764 1933 περιτέλλεται·

62 1935 104 1971 ¹‘A
125 1937 158 1970 δ
179 1948 274 1999 ωρα
280 1936 457 1976 χαλέτα,
491 1935 617 1971 πάντα
643 1935 685 1969 δὲ
709 1935 768 1970 δί-

74 1989 187 2029 ψαισ’
204 1984 280 2020 υπὸ
295 1984 505 2029 καύματος.
518 2005 554 2010 -
567 1987 766 2029 uCepheus,

72 2037 286 2079 Aethiopum
307 2045 388 2076 rex,
419 2036 648 2068 Andromedae
668 2039 770 2076 pater

74 2095 118 2119 ex
133 2086 324 2129 Cassiopea
339 2087 442 2118 antea
455 2084 635 2118 oecultum
648 2084 769 2117 lumen

74 2135 244 2175 ostendit,
283 2136 354 2168 iam
382 2136 483 2168 ortus
512 2136 578 2167 est.
612 2135 687 2174 (m.
714 2134 766 2166 Id.

74 2184 173 2226 lul.)-
189 2203 225 2207 —
240 2185 389 2224 Procyon
413 2184 533 2225 (quem
555 2185 666 2216 Latini
689 2184 771 2216 Ante
791 2197 797 2234 Ι

75 2235 198 2268 Cana»
230 2235 394 2275 vocant),
430 2242 522 2266 unus
556 2243 600 2265 ex
633 2234 770 2266 Orionis

77 2283 224 2316 canibus
238 2284 411 2316 venaticis
422 2308 430 2321 ,
455 2283 567 2315 oritur
580 2282 701 2315 Idibus
717 2284 772 2314 lu-

75 2332 148 2372 liis,
179 2341 288 2374 quem
310 2333 366 2364 xl.
391 2331 519 2364 diebus
545 2333 628 2373 post
648 2332 770 2373 sequi-

77 2385 135 2414 tur
168 2381 333 2415 Canicula
367 2390 397 2414 s.
423 2382 550 2420 Sirius,
589 2382 771 2422 oriturque

78 2432 185 2464 etiam
206 2431 323 2463 Leonis
342 2431 453 2469 stella,
488 2430 586 2463 sidus
614 2439 773 2462 vesanum

79 2480 247 2522 (rabidmn
269 2481 409 2512 Lucano
425 2480 460 2517 6,
485 2479 587 2519 334.),
612 2488 772 2512 summos

81 2529 217 2562 calores
252 2529 415 2562 afferens.
455 2527 568 2560 Schol.
604 2529 698 2561 Arati
735 2537 770 2560 v.

84 2578 156 2612 449.
192 2578 257 2611 Ed.
292 2578 428 2610 Bekker
461 2586 496 2619 p.
531 2578 593 2610 65:
631 2574 699 2610 τὸν
731 2575 773 2609 δὲ

82 2627 228 2660 Λέοντα
252 2627 291 2660 οἱ
310 2627 382 2669 μέν
401 2636 522 2667 φασιν
538 2621 597 2659 ὅτι
614 2623 688 2660 ὑπὸ
705 2624 773 2659 τοῦ
797 2645 800 2650 ·

810 1048 1007 1080 Herculem
1028 1047 1154 1079 leonem
1170 1048 1277 1080 vocat
1291 1047 1391 1080 ovid.
1407 1049 1447 1080 A.
1465 1050 1505 1080 A.

812 1098 848 1137 4,
873 1096 927 1130 68.
960 1095 1018 1129 Sol
1041 1097 1197 1129 Leonem
1220 1096 1416 1138 ingreditur
1435 1106 1508 1130 xm.

812 1145 884 1179 Kal.
909 1147 998 1187 Aug.
1028 1144 1167 1178 Colum.
1187 1146 1246 1186 44,
1269 1147 1309 1186 2,
1332 1147 1387 1179 52.

855 1196 909 1228 20.
939 1194 1116 1236 referente]
1140 1203 1284 1227 «annuo
1314 1203 1380 1228 suo
1402 1203 1509 1228 cursu

812 1253 939 1278 rursus
962 1245 1170 1277 afferente.»
1196 1263 1232 1268 —
1257 1245 1370 1287 sioeos]
1394 1245 1458 1278 od.
1475 1244 1508 1283 4,

814 1296 867 1334 ⁴2,
904 1294 966 1327 ⁴3:
1005 1295 1184 1327 Addit-vere
1214 1294 1303 1326 sicivn
1334 1298 1508 1336 tempora,

817 1345 944 1386 Virqili,

856 1394 912 1426 24.
925 1394 980 1426 22.
998 1393 1214 1434 lampa-scor]
1230 1392 1301 1426 Ci'r.
1318 1393 1423 1426 Anth.
1436 1392 1507 1426 Pal

814 1444 855 1476 11.
881 1452 917 1485 p.
942 1442 1026 1475 694·
1050 1439 1121 1475 Χῶ
1145 1439 1292 1484 ποιμὴν
1312 1442 1355 1476 ἐν
1377 1439 1512 1489 ὄρεσσι

813 1489 1082 1538 μεσαμβρινὸν
1108 1487 1254 1535 ἀγχόθι
1282 1490 1407 1536 παγᾶς
1435 1493 1512 1526 Συ·-

814 1540 972 1588 ρίσδων,
995 1540 1133 1582 λασίας
1154 1539 1292 1585 θάμνῳ
1315 1538 1392 1575 ὕπο
1415 1541 1512 1574 πλα-

816 1589 935 1624 τάνου
958 1588 1131 1632 Καύματ’
1153 1586 1364 1637 ὄπωρινοῖο
1378 1589 1512 1635 φυγών

816 1639 944 1681 κυνός.
964 1659 1000 1663 -
1017 1640 1211 1681 Remumque]
1234 1641 1274 1672 ln
1288 1641 1430 1682 pascuis
1447 1643 1514 1674 lta-

815 1690 891 1723 licis
912 1698 1040 1731 greges
1061 1698 1129 1731 per
1150 1690 1325 1722 aestatem
1347 1691 1444 1723 rivos
1462 1691 1515 1723 in—

816 1740 928 1778 trant,
963 1740 1003 1771 ut
1034 1737 1163 1770 melius
1193 1747 1233 1771 se
1262 1738 1456 1771 defendant
1477 1741 1514 1771 et

817 1799 838 1822 a
861 1788 980 1821 calore
1004 1789 1041 1820 et
1068 1786 1114 1819 ab
1135 1786 1243 1819 asilis.
1282 1788 1388 1820 Rivos
1411 1788 1514 1829 igitur

816 1837 955 1881 quaerit
990 1837 1113 1878 pastor
1149 1838 1186 1868 et
1221 1837 1373 1876 dumeta,
1420 1839 1513 1878 quae

814 1884 1066 1930 perambulare
1088 1884 1179 1917 solet
1199 1885 1371 1925 hom-idus,
1395 1886 1515 1917 hirsu-

817 1939 896 1975 tus,
932 1933 1107 1973 incultus,
1142 1935 1182 1965 ut
1215 1933 1305 1966 deus
1334 1935 1511 1971 rusticus.

817 1982 1078 2032 φριξοκόμης,
1112 1982 1284 2016 Silvanus.
1330 1984 1406 2016 Hoc
1433 1983 1515 2016 ἐπι-

818 2036 918 2078 θέτῳ
940 2034 1050 2066 utitur
1071 2034 1220 2074 propter
1240 2033 1352 2074 ipsius
1374 2033 1434 2065 dei
1453 2032 1515 2065 sil-

819 2084 945 2117 vestris
966 2082 1150 2114 horridam
1165 2081 1334 2121 sormam,
1359 2083 1399 2114 ut
1412 2083 1512 2115 Mart.

821 2134 878 2172 40,
903 2132 964 2171 92,
997 2131 1036 2163 6:
1076 2131 1231 2163 Tonantis
1259 2140 1343 2163 aras
1368 2131 1517 2163 hom-idi·-

820 2192 883 2223 que
909 2181 1055 2218 Silvani,
1095 2189 1166 2212 non
1198 2181 1344 2222 propter
1370 2180 1516 2214 dumeta

820 2231 977 2264 horrida.
1007 2231 1047 2262 ln
1070 2230 1296 2272 inscriptione
1320 2239 1435 2272 nuper
1457 2240 1517 2263 re-

821 2282 921 2324 perta
944 2280 1081 2321 (Annal.
1105 2280 1178 2312 Μ’
1201 2280 1279 2311 [nst.
1301 2281 1394 2312 arch.
1420 2281 1460 2311 V.
1479 2289 1513 2321 p.

822 2330 910 2370 450.)
935 2330 976 2369 is,
1002 2330 1062 2371 qui
1084 2338 1166 2361 eam
1178 2330 1315 2370 posuit,
1340 2326 1392 2362 fic
1407 2329 1518 2361 Silva-

822 2388 907 2412 num
930 2378 1135 2420 alloquitur:
1159 2379 1283 2420 Mayne
1305 2380 1419 2419 deam,
1449 2379 1517 2410 Sil-

821 2437 907 2461 vano
924 2431 1057 2469 potens,
1092 2429 1295 2460 sanctissinw
1316 2432 1445 2468 pastor.
1479 2447 1514 2450 —

824 2479 918 2511 Cave
933 2479 1053 2510 autem
1065 2503 1072 2517 ,
1097 2486 1142 2510 ne
1158 2486 1241 2510 cum
1257 2477 1443 2509 Sanadono
1458 2486 1515 2508 vv.

822 2527 949 2560 horridi
981 2527 1110 2559 Silvam
1139 2526 1274 2559 habeas
1303 2535 1368 2568 pro
1403 2526 1518 2559 nomi-

812 2574 949 2609 'nativis
964 2575 1053 2618 plur.
1072 2577 1239 2609 Ceterum
1259 2585 1328 2608 non
1347 2576 1392 2608 de
1409 2576 1518 2608 meri-

824 2627 881 2659 die
904 2625 1074 2667 loquitur,
1102 2626 1167 2659 sed
1190 2625 1236 2658 de
1252 2626 1333 2657 anni
1357 2628 1517 2666 tempore
