1722 2904
587 81 666 114 un.
691 81 747 113 lv.
795 81 832 112 C.
859 80 899 112 11.

235 187 334 232 Sive
363 200 474 244 quos
504 185 605 228 Elea
634 184 809 227 domum
838 183 1005 226 reducit

235 267 380 311 Palma
408 265 617 310 caelestes
646 263 890 322 pugilemve
919 275 1134 319 equumve

236 347 347 391 Dicit
375 353 418 390 et
447 352 617 390 centum
646 345 812 402 potiore
845 343 977 400 signis

408 428 581 470 Munere
612 424 761 473 donat,

1459 423 1512 464 20

238 538 386 584 Flebili
415 551 601 595 sponsae
630 537 882 579 iuvenemve
913 542 1081 591 raptum

237 618 381 662 Plorat
408 625 451 661 et
478 617 593 660 vires
623 617 898 672 animumque
930 628 1160 671 moresque

157 776 210 809 48.
234 774 380 808 caelestis
401 773 464 806 Bb.

70 919 158 959 bus,
193 917 399 951 interimens
426 917 540 950 estin
560 917 652 950 Mon.
677 916 763 948 e‘ned.

71 968 144 1001 W
165 967 245 1000 Im.
270 967 363 1000 arch.
387 967 429 999 Π.
455 966 493 998 Τ.
517 965 561 999 49
584 967 620 998 et
642 966 709 1007 50.)

115 1018 168 1050 47.
182 1015 439 1059 Eum-Palma]
451 1015 642 1048 Victoriam
649 1013 768 1055 olym-

70 1066 188 1108 picam
212 1067 254 1098 ut
280 1066 373 1098 inter
402 1072 527 1103 omnes
557 1063 767 1105 gloriosissi-

71 1123 170 1148 mam
179 1115 369 1157 praecipue
384 1115 572 1147 memorat.
586 1131 624 1137 —
635 1114 768 1145 doraum

69 1163 209 1206 reducit]
219 1164 355 1196 vitruv.
362 1162 437 1196 Lib.
449 1163 481 1195 9.
489 1162 652 1195 praefat:
665 1162 771 1194 Grae-

70 1222 187 1247 corum
195 1213 340 1246 maiores
351 1211 561 1254 (hieronicis)
572 1212 621 1244 ita
630 1220 771 1252 maqrws

71 1263 211 1295 honores
229 1263 484 1302 conticuerunt,
512 1262 562 1293 uti
583 1270 650 1293 non
670 1260 768 1292 modo

71 1312 108 1344 in
128 1314 290 1344 cor-ventu
302 1314 425 1343 stantes
438 1319 516 1343 eum
531 1310 650 1351 palma
665 1313 696 1342 ot
710 1319 769 1342 co-

70 1368 161 1392 rona
180 1360 293 1402 ferm
315 1360 447 1400 laudes,
471 1360 528 1392 sed
549 1359 669 1398 etiam,
692 1367 769 1391 cum

71 1412 286 1442 mortanam·
304 1410 341 1442 in
361 1418 440 1442 suas
461 1409 610 1441 civitates
631 1417 708 1440 cum
720 1409 771 1440 vi-

73 1459 203 1499 ctoria,
248 1459 488 1499 triumphantes
524 1458 697 1499 quadrigis
733 1458 770 1489 in

71 1508 204 1541 ηιοοηία
233 1511 265 1540 et
292 1508 329 1540 in
354 1508 491 1549 patrias
511 1507 728 1547 invehantur,
752 1515 770 1539 e

72 1565 176 1598 reque
195 1556 334 1597 publica
355 1559 520 1597 perpetua
547 1556 620 1588 vita
647 1556 771 1588 constt-

74 1607 154 1639 mtis
170 1605 384 1647 thiyalibioe
403 1606 575 1647 fumantur.
596 1623 633 1628 --
649 1605 772 1637 Victo-

72 1663 152 1688 rem
163 1653 388 1697 Olympicum
399 1654 548 1687 domum
560 1662 643 1686 cum
657 1663 770 1686 uxore

73 1704 285 1737 redeuntem
298 1729 307 1744 ,
343 1705 400 1737 cui
429 1704 530 1747 Νίκη
552 1702 767 1745 gratulatur,

73 1752 205 1787 videsis
232 1754 269 1786 in
297 1762 383 1787 vase
410 1754 506 1796 picto
528 1753 625 1795 apud
646 1751 772 1786 Millin-

75 1811 144 1843 gen
159 1802 270 1835 Cohill
284 1802 370 1835 Tab.
394 1804 422 1835 Ι.

122 1851 175 1884 48.
200 1852 362 1894 caelestes]
387 1861 499 1894 «quos
515 1853 592 1885 eius
607 1851 773 1885 ἐπινίκια

74 1904 246 1934 terranem
278 1902 428 1934 dominos
455 1902 592 1934 evehunt
622 1902 668 1934 ad
697 1903 774 1935 deos

76 1950 152 1992 (Od.
166 1951 199 1991 4,
217 1951 249 1991 4,
265 1951 326 1992 6.),
343 1951 610 1993 diisaequant.»
625 1969 662 1975 -
674 1953 774 1993 pugi-

75 2000 178 2032 lemve
198 2001 367 2044 equmwe]
391 2001 458 2033 Ars
474 2002 511 2033 P.
529 2000 592 2033 84:
615 2001 774 2043 Etpuqi-

76 2049 139 2081 lem
148 2045 150 2047 ’
158 2049 317 2083 victorem
331 2054 362 2083 et
375 2059 497 2091 equum
511 2051 691 2083 certamine
699 2052 775 2091 pri-

75 2106 178 2131 mum.
196 2098 268 2131 Cfr.
282 2099 346 2131 Od.
360 2099 392 2139 4,
406 2100 439 2140 3,
452 2100 472 2132 3
485 2108 565 2141 sqq.
598 2100 654 2131 Sic
666 2100 773 2146 Φερε-

75 2147 205 2188 νίκου,
233 2149 393 2182 Hieronis
420 2150 519 2190 equi,
553 2150 773 2182 mentionem

77 2196 160 2229 facit
173 2195 312 2239 olymp.
331 2198 368 2237 4,
395 2198 448 2231 48.
474 2199 510 2230 et
531 2199 633 2239 Pyth.
653 2198 690 2237 3,
715 2198 769 2231 74.

77 2245 224 2278 Theoer.
265 2246 328 2286 46,
368 2246 432 2279 46:
478 2245 593 2289 τιμᾶς
629 2245 670 2279 δὲ
706 2247 772 2280 καὶ

77 2289 195 2335 ὠκέες
214 2289 380 2334 ελλαχον
408 2294 534 2335 ἵπποι,
569 2294 619 2328 Οἵ
636 2306 772 2336 σφισιν

79 2340 122 2384 ἐξ
165 2341 275 2390 ἱερῶν
311 2342 605 2391 στεφανηφόροι
648 2340 772 2388 ἧνθον

79 2388 249 2435 ἀγόνων.
293 2393 524 2427 Nihilominus
546 2403 667 2434 equum
689 2403 772 2427 cum

79 2441 179 2482 dicit,
210 2443 286 2475 eius
309 2442 494 2475 dominum
515 2444 662 2475 victoria
685 2445 774 2485 poti-

80 2493 156 2524 tum
179 2489 346 2531 intelligit.
393 2492 532 2524 Etenim
548 2492 655 2525 nolim
671 2493 774 2534 equi-

80 2539 164 2572 dem
187 2548 270 2573 cum
291 2539 448 2573 Bentleio
471 2541 610 2573 dicere:
637 2542 714 2574 uhic
738 2543 775 2573 et

81 2597 202 2629 equum
233 2589 318 2621 dicit
346 2590 515 2622 caelestem
552 2590 628 2623 fieri
655 2590 773 2632 palma

82 2637 245 2679 adepta.»

179 2698 314 2728 -ΗοιιΑι,
339 2707 410 2729 von.
434 2700 454 2730 l.
496 2708 548 2729 nn.
570 2708 671 2730 imon
692 2700 738 2729 111.

860 915 912 947 49.
930 915 988 959 2οἱ
1008 915 1122 957 siquis]
1141 916 1300 955 «statuis,
1327 924 1419 957 quae
1441 916 1514 948 hie-

814 964 944 997 ronieis
965 963 1226 1006 ponebantur.»
1257 966 1407 997 Pausan.
1428 965 1461 1005 6,
1480 966 1512 1004 4,

817 1015 830 1046 4
849 1023 856 1046 :
875 1007 1030 1046 Ἔπεται
1051 1012 1095 1047 δέ
1114 1023 1184 1056 μοι
1205 1012 1258 1058 τῷ
1281 1012 1383 1058 λόγῳ
1406 1011 1460 1058 τῷ
1475 1013 1516 1055 ἐς

814 1061 863 1097 τὰ
904 1060 1141 1107 ἀναθήματα
1181 1061 1228 1097 τὸ
1262 1061 1359 1107 μετὰ
1396 1062 1514 1098 τοῦτο

816 1110 1059 1156 ποιήσασθαι
1072 1112 1139 1146 κἀὶ
1155 1111 1280 1146 ἵππων
1291 1109 1515 1157 ἀγωνιστῶν

814 1160 975 1206 μνήμην
1003 1163 1069 1195 καὶ
1097 1158 1246 1208 ἀνδρῶν
1273 1159 1452 1206 ἀθλητῶν
1473 1172 1516 1195 τε

816 1213 881 1245 καὶ
905 1210 1063 1245 ἰδιωτῶν
1079 1208 1238 1255 ὁμοίως·
1261 1210 1338 1245 τῶν
1356 1210 1398 1245 δὲ
1412 1222 1518 1256 νικη-

816 1257 967 1295 σάντων
980 1258 1229 1304 Ὀλυμπίασιν
1245 1257 1319 1300 οὐχ
1334 1258 1518 1295 ἁπάντων

816 1311 915 1344 εἰσὶν
944 1308 1151 1354 ἑστηκότες
1180 1306 1406 1357 ἀνδριάντες
1432 1310 1514 1344 κτλ.

819 1379 856 1384 -
880 1359 1029 1402 Munere]
1061 1359 1273 1403 «ἑπινικίῳ,
1308 1361 1430 1400 cuius,
1454 1362 1515 1393 ut-

817 1410 901 1451 pote
932 1410 1085 1449 aeterni,
1120 1410 1235 1442 maius
1263 1410 1420 1451 pretium
1448 1411 1515 1452 est,

819 1466 928 1499 quam
938 1457 995 1490 vel
1011 1459 1157 1491 centum
1168 1459 1399 1491 statuarum.»
1416 1458 1514 1491 Pind.

818 1508 920 1539 Nem.
945 1507 984 1546 5,
1017 1507 1056 1538 ⁴:
1094 1502 1173 1539 Οὔκ
1200 1502 1518 1553 ἀνδριαντοποιός

819 1555 909 1597 εἰμ’,
938 1550 1028 1587 ὥστ’
1052 1554 1278 1589 ἐλινύσοντά
1302 1558 1342 1599 μ’
1370 1555 1517 1603 ἐργάζε-

819 1604 914 1637 σθαι
934 1600 1121 1648 ἀγάλματ’
1146 1605 1203 1638 ἐπ’
1226 1602 1348 1647 αὐτᾶς
1367 1605 1515 1650 βαθμί-

819 1652 887 1695 δος
902 1651 1104 1687 Ἕσταότα.

862 1728 917 1760 24.
962 1728 1076 1761 mobile·
1120 1738 1259 1770 sponsae
1308 1730 1520 1772 iuvenemve]

819 1777 874 1810 Ad
895 1778 1021 1819 partic.
1044 1787 1084 1810 ve
1108 1787 1128 1810 e
1152 1779 1396 1820 superioribus
1429 1788 1517 1821 sup—

818 1825 948 1869 plenda
982 1828 1072 1860 coni.
1114 1828 1153 1859 si.
1214 1829 1318 1861 «Sive
1352 1829 1520 1861 iuvenem

819 1878 979 1909 maestae
995 1885 1148 1918 sponsae
1163 1876 1294 1909 acerba
1310 1879 1425 1909 morte
1443 1887 1522 1910 ere—

819 1926 922 1967 ptum
958 1925 1157 1968 deplorat.»
1211 1926 1390 1967 Significat
1427 1924 1521 1973 θρή-

819 1984 912 2015 νους
926 2000 934 2015 ,
974 1983 1130 2015 quorum
1165 1974 1428 2016 pulcherrimae
1454 1975 1519 2008 ali-

820 2025 908 2066 quot
930 2025 1122 2065 supersunt
1143 2023 1325 2065 reliquiae.
1354 2043 1390 2048 —
1406 2024 1518 2067 flebili]

807 2074 855 2106 .h.
873 2073 896 2106 l.
915 2073 1105 2105 «lacrimas
1128 2073 1333 2114 fundenti»,
1357 2075 1398 2106 ut
1418 2075 1459 2107 A.
1478 2075 1515 2106 P.

821 2122 903 2155 ⁴23:
941 2123 1058 2164 flebilis
1088 2123 1166 2163 Ino,
1201 2132 1273 2155 non
1308 2122 1521 2165 «deploran-

821 2172 932 2211 dae»,
964 2173 1004 2204 ut
1019 2172 1089 2204 Od.
1116 2173 1155 2211 4,
1180 2171 1241 2212 24,
1267 2172 1299 2204 9.
1327 2173 1379 2205 40.
1418 2173 1517 2206 Conf.

820 2221 883 2253 Od.
908 2222 946 2260 2,
972 2221 1012 2260 9,
1038 2221 1076 2252 9:
1101 2221 1261 2263 flebilibus
1281 2222 1399 2254 modis.

863 2296 917 2327 22.
957 2295 1012 2327 23.
1051 2303 1223 2334 moresque
1248 2313 1268 2318 -
1292 2313 1312 2319 -
1335 2296 1516 2337 nigroque]

818 2344 951 2377 Versus
972 2345 1204 2385 hypermetri.
1236 2345 1429 2386 Utrumque
1459 2354 1522 2385 que

820 2392 1038 2434 colliquescit
1050 2402 1133 2426 cum
1143 2403 1201 2426 W.
1216 2402 1317 2435 seqq.
1333 2394 1384 2426 Cf.
1397 2395 1516 2427 Carm.

821 2443 898 2474 Sec.
912 2441 966 2475 47.
979 2442 1160 2484 —Aureosj
1171 2444 1400 2485 «purissimos
1408 2445 1521 2476 omni-

821 2499 890 2532 que
913 2490 1018 2523 laude
1045 2491 1203 2533 dignos.»
1242 2493 1460 2534 Antiphanes
1482 2493 1518 2525 in

820 2541 924 2574 Mein.
943 2541 997 2573 Fr.
1016 2542 1116 2575 Com.
1132 2543 1188 2574 111.
1207 2551 1242 2584 p.
1261 2542 1335 2575 ⁴24.
1364 2542 1408 2575 de
1423 2541 1520 2575 ἑταί-

821 2583 1033 2647 9a:³H1965·
1053 2600 1091 2623 τι
1111 2589 1284 2638 χρυσοῦν
1306 2589 1403 2638 πρὸς
1428 2588 1518 2638 ἀρε-

821 2636 892 2681 τὴν
907 2640 1153 2682 κεκτημένης.
1179 2642 1292 2674 Etiam
1309 2644 1430 2674 nostro
1445 2649 1520 2674 ser-

1256 2702 1292 2731 34
