1722 2904
254 72 335 114 668

793 74 964 106 HORATH
989 73 1159 105 EPODON

536 176 706 222 Othone
738 183 983 234 contempto
1015 176 1161 220 sedet!

478 258 592 310 Quid
623 258 770 301 attinet
800 264 860 300 tot
890 271 966 300 ora
998 258 1170 300 navium
1201 258 1320 315 gravi

537 341 732 382 Rostrata
763 339 862 383 duci
893 338 1087 396 pondere

480 421 637 464 Contra
666 420 855 463 latrones
886 426 1017 476 atque
1048 418 1248 462 servilem
1278 432 1452 462 manum

537 503 646 551 Hoc.
680 501 762 544 hoc
792 500 964 544 tribuno
995 499 1212 543 militum?

340 642 392 673 47.
419 642 494 683 ora]
520 649 604 672 aera
627 639 783 672 malebat
805 638 994 672 Bentleius.

251 758 398 800 poribus
422 758 552 790 tribuni
576 757 726 790 militum
746 757 955 799 angusticla-

251 808 298 840 vii
332 809 367 840 in
397 808 557 840 ordinem
586 809 792 849 equestrem
816 807 954 840 adscri-

251 857 441 890 bebantur.
490 857 559 889 Cfr.
585 858 803 898 Interpretes
828 856 874 889 ad
895 858 954 889 Iu-

253 916 334 939 ven.
353 908 392 946 7,
411 907 464 939 89.
491 907 634 938 Sueton.
654 907 731 938 Oth.
753 907 805 938 40.
829 907 952 948 Itaque

250 957 320 989 hoc
333 965 447 998 aeque
459 955 578 988 valere
587 958 727 997 poterat
739 958 774 989 et
787 957 831 988 de
842 956 953 988 Vedio

250 1007 338 1039 Rufo
351 1008 385 1038 et
394 1006 438 1038 de
446 1007 560 1039 Mena.
573 1024 608 1029 —
621 1006 744 1038 Othone
755 1006 951 1048 contempto]

251 1058 288 1088 L.
305 1056 452 1088 Roscius
466 1056 555 1088 Otho
572 1055 653 1088 trib.
668 1055 715 1097 pl.
731 1065 762 1088 a.
778 1065 813 1088 u.
829 1065 858 1089 c.
875 1057 951 1089 687.

250 1105 367 1146 legem
390 1104 483 1144 tulit,
513 1114 557 1137 ne
574 1106 653 1147 quis
669 1106 703 1137 in
720 1106 954 1147 quattuorde-

252 1157 321 1188 cim
337 1155 506 1196 gradibus
519 1155 743 1195 orchestrae,
761 1156 796 1187 in
813 1164 883 1197 qua
900 1164 955 1188 se-

251 1206 394 1237 natores
407 1204 592 1244 sedebant,
610 1206 779 1246 proximis
796 1206 951 1245 sederet,

256 1255 322 1287 nisi
354 1255 415 1296 qui
449 1263 560 1295 eques
590 1255 626 1287 et
655 1255 812 1296 equestri
843 1263 954 1288 censu

253 1306 359 1337 esset.
395 1305 469 1336 Hoc
493 1312 578 1345 ergo
595 1304 693 1336 dicit:
721 1305 873 1337 «Vedius
888 1314 954 1346 per

251 1355 405 1387 facinora
426 1363 491 1386 sua
515 1354 606 1386 adeo
630 1355 701 1386 iam
724 1354 823 1387 dives
841 1355 953 1387 sactus

251 1405 324 1443 est,
350 1404 390 1435 ut
411 1402 511 1435 facile
535 1403 649 1445 possit
671 1404 846 1436 Othonem
863 1405 954 1437 eius-

251 1462 321 1494 que
345 1452 462 1493 legem
477 1456 702 1493 contemnere,
727 1453 763 1485 id
787 1455 857 1494 est,
883 1454 952 1485 mi-

250 1503 345 1534 nime
370 1511 495 1534 curare
520 1511 587 1535 nec
610 1504 791 1542 metuere,
823 1512 867 1535 ne
890 1512 953 1535 co-

250 1552 404 1593 gnitione
439 1551 484 1584 de
520 1553 591 1585 suis
625 1552 772 1586 fortunis
797 1554 951 1585 instituta

251 1603 369 1634 minus
408 1611 517 1642 quam
556 1603 682 1635 CCCC.
710 1602 804 1635 milia
843 1603 884 1635 H.
915 1604 948 1635 S.

249 1651 434 1692 possidere
458 1652 691 1693 reperiatur.»
730 1653 953 1685 «Contemnit

250 1709 314 1732 sua
339 1709 422 1733 cum
445 1700 522 1742 lege
547 1702 738 1740 Othonem,
776 1703 836 1743 qui
866 1701 950 1734 nihil

250 1752 372 1782 contra
410 1749 504 1782 illam
539 1751 691 1783 admisit.
729 1752 849 1783 Iuven.
887 1752 947 1791 ⁴0,

251 1799 325 1831 423.
363 1800 407 1832 de
445 1801 633 1833 Cicerone:
669 1801 790 1833 Antoni
822 1801 952 1843 9ladios

244 1850 355 1889 potuit
376 1853 597 1890 contemnere,
628 1851 657 1882 si
680 1851 726 1882 sic
751 1851 871 1883 Omnia
897 1851 951 1883 di-

248 1900 360 1931 misset.
387 1900 493 1931 Tacit.
514 1901 602 1932 Ann.
622 1901 660 1939 2,
688 1900 748 1933 34:
774 1910 833 1933 nec
849 1919 867 1924 -
886 1901 951 1932 Ur-

249 1951 390 1991 9ulania
406 1946 658 1991 obtemperavit,
676 1952 711 1983 in
727 1952 861 1984 domum
872 1952 952 1984 Cae-

249 2001 337 2032 saris
363 2004 472 2040 spreto
503 2002 617 2034 Pisone
649 2001 742 2042 (nihil
775 2010 858 2034 eum
886 2011 951 2034 cu-

251 2050 343 2089 rans)
365 2054 493 2082 vecta.»
509 2053 692 2083 Gessmms.
718 2050 831 2083 Aliam
844 2051 950 2083 etiam

250 2108 402 2140 eamque
445 2100 698 2142 simpliciorem
738 2101 951 2142 interpreta—

250 2150 381 2181 tionem
404 2150 515 2182 verba
540 2151 664 2182 Othone
685 2154 868 2190 contempto
891 2151 951 2182 ad-

248 2199 402 2238 mittunt,
424 2203 531 2232 «trotz
547 2201 620 2232 dem
636 2201 750 2233 Gesetz
765 2201 820 2232 des
832 2201 946 2239 Otho»,

249 2248 309 2280 uhi
324 2248 498 2289 (Iuvenale
512 2251 716 2291 contempto
728 2250 759 2288 3,
773 2250 872 2282 452—AE
880 2250 946 2290 59.)

250 2298 435 2337 statueris,
472 2298 548 2340 lege
585 2299 708 2331 Roscia
741 2299 775 2330 id
804 2307 947 2340 quoque

1648 500 1702 544 20

1005 757 1194 790 damnatus
1225 758 1337 797 esset,
1369 757 1425 789 cui
1449 756 1545 799 apud
1568 757 1706 790 exerci-

1004 808 1081 839 tum
1103 806 1316 848 ignominiae
1339 815 1447 839 causa
1469 806 1557 839 ordo
1579 806 1705 840 adem—

1002 858 1084 898 ptus
1108 857 1220 895 esset,
1251 856 1312 897 qui
1335 864 1488 897 corpore
1513 857 1704 898 quaestum

1003 904 1264 937 lenociniumve
1289 905 1394 947 quive
1418 904 1623 938 lanistarum
1645 914 1705 938 ar-

1003 956 1122 986 temve
1166 953 1340 987 ludicram
1384 954 1567 994 faceret;»
1613 963 1704 996 quae

1006 1003 1116 1036 verba
1141 1005 1225 1048 sunt
1246 1004 1475 1045 Marquardtii
1489 1004 1571 1036 Hist.
1589 1005 1703 1044 Equit.

1002 1056 1095 1087 Rom.
1120 1064 1156 1097 p.
1182 1055 1237 1088 58.
1285 1055 1356 1088 Cfr.
1386 1056 1515 1097 Zumpt
1543 1055 1626 1088 itber
1653 1056 1706 1088 die

1002 1106 1095 1138 Ro'm.
1136 1106 1250 1138 Ritter.
1284 1105 1373 1137 Berl.
1405 1104 1567 1137 Abhandl.
1604 1105 1701 1138 ⁴839.

1003 1163 1084 1196 pag.
1110 1155 1163 1187 95.
1208 1182 1212 1188 .

1047 1205 1087 1237 ⁴7
1100 1222 1119 1228 -
1130 1205 1184 1237 20.
1219 1213 1282 1237 ora
1297 1221 1316 1228 -
1330 1222 1349 1228 -
1363 1203 1532 1245 Rostrata]
1569 1205 1704 1237 «rostra

1001 1255 1037 1286 in
1060 1255 1203 1286 navium
1226 1255 1376 1296 proris.»
1402 1254 1475 1286 Etsi
1490 1254 1566 1287 sine
1584 1262 1705 1286 exem-

1001 1303 1058 1345 plo
1097 1303 1232 1336 dictum
1269 1303 1426 1343 videtur,
1475 1312 1547 1336 non
1583 1304 1704 1336 tamen

1001 1355 1191 1395 propterea
1228 1353 1441 1386 mutandum
1475 1362 1558 1386 cum
1593 1353 1705 1385 Sana-

1003 1403 1096 1435 dono
1127 1403 1162 1435 in
1189 1405 1303 1435 rostra
1316 1420 1335 1426 -
1350 1420 1370 1426 -
1384 1402 1512 1435 Aerata
1532 1401 1590 1435 vel
1619 1410 1703 1434 cum

1002 1452 1160 1485 Bentleio
1183 1453 1219 1484 in
1239 1451 1383 1493 volgare
1405 1450 1490 1484 illud
1510 1461 1611 1484 aera:
1636 1459 1704 1484 nec

1003 1511 1087 1534 vero
1111 1502 1186 1534 sine
1210 1510 1317 1534 causa
1332 1501 1456 1534 Bosius
1470 1509 1550 1543 pag.
1568 1500 1623 1534 47.
1641 1500 1705 1534 du-

1001 1551 1110 1591 bitat,
1138 1560 1224 1584 num
1247 1560 1332 1583 aera
1355 1554 1505 1583 rostrata
1527 1551 1612 1584 satis
1635 1551 1704 1583 La—

1002 1602 1072 1633 tine
1104 1601 1172 1634 dici
1201 1601 1356 1643 possint,
1391 1601 1581 1643 propterea
1606 1599 1704 1642 quod

1001 1660 1057 1684 aes
1089 1660 1155 1693 pro
1190 1652 1268 1693 ipso
1302 1651 1418 1683 rostro
1451 1651 1604 1692 ponatur
1619 1675 1627 1691 ‚
1663 1651 1703 1682 ut

1001 1703 1087 1734 Aen.
1111 1702 1124 1733 ⁴
1144 1726 1150 1740 ‚
1177 1700 1239 1733 39:
1263 1709 1400 1741 spwnas
1421 1700 1501 1732 salis
1521 1709 1600 1732 aere
1621 1708 1703 1732 rue-

1001 1751 1091 1782 bant.
1131 1749 1201 1782 Cfr.
1227 1749 1329 1782 Diod.
1355 1749 1422 1782 Sic.
1449 1749 1510 1789 ⁴3,
1535 1748 1595 1782 40:
1620 1752 1702 1790 τοῖς

1001 1797 1173 1842 στόμασι
1195 1796 1270 1832 τῶν
1285 1796 1475 1842 ἐμβόλων.
1496 1817 1532 1822 -
1548 1799 1649 1840 aravi
1663 1816 1703 1823 ——

994 1849 1158 1891 pondere]
1190 1848 1236 1881 ob
1260 1849 1375 1891 ipsam
1397 1849 1543 1881 navium
1565 1850 1702 1890 magni-

1000 1899 1172 1932 tudinem.
1201 1917 1236 1921 —
1262 1898 1419 1940 latrones]
1447 1898 1560 1937 «Quid
1589 1898 1702 1940 prod-

1001 1943 1056 1981 est
1090 1948 1220 1981 armari
1255 1947 1408 1981 classem
1430 1948 1480 1980 ab
1513 1949 1701 1981 Octaviano

1001 1999 1123 2030 contra
1139 1997 1302 2038 fugitivos
1313 2023 1321 2037 ,
1347 2006 1438 2039 quos
1455 1997 1605 2030 armavit
1619 1998 1698 2030 Sex.

1000 2048 1207 2089 Pompeius,
1234 2048 1263 2080 si
1288 2046 1437 2086 Vedius,
1462 2046 1547 2079 olim
1574 2055 1701 2080 servus

999 2106 1042 2129 ac
1065 2096 1174 2136 latro⁷
1206 2095 1370 2129 tribunus
1393 2105 1488 2129 nunc
1511 2095 1624 2129 factus
1646 2096 1720 2128 est,

999 2145 1148 2179 militum
1188 2146 1225 2178 et
1269 2143 1394 2179 classis
1437 2145 1667 2187 praefectus?
1682 2158 1702 2181 n.

999 2196 1120 2227 Senon.
1163 2193 1285 2227 Florus
1309 2193 1347 2234 4,
1365 2194 1398 2234 8,
1416 2195 1455 2227 2:
1483 2194 1573 2235 (Sex.
1591 2195 1699 2227 Pom-

998 2245 1116 2286 peius)
1157 2244 1183 2275 O
1215 2253 1319 2284 quam
1354 2244 1502 2276 diversus
1531 2253 1554 2276 a
1576 2246 1697 2285 patre!

997 2295 1054 2326 Ille
1089 2294 1208 2327 Cilicas
1242 2294 1467 2326 exstinxerat:
1505 2294 1557 2325 hic
1589 2302 1700 2326 secum

250 2349 393 2379 cautum
410 2348 534 2387 fuisse,
556 2358 619 2380 «ne
636 2350 670 2380 in
686 2349 772 2381 XIV.
791 2348 944 2388 sederet,
993 2344 1129 2384 piratas
1149 2343 1287 2375 navales
1309 2343 1472 2385 ayitabat.
1511 2343 1562 2375 Ac
1578 2342 1623 2375 de
1640 2352 1700 2375 eo-

250 2397 308 2437 qui
344 2406 460 2438 neque
497 2399 668 2439 ingenuus
704 2407 820 2439 neque
861 2399 946 2430 civis
998 2392 1081 2425 dem
1118 2394 1247 2425 Lucan·
1277 2393 1311 2431 ⁴,
1349 2392 1407 2425 432
1448 2393 1582 2425 servilia
1613 2392 1699 2425 bella

250 2449 343 2478 esset
362 2448 555 2487 Romanus,
584 2449 641 2489 qui
661 2448 787 2480 iudicio
804 2447 946 2489 publico
996 2442 1056 2473 sub
1079 2442 1194 2474 Aema-
