1722 2904
666 49 745 81 nm.
771 49 826 80 ΙΙΙ.

873 50 911 81 c.
938 49 1022 81 xm.
1474 50 1556 93 423

577 393 1085 434 cmm

444 466 585 492 *l—
636 468 798 504 glus)

506 493 510 501 Ι

339 477 506 550 (Trous

506 557 514 568 ι

955 468 1107 503 μα’)
1148 456 1186 477 ‘²

529 498 793 567 Bandusiae?
825 488 1101 573 splendidior!
1119 475 1248 549 vitre,

200 624 285 657 XIII.
310 625 419 656 Inscr.
444 622 535 665 volg.
559 624 610 656 Ad
629 624 752 665 fontem
771 625 978 665 Bandusiae,
1003 626 1039 657 et
1060 625 1111 658 sic
1125 626 1190 664 BT,
1216 626 1301 658 item
1316 627 1352 666 S,
1377 627 1512 660 addens

153 674 297 714 pseueice
320 674 366 715 (id
390 675 462 712 est,
493 670 775 719 προσευκτική).
803 691 842 698 -

873 674 912 706 ιη
932 674 1057 715 fontan
1076 673 1114 707 b.
1142 693 1178 698 -
1203 675 1254 707 Λα
1273 675 1398 717 sontem
1418 677 1512 709 Ban-

157 725 310 756 dusinum
331 724 388 764 qm·
410 727 458 755 est
478 724 514 755 in
529 723 660 755 Sabinis
675 733 706 755 c.
726 741 764 747 -—
783 724 814 755 4.
831 724 1033 756 Blandusiae
1046 723 1124 763 h,L.
1151 725 1203 765 (Ut
1219 734 1295 764 nos,
1321 726 1510 766 BsTcdssx

158 782 262 806 «cum
285 773 398 806 tribus
420 772 506 805 aliis.
514 773 543 814 n)

155 885 241 916 XIII.
281 883 511 917 Praelusurus
544 884 716 917 sacrificio
749 893 809 917 se-

113 935 244 975 quente
268 933 325 966 die
348 933 533 966 offerendo
555 933 675 966 laudat
691 942 811 966 amoe-

113 983 298 1016 nissimum
332 983 466 1016 fontem
487 983 740 1016 Bandusinum.
767 979 806 1007 —‘

114 1033 297 1074 (rontium.
315 1032 433 1074 quiab
444 1033 574 1066 accolis
586 1032 807 1073 colebantur,

113 1080 313 1123 complures
345 1083 428 1114 sunt
461 1082 711 1124 Inscriptiones
741 1083 808 1114 La-

110 1131 227 1170 tinae3
272 1130 469 1174 permultae
503 1133 623 1164 tamen
656 1131 809 1164 subditi-

112 1181 213 1221 ciae.)
248 1197 287 1205 —
326 1181 539 1214 Bandusiam
573 1182 676 1214 sitam
699 1182 806 1215 tuisse

109 1230 167 1262 VI.
191 1229 286 1263 milia
307 1239 478 1272 passuum
500 1239 522 1263 a
536 1231 688 1264 Venusia
711 1240 808 1264 com-

110 1281 252 1320 pertum
280 1279 456 1312 habemus
480 1289 523 1312 ex
546 1280 685 1313 mediae
708 1282 807 1313 aeta-

110 1329 154 1361 tis
187 1328 411 1361 documentis
445 1329 536 1370 (anni
567 1330 677 1371 4403.)
711 1330 805 1371 apud

109 1379 237 1418 Fciam,
273 1379 309 1411 in
339 1378 469 1420 quibus
497 1380 651 1420 iungitur
676 1380 806 1421 partim

110 1436 194 1460 cum
214 1429 337 1460 Bantio
360 1430 396 1460 et
418 1429 631 1461 Acheruntia
666 1428 740 1470 (Od.
769 1429 802 1469 3,

108 1476 148 1516 4,
174 1478 255 1519 45.),
285 1479 415 1520 partim
437 1479 488 1511 sic
511 1478 734 1519 designatur:
765 1480 806 1511 Iu

106 1535 292 1560 nmnrsnvo
303 1535 412 1560 rom-13
426 1536 511 1559 Arm
527 1536 699 1561 vmsun.
716 1529 805 1560 Ban-

107 1575 229 1608 dusiae
258 1576 336 1609 fons
366 1578 510 1609 auctore
533 1577 745 1609 Lombardio
767 1577 803 1609 in

106 1626 206 1658 Μοηι.
231 1626 336 1658 Instit.
366 1626 510 1658 archeol.
536 1626 632 1659 4834.
664 1635 700 1668 p.
724 1627 800 1658 22⁴.

107 1675 180 1714 est,
211 1675 271 1715 qui
292 1683 387 1707 nunc
409 1674 605 1716 appellatur
625 1676 800 1708 Sambuco.

105 1724 180 1755 lam
202 1732 286 1756 cum
306 1732 432 1765 parum
455 1724 639 1766 probabile
668 1726 713 1757 sit
733 1726 803 1758 hoe

106 1773 198 1805 tertii
219 1773 300 1806 libri
322 1782 468 1806 carmen
490 1773 604 1806 solum
627 1775 699 1807 iam
714 1783 746 1806 a.
764 1784 800 1806 u.

106 1831 138 1854 c,
155 1823 246 1863 7⁴7„
265 1831 337 1864 quo
352 1823 500 1855 fortasse
509 1824 683 1856 Venusiae
698 1825 803 1856 fuerit

106 1873 286 1912 Horatius,
322 1874 557 1914 compositum
581 1882 677 1913 esse,
718 1883 802 1906 cum

106 1923 226 1954 cetera
252 1922 439 1955 videantur
464 1923 643 1964 pertinere
667 1923 712 1955 ad
735 1923 801 1955 de-

105 1972 273 2011 cennium
304 1971 398 2003 inter
429 1980 542 2004 annos
578 1972 776 2004 725-736.
790 1998 798 2013 ,

105 2028 177 2061 quo
199 2021 359 2062 tempore
382 2021 439 2052 vix
465 2021 500 2053 in
522 2022 676 2062 patrium
698 2023 801 2063 oppi-

104 2069 191 2101 dum
212 2078 379 2102 reversus
402 2071 473 2109 est,
508 2079 575 2102 nec
598 2070 698 2103 facile
720 2081 798 2104 rem

104 2118 259 2151 divinam
293 2119 411 2152 facere
444 2121 583 2161 poterat
615 2121 701 2153 fonti
735 2121 799 2153 ali-

105 2169 276 2210 quantum
291 2177 311 2200 a
326 2170 478 2202 Venusia
494 2170 616 2203 dissito
630 2196 637 2210 ‚
663 2171 798 2203 circum

104 2226 213 2258 quem
235 2227 300 2259 pro
321 2219 418 2250 certo
433 2219 580 2252 fundum
595 2229 666 2252 non
680 2221 798 2262 possi-

103 2266 228 2306 debat,
252 2267 343 2299 inter
366 2267 543 2309 duplicem
564 2269 609 2301 de
632 2270 797 2302 carminis

104 2317 196 2348 statu
218 2318 429 2350 sententiam
452 2319 576 2351 incerti
591 2320 794 2352 haeremus.

103 2366 241 2398 Etenim
267 2368 328 2398 aut
347 2368 461 2399 totum
482 2368 611 2409 prodiit
630 2378 675 2400 ex
696 2378 797 2408 φαν-

102 2416 218 2458 τασίᾳ
233 2414 410 2462 ποιητικῇ
421 2441 430 2456 ,
455 2418 490 2449 in
506 2426 575 2458 qua
591 2426 677 2450 sane
690 2419 797 2450 etiam

102 2462 187 2495 illud
208 2465 340 2497 audere
363 2468 518 2507 poterat:
555 2467 638 2499 cm
653 2467 798 2499 donabe—

102 2513 151 2544 ris
171 2513 292 2552 haedo;
327 2517 367 2547 ut
399 2515 444 2547 sit
466 2516 568 2556 igitur
589 2513 795 2556 εἰδύλλιον,

103 2570 174 2602 quo
189 2562 286 2604 fingit
301 2573 340 2596 se
356 2565 391 2596 in
407 2574 450 2597 eo
466 2573 545 2597 esse
556 2590 564 2604 ,
589 2567 628 2597 ut
642 2565 727 2598 fonti
743 2575 799 2599 sa-

103 2611 273 2646 crificium
289 2615 453 2655 apparet,
471 2614 526 2646 cui
542 2622 650 2647 suave
666 2624 796 2648 nomen

857 885 1005 926 imponit
1036 885 1142 918 fontis
1173 885 1256 919 inde
1289 895 1311 919 a
1343 896 1456 929 puero
1487 889 1554 922 sibi

857 935 931 966 noti
954 943 996 967 ac
1019 935 1130 976 grati:
1162 937 1239 975 aut,
1264 937 1294 969 si
1317 936 1362 969 de
1385 946 1472 970 vero
1495 947 1556 971 sa-

858 983 990 1016 crificio
1013 983 1229 1017 celebrando
1251 984 1426 1027 loquitur,
1455 989 1555 1028 grata

855 1031 1044 1074 aliquando
1065 1043 1187 1067 rerum
1208 1037 1404 1077 patriarum
1431 1046 1558 1070 recor-

856 1082 999 1115 datione
1027 1084 1143 1116 tactus
1157 1109 1165 1123 ‚
1198 1093 1264 1117 suo
1286 1085 1363 1117 iure
1386 1085 1472 1118 fonti
1494 1087 1556 1119 Di-

856 1132 994 1173 gentiae
1019 1133 1084 1165 rivi
1118 1133 1199 1175 (non
1227 1134 1304 1166 rivo
1328 1134 1406 1176 ipsi)
1429 1136 1466 1168 in
1492 1137 1554 1169 Sa-

854 1180 939 1214 bino
962 1190 1027 1214 suo
1049 1182 1247 1216 Bandusiae
1269 1185 1472 1225 precarium
1494 1195 1558 1218 no-

854 1239 939 1263 men
953 1231 1090 1264 indidit.
1140 1233 1321 1274 Digentiae
1338 1237 1459 1267 autem
1474 1235 1555 1268 fon-

854 1281 928 1312 tem
942 1281 1066 1321 hodie‚
1089 1282 1395 1323 quemadmodum
1410 1286 1555 1318 narrant

853 1329 1019 1363 itinerum
1034 1331 1247 1372 Scriptores,
1265 1332 1408 1365 accolae
1418 1359 1426 1373 ‚
1443 1335 1483 1366 ut
1498 1335 1555 1367 est

853 1387 1046 1420 amoenus,
1078 1382 1208 1414 vocant
1228 1382 1331 1414 Fonte
1352 1382 1444 1415 bello.
1492 1385 1553 1416 In-

853 1430 908 1460 ter
929 1428 1015 1462 alios
1046 1439 1130 1462 eum
1164 1430 1353 1473 descripsit
1384 1433 1553 1466 Eichholz

852 1478 913 1520 (im
951 1479 1197 1521 Freimutmyen
1231 1481 1328 1514 4806.
1364 1482 1401 1514 S.
1436 1483 1547 1524 275.):

851 1528 898 1560 Es
930 1529 1067 1560 standan
1089 1539 1135 1561 an
1162 1531 1222 1562 der
1242 1531 1432 1572 Berthhe,
1466 1533 1551 1565 noch

851 1581 955 1610 etwas
973 1578 1056 1610 iiber
1077 1579 1137 1611 der
1162 1580 1258 1619 Villa,
1282 1581 1349 1621 auf
1365 1582 1456 1613 einer
1471 1583 1550 1614 wil-

851 1628 914 1659 den
938 1628 1045 1659 Wiese
1063 1630 1266 1661 romantisch
1287 1630 1354 1662 seia
1380 1631 1433 1662 ein
1455 1632 1548 1663 Paar

852 1677 1053 1717 Cypressen,
1102 1687 1167 1710 von
1200 1679 1304 1711 denen
1336 1680 1389 1711 ein
1421 1681 1549 1713 Ποίησι-

852 1727 945 1766 Quell
971 1728 1158 1759 rauschend
1182 1728 1265 1760 iiber
1290 1730 1399 1763 K'wsel
1427 1731 1551 1763 hinun-

851 1776 974 1808 tereilte
994 1777 1030 1808 in
1053 1778 1115 1809 den
1139 1778 1341 1819 Halm-und.
1388 1781 1550 1814 Priorem

850 1826 1043 1866 rationem,
1076 1836 1167 1868 quae
1191 1830 1470 1875 ποιητικωτέρα
1491 1831 1549 1862 vi-

851 1874 971 1915 detur,
1003 1876 1171 1916 equidem
1200 1878 1377 1918 praefero.
1424 1879 1551 1911 Fateor

851 1925 946 1956 enim
989 1924 1138 1958 alteram
1176 1928 1275 1959 certo
1319 1927 1549 1961 fundamento

850 1982 964 2014 aeque
989 1984 1111 2007 carere
1133 1977 1239 2016 atque
1263 1976 1418 2009 fabulam
1440 1977 1546 2018 illam,

850 2031 958 2064 quam
986 2026 1109 2056 narrat
1139 2025 1274 2057 Weber
1314 2026 1430 2058 Horaz
1463 2036 1545 2068 pag.

847 2073 923 2105 277.
956 2073 1000 2105 de
1037 2074 1163 2106 itinere
1193 2074 1374 2107 Venusino
1407 2085 1439 2108 a.
1469 2077 1544 2108 747.

847 2124 1014 2164 suscepto
1029 2148 1036 2161 ,
1056 2123 1290 2156 «Bandusiam
1305 2126 1425 2158 autem
1441 2127 1546 2158 sitam

847 2171 953 2204 fuisse
986 2174 1134 2213 propter
1165 2172 1295 2205 Ofellae
1332 2175 1520 2215 praedium
1536 2201 1544 2215 ,

846 2220 942 2262 apud
966 2229 1083 2265 *quem
1116 2223 1201 2254 tunc
1234 2222 1429 2256 deversans
1463 2225 1546 2256 huic

846 2271 944 2302 Fonti
966 2279 1043 2302 rem
1068 2271 1223 2304 divinam
1250 2272 1408 2305 fecerit.»
1454 2273 1543 2306 Illud

845 2328 932 2351 vero
968 2329 1096 2361 parum
1132 2321 1317 2362 probabile
1355 2324 1426 2363 est,
1473 2324 1545 2356 iam

846 2369 1037 2409 antiquitus
1068 2369 1155 2403 duas
1188 2370 1296 2404 fuisse
1333 2372 1541 2412 Bandusias,

845 2426 952 2450 unam
976 2427 1087 2460 prope
1109 2420 1321 2460 Venusiam,
1346 2420 1493 2453 alteram
1508 2422 1544 2453 in

846 2467 983 2499 Sabinis
997 2493 1005 2507 ,
1030 2470 1070 2500 ut
1090 2468 1162 2502 volt
1182 2471 1320 2503 Acron:
1348 2470 1543 2503 «Bandusia

846 2516 1049 2550 Sabinensis
1063 2519 1160 2559 regio
1177 2521 1248 2559 est,
1273 2520 1309 2552 in
1325 2528 1395 2561 qua
1410 2521 1544 2552 Horatii

847 2575 931 2607 ager
946 2566 1042 2599 mit.»
1063 2567 1244 2608 (Ceterum
1259 2570 1349 2601 haec
1364 2570 1483 2601 omnia
1498 2579 1542 2602 ex

847 2616 888 2648 iis
900 2617 981 2648 sunt
991 2641 999 2656 ,
1027 2625 1119 2658 quae
1130 2620 1276 2659 propter
1286 2619 1539 2659 ignorationem
