1722 2904
196 69 276 111 464

707 71 875 105 HORATII
901 73 1126 108 CARMINUM

365 176 421 218 Te
451 173 578 218 Liber
609 181 668 225 et,
702 176 738 218 si
768 175 878 219 laeta
908 176 1064 227 aderit,
1097 178 1239 221 Venus

367 256 618 313 Segnesque
649 255 810 299 nodum
840 257 1009 301 solvere
1041 258 1210 302 Gratiae

420 335 638 394 Vivaeque
668 337 908 394 producent
935 338 1159 390 lucernae,

476 419 586 460 Dum
618 418 789 461 rediens
819 419 935 476 fugat
962 426 1075 463 astra
1106 419 1318 463 Phoebus.

283 550 336 583 ¹24.
363 550 448 592 fugit
471 551 507 581 T.

196 669 348 707 fiuntur,
376 669 519 710 copiose
542 666 680 709 collegit
694 667 834 700 Liibker
853 676 888 709 p.

196 718 271 752 488.
303 716 399 750 Plato
430 717 474 750 de
499 718 603 758 Legg.
630 718 660 749 4.
685 726 720 758 p.
747 716 823 750 649.
848 719 888 749 A.

196 768 294 800 Ovid.
319 769 359 800 A.
384 769 424 800 A.
460 768 497 808 4,
523 767 610 800 237ε
653 767 738 799 Vina
760 770 892 808 parant

195 818 325 850 (mimos
355 817 548 859 faciwntque
577 816 743 849 caloribus
773 820 891 857 aptos:

196 867 287 899 Cura
317 867 404 908 fugit
431 866 534 899 multo
562 866 766 905 diluiturque
786 875 889 898 mero.

197 917 284 948 Twnc
315 917 452 949 veniunt
483 917 592 948 risus:
643 919 720 948 tunc
759 925 894 957 pauper

194 975 322 998 cornua
344 967 468 998 sumit:
510 967 598 998 Tunc
620 967 715 998 dolor
737 969 768 998 et
790 974 893 998 curae

193 1025 347 1058 rugaque
377 1017 497 1057 frontis
529 1015 609 1048 abit.
663 1016 751 1048 Tunc
785 1016 894 1057 aperit

194 1070 316 1098 mentes
348 1075 430 1098 aevo
458 1066 636 1098 rarissima
662 1068 775 1098 nostro
803 1066 893 1098 Sim-

191 1116 341 1157 plicitas,
367 1119 458 1148 artes
479 1115 663 1147 excutiente
685 1115 754 1147 deo,

238 1166 293 1198 24.
319 1166 373 1198 22.
399 1166 427 1197 si
449 1165 557 1207 laeta]
575 1167 690 1206 'atque
712 1164 792 1196 ideo
807 1173 894 1206 pro-

194 1216 291 1258 pitia.
320 1234 356 1238 —
385 1216 500 1258 Venus]
526 1215 667 1247 Talibus
692 1215 787 1247 enim
811 1223 894 1246 con-

194 1266 295 1298 viviis
329 1265 422 1297 inter
457 1266 592 1298 amicos
626 1265 767 1297 intimos
798 1262 895 1296 cele-

194 1315 305 1347 bratis
328 1314 446 1348 faciles
462 1316 596 1347 amicae
621 1314 892 1353 adhibebantur,

195 1366 234 1397 ut
267 1366 322 1398 est
354 1364 538 1406 aliquoties
573 1364 666 1406 apud
698 1364 891 1396 Horatium.

198 1431 235 1437 -
260 1414 444 1456 segnesque
466 1415 589 1446 nodum
611 1413 750 1455 solvere]
782 1421 895 1445 «nun-

197 1472 306 1505 quam
329 1463 542 1496 solventes.»
602 1463 720 1504 Eurip.
754 1460 891 1504 Hippol.

197 1512 300 1546 4447:
335 1514 508 1557 συζυγίαι
540 1510 716 1559 Χάριτες.
758 1513 893 1544 Seneca

197 1562 242 1595 de
276 1563 430 1596 Benefic.
469 1564 507 1603 4,
545 1563 583 1595 3:
635 1564 725 1594 Num
760 1562 892 1601 dicam,

197 1621 303 1652 quare
324 1615 390 1644 tres
413 1612 554 1644 Gratiae
575 1615 606 1644 et
629 1620 733 1652 quare
766 1619 896 1642 sorores

195 1661 261 1693 siut
276 1664 307 1693 et
325 1670 431 1701 quare
451 1661 606 1693 manibus
626 1661 780 1701 implexis
793 1660 810 1692 P
823 1678 839 1683 -
851 1678 868 1683 -
880 1677 897 1683 -

198 1712 284 1752 Quid
304 1711 358 1743 ille
384 1712 541 1743 consertis
566 1711 719 1743 manibus
741 1711 777 1742 in
791 1719 824 1742 se
838 1719 896 1742 re-

197 1762 366 1793 deuntium
386 1760 532 1793 chorus?
561 1760 625 1792 Alii
649 1760 743 1793 nodo
767 1760 813 1792 ad
832 1769 895 1792 zo-

197 1820 282 1843 nam
308 1810 418 1843 relato
453 1810 628 1852 explicant
667 1810 893 1842 «decentes»

200 1861 274 1902 (Od.
293 1861 325 1901 4,
343 1860 375 1901 4,
394 1861 438 1901 6.)
462 1862 507 1893 At
521 1860 658 1893 vid.0d.
679 1861 710 1900 4,
729 1860 782 1899 30,
802 1860 833 1891 5.
860 1858 891 1898 3,

200 1911 253 1951 49,
272 1911 325 1943 47.
353 1910 497 1952 (Eadem
522 1910 782 1943 constructione
798 1909 892 1950 Virg.

199 1961 284 1992 Aen.
311 1961 370 2001 44,
396 1960 481 1993 736:
506 1960 548 1992 At
568 1969 635 1992 non
649 1977 668 1983 -
684 1977 702 1983 -
718 1968 862 2001 seques·
876 1977 895 1982 —

940 668 1146 708 Eoespectare
1175 668 1313 712 dapes.)
1345 670 1480 704 Gratias
1514 671 1642 705 iunctis

942 717 1107 751 manibus
1147 718 1354 752 incedentes
1387 719 1468 752 vide
1504 721 1539 753 in
1572 722 1642 754 Ara

942 767 1179 809 Borghesiana
1190 768 1347 801 Visconti
1357 769 1506 802 Momm.
1523 769 1644 803 Gabini

941 817 1024 859 A99.
1044 826 1078 850 a.
1097 817 1127 849 b.
1146 827 1175 850 c.
1200 817 1325 852 Miiller
1338 819 1477 852 Denkm.
1497 820 1534 852 T.
1553 820 1640 852 XIII.

942 866 996 899 43.
1025 885 1061 891 —-
1087 867 1245 910 Gratiae]
1270 868 1346 901 sine
1368 869 1539 910 imagine:
1573 869 1645 901 «iu-

943 917 1049 949 cundi
1072 926 1114 950 ac
1138 917 1244 960 lepidi
1267 926 1452 952 sermones
1476 928 1497 951 a
1519 919 1643 961 quavis

944 966 1170 1000 altercatione
1189 969 1333 1008 remoti,
1358 969 1398 1000 ut
1413 968 1519 1002 decet
1532 969 1646 1002 homi-

943 1026 1008 1050 nes
1024 1018 1120 1050 omni
1142 1018 1213 1050 vita
1237 1019 1343 1059 atque
1366 1019 1463 1051 victu
1486 1017 1643 1052 excultos

943 1068 1049 1109 atque
1078 1066 1285 1109 expolitos.»

986 1117 1040 1150 23.
1079 1117 1198 1160 Vivae]
1235 1117 1465 1158 «ardentes»,
1507 1119 1545 1151 ut
1575 1117 1642 1151 alio

943 1168 1045 1208 tropo
1069 1167 1132 1200 Od.
1151 1167 1189 1208 3,
1206 1167 1227 1200 8
1240 1193 1247 1207 ,
1266 1166 1318 1200 44.
1354 1168 1470 1210 viqiles
1491 1168 1645 1200 lucernas

944 1216 1038 1248 dixit.
1073 1235 1110 1239 —
1147 1217 1220 1249 Te-
1235 1217 1467 1260 -producent1
1497 1218 1641 1260 proprie

945 1266 1164 1305 convivium,
1192 1266 1270 1299 «cui
1292 1267 1347 1306 tu,
1372 1267 1562 1308 amphora,
1586 1267 1642 1300 vi-

945 1325 1031 1348 num
1046 1316 1259 1348 ministras.»
1285 1317 1355 1348 Sat.
1375 1317 1406 1357 4,
1425 1318 1458 1357 5,
1477 1317 1542 1350 70:
1566 1326 1642 1350 coe-

943 1375 1024 1398 nam
1045 1366 1270 1406 produ-mimus
1294 1366 1408 1406 illam,
1433 1366 1490 1399 hic
1512 1367 1642 1407 vinum,

945 1416 1044 1448 cuius
1067 1424 1135 1458 ope
1159 1414 1244 1448 illud
1266 1416 1421 1449 maxime
1447 1416 1641 1459 perficitur.

943 1467 1018 1498 Iam
1062 1473 1148 1497 vero
1189 1466 1433 1499 conviviorum
1451 1468 1453 1470 ’
1473 1466 1619 1498 numina
1634 1491 1642 1506 ,

945 1514 1065 1554 Liber,
1101 1514 1238 1555 Venus,
1275 1516 1436 1556 Gratiae,
1466 1515 1536 1548 hoc
1559 1524 1644 1548 cum

944 1563 1092 1597 Messala
1135 1562 1391 1597 celebrandum
1430 1565 1646 1607 protendent

944 1623 1057 1655 usque
1087 1613 1133 1645 ad
1163 1614 1317 1655 primam
1344 1613 1463 1647 lucem
1485 1623 1553 1647 nec
1575 1623 1645 1647 un-

945 1671 1054 1704 quam
1070 1663 1337 1705 exstinguentur
1351 1662 1530 1704 lucernae,
1549 1672 1643 1706 quae

943 1713 1042 1754 ipsae
1067 1712 1262 1745 admodum
1278 1713 1417 1755 poetice
1440 1713 1644 1746 numinibus

945 1761 1009 1794 illis
1044 1762 1194 1795 hilarem
1227 1763 1527 1805 compotationem
1558 1771 1645 1805 pro·-

945 1812 1156 1845 ducentibus
1184 1813 1374 1845 sociantur.
1424 1813 1582 1855 Propert.
1609 1812 1642 1854 4,

945 1863 977 1902 6,
1003 1862 1064 1894 85:
1103 1863 1159 1894 Sic
1180 1866 1308 1895 noctem
1323 1866 1471 1904 patera,
1509 1863 1557 1895 sic
1579 1863 1644 1895 du—

945 1920 1020 1943 cam
1041 1912 1208 1953 carmine,
1244 1913 1345 1946 donec
1374 1913 1508 1945 Iniioiat
1527 1912 1645 1945 radios

946 1962 982 1993 in
1003 1970 1080 1994 mea
1101 1962 1183 1994 vina
1205 1962 1284 1995 dies.

825 2224 1070 2239 Ν
