1722 2904
579 93 658 127 Lm.
683 92 740 126 111.
787 93 827 126 C.
851 93 953 126 XXV.

252 197 444 242 Hebrum
472 196 744 254 prospiciens
774 201 815 239 et
843 195 942 238 nive
971 193 1198 239 candidam

1474 193 1528 236 ⁴0

196 277 390 322 Thracen
425 291 476 321 ac
503 275 617 335 pede
646 275 833 320 barbaro

251 359 492 402 Lustratam
520 356 775 414 Rhodopen,
806 362 853 399 ut
882 355 983 398 mihi
1013 355 1141 399 devio

198 463 328 520 Ripas
357 469 399 506 et
426 475 611 506 vacuum
643 474 795 506 nemus

173 606 226 638 42.
251 614 293 638 uc
313 605 395 638 mihi
409 614 430 638 e
445 604 558 638 tribus
582 605 726 646 Cruquii
742 605 823 646 (nou
838 603 973 645 Bland.)
995 602 1107 637 Beutl.
1134 604 1260 645 (Nostri
1283 605 1319 637 et
1340 603 1487 638 Bentleii

125 657 164 687 ut
183 654 289 696 mihi.)
316 673 352 678 —-
378 655 431 687 ⁴3.
455 655 557 695 Ripae
579 654 691 686 nostri
713 655 748 686 et
770 652 979 686 Bentleiani:
1005 654 1112 694 Rupes
1133 653 1288 686 Pottierii
1312 653 1349 692 ⁴,
1375 654 1416 694 2,
1442 653 1481 693 4,

58 723 65 726 >
126 704 228 744 e,·1,

82 832 259 866 maulam
279 833 377 874 mois
422 833 582 874 Propert.
599 830 639 872 4,
656 831 695 871 4,
716 830 777 863 7⁴‘:

82 881 146 914 Illa
159 882 251 923 nuc,
276 881 386 922 qualis
406 881 543 914 celerem
559 889 668 921 propo
685 880 782 913 Ἠιον-

83 931 242 964 modonea
281 931 468 971 Strymonis
500 930 641 962 abscisso
672 930 781 971 fertur

83 983 206 1021 operta
244 980 330 1013 siim
371 979 521 1012 Omnino
555 980 591 1011 in
631 979 687 1012 his
720 988 778 1012 vv.

82 1030 188 1071 poeta
222 1029 386 1072 exprimit
421 1036 603 1061 summum
642 1027 780 1061 ἐνθου-

82 1076 255 1120 σιασμοῦ
270 1077 433 1111 Bacch'iei
443 1078 606 1119 gradum,
619 1078 778 1117 minime,

81 1127 122 1159 ut
142 1126 199 1159 alii
219 1126 364 1167 volunt,
390 1127 601 1159 «remissum
622 1126 780 1159 furorem

82 1176 190 1217 atque
205 1174 386 1218 paullatim
401 1175 627 1215 abeuntem»
644 1175 690 1208 de
706 1184 777 1217 quo

84 1223 241 1257 Catullus
268 1224 305 1256 in
327 1223 521 1257 Galliambo
537 1233 569 1256 c.
587 1223 640 1256 63.
658 1233 692 1256 v.
710 1224 752 1256 38
767 1233 775 1255 :

81 1274 156 1306 Aba
186 1274 224 1306 in
256 1274 364 1314 quieto
393 1274 485 1306 molli
515 1273 654 1306 rabidus
680 1273 779 1315 furor

82 1322 199 1355 mitrii.
226 1322 325 1355 ovid.
342 1323 462 1355 Amor.
481 1322 593 1362 ⁴,⁴4,
611 1323 778 1355 2⁴:1³um

85 1380 215 1412 quoque
251 1375 326 1404 erat
366 1372 515 1413 περιθείη
556 1372 691 1411 decens,
740 1375 779 1403 ut

83 1419 226 1452 mucia
239 1421 384 1461 Bacche,
401 1420 484 1453 Cum
497 1423 615 1453 mero
628 1421 664 1453 in
676 1420 779 1453 viridi

80 1470 235 1511 ommim
255 1470 348 1502 lassa
368 1470 466 1502 iacet.

128 1519 183 1551 40.
217 1518 373 1560 How-mn]
407 1527 552 1551 amnem
584 1517 700 1558 illum,
739 1520 780 1551 ut

81 1569 130 1600 ita
144 1568 273 1608 dicam,
290 1569 469 1610 poeticum
486 1568 561 1609 (Od.
574 1569 606 1608 ⁴,
622 1569 677 1607 25,
694 1568 776 1608 20.),

83 1617 145 1658 qui
177 1617 248 1649 iam
281 1617 424 1650 Graecis
457 1616 593 1658 frigoris
615 1617 779 1649 immanis

81 1674 125 1698 ac
138 1667 334 1708 perpetuae
356 1666 446 1698 nivis
468 1666 658 1706 imaginem
673 1674 781 1707 prae-

82 1714 203 1747 bebat.
250 1715 398 1747 Theocr.
430 1715 469 1755 7,
503 1715 583 1746 ⁴⁴⁴·
622 1713 718 1756 Εἴης
746 1713 778 1746 δ’

76 1759 252 1797 Ἠδωνῶν
284 1763 358 1807 μὲν
389 1763 431 1797 ἐν
452 1759 586 1821 ωρεσι
626 1766 780 1807 χείματι

79 1814 214 1857 μέσσῳ
240 1808 380 1860 Ἕβρον
413 1810 490 1871 πὰρ
523 1809 698 1854 ποταμὸν
720 1823 780 1845 τε-

81 1864 298 1909 τραμμένος
341 1859 501 1906 ἐγγύθεν
544 1857 701 1908 ἄρκτου.
740 1881 776 1885 -

76 1911 348 1953 prospiciens]‹
339 1912 461 1944 «»›Hoc
478 1936 486 1951 ,
521 1911 650 1952 inquit,
688 1911 780 1943 «nisi

81 1961 140 1994 die
154 1960 250 1993 claro
265 1960 382 1993 facere
397 1969 467 1992 non
478 1960 626 2001 potuit.»
651 1960 779 1999 Quidni

80 2009 271 2052 plenilunio
284 2035 293 2049 ,
323 2009 446 2050 quidni
475 2011 578 2041 nocte
610 2007 779 2041 sublustri

82 2058 141 2091 vel
162 2057 279 2100 paullo
307 2059 388 2090 ante
417 2056 639 2090 diluculum?
674 2058 779 2099 Apud

85 2117 150 2141 nos
186 2107 364 2140 Helvetios
398 2108 495 2139 certe
530 2108 694 2139 nocturni
719 2106 780 2140 Al—

79 2158 191 2199 pium,
207 2155 362 2195 lacuum,
381 2156 679 2188 catarrhactarum
695 2165 779 2188 cum

83 2206 173 2238 iride
194 2205 308 2238 lunari
334 2207 546 2247 prospectus
568 2214 640 2237 non
662 2206 779 2237 minus

81 2255 222 2287 amoeni
250 2254 333 2287 sunt
360 2263 469 2295 quam
497 2254 635 2293 diurni,
670 2255 778 2295 atque

81 2304 218 2336 animos
233 2304 373 2336 secreto
388 2303 535 2335 horrore
547 2302 776 2344 perfundunt.

127 2353 180 2384 44.
217 2353 270 2384 42.
306 2352 389 2392 pede
411 2351 575 2393 barbaro]
614 2360 634 2382 a
664 2351 777 2383 thiaso

80 2401 294 2435 Maenadum
308 2401 542 2433 Thressarum
565 2400 660 2440 orgia
682 2398 779 2431 cele-

80 2449 270 2482 brantium.
329 2448 514 2487 Quomodo
547 2448 582 2480 in
616 2446 777 2491 ἐπιθέτῳ

81 2499 232 2531 haerere
255 2498 408 2539 potuerit
429 2498 523 2535 ΗΡ.,
558 2505 683 2536 nemo,
717 2497 776 2538 qui

82 2547 247 2588 antiquos
280 2547 405 2587 poetas
438 2553 596 2586 unquam
631 2522 773 2586 legerit,

80 2595 182 2628 facile
212 2594 390 2635 intelliget.
437 2594 591 2627 Thraces
614 2595 709 2627 enim
732 2602 775 2627 ac

82 2645 240 2686 Phryges
263 2644 304 2676 iis
327 2644 407 2676 κατ’
432 2640 573 2687 ἐξοχὴν
595 2645 678 2678 sunt
699 2643 777 2676 bar-

254 703 323 744 ⁴6.,
346 704 520 743 Muretus,
546 702 757 742 Lambinus,
781 703 984 741 Pottierius;
1009 703 1108 735 nevos
1128 701 1307 736 Bentleius
1329 703 1421 735 coni.

829 832 905 864 bari
919 857 927 872 ,
963 833 1039 866 sine
1062 831 1132 865 ulla
1155 833 1275 865 tamen
1299 830 1525 865 contumelia.

832 899 868 904 —
903 881 1117 923 Lustratum]
1152 881 1455 921 dtu-chschwdmzt,
1490 881 1530 913 ut

828 931 923 971 Virg.
941 932 1002 963 Ge.
1020 932 1060 971 2,
1077 930 1157 964 487:
1190 934 1222 963 et
1239 930 1424 972 viminibus
1448 929 1529 962 bac-

829 980 931 1011 chata
944 980 1107 1012 Lacaenis
1123 980 1278 1021 Taygeta.
1297 998 1335 1003 —
1347 980 1423 1011 Non
1438 987 1530 1012 secus

829 1046 848 1052 ·
862 1047 883 1053 -
898 1029 946 1071 ut]
971 1028 1160 1062 Soloecum
1182 1029 1252 1062 hoc
1273 1027 1449 1062 nonnullis
1476 1029 1530 1061 vi-

829 1086 910 1110 sum
934 1079 1005 1117 est,
1030 1077 1126 1110 unde
1150 1086 1171 1110 e
1195 1078 1308 1111 Codd.
1334 1077 1528 1120 interpola-

828 1127 872 1159 tis
898 1126 1159 1159 substituerunt
1179 1135 1231 1159 ac.
1257 1127 1308 1159 Tu
1323 1126 1448 1159 confer
1461 1126 1526 1159 Od.

829 1177 868 1215 ⁴,
892 1175 957 1221 ⁴6,
984 1176 1106 1208 7—9:
1145 1178 1378 1216 aequantia.
1411 1174 1524 1208 Plaut.

825 1223 902 1257 Aul.
934 1223 1026 1257 Prol.
1055 1225 1115 1257 22:
1144 1225 1375 1265 pariter-ut.
1422 1225 1526 1267 Prop.

827 1275 864 1313 4,
891 1274 948 1313 45,
973 1274 1015 1306 7:
1057 1274 1127 1306 Nec
1148 1274 1259 1306 nunus
1281 1274 1388 1315 (item)
1410 1276 1526 1306 --ut.

824 1322 911 1355 Pliu.
935 1323 1024 1364 Epp.
1051 1323 1092 1363 4,
1116 1323 1179 1363 20,
1206 1323 1248 1355 ⁴:
1288 1325 1523 1363 nequeunt.

827 1372 899 1404 Cic.
915 1372 1011 1404 Brut.
1026 1372 1081 1412 50,
1097 1372 1171 1405 488.
1193 1371 1239 1404 de
1258 1380 1311 1404 or.
1324 1371 1357 1411 3,
1371 1371 1427 1411 56,
1446 1371 1535 1411 234.,

826 1422 967 1454 Terent.
981 1421 1106 1454 Heaut.
1121 1421 1152 1460 4,
1170 1422 1204 1461 2,
1217 1421 1254 1453 24
1272 1429 1280 1453 :
1291 1421 1432 1461 per-inde
1442 1423 1521 1452 -ut.

826 1470 904 1502 vid.
939 1470 1152 1512 praesertim
1184 1470 1275 1503 Voss
1313 1471 1350 1502 et
1370 1470 1528 1511 Wagner

827 1519 874 1552 ad
887 1518 1005 1560 Virgil.
1030 1520 1091 1551 Ge.
1116 1519 1137 1551 2
1152 1543 1160 1558 ,
1187 1519 1264 1551 277.
1302 1517 1526 1551 Intolerabile

826 1576 913 1600 vero
937 1577 979 1600 ac
996 1568 1081 1608 pede
1095 1586 1115 1592 -
1128 1584 1149 1591 -
1163 1577 1205 1600 ac
1226 1568 1307 1600 mihi
1320 1594 1329 1607 ,
1358 1568 1526 1609 quocirca

827 1618 863 1649 in
885 1616 949 1649 Ed.
975 1617 1189 1649 Gesneriana
1212 1616 1337 1649 callide
1370 1617 1527 1658 scripse-

827 1666 931 1698 runt:
956 1669 988 1698 et
1003 1666 1099 1706 pede.
1138 1667 1216 1698 Non
1240 1666 1294 1698 est
1316 1667 1438 1698 autem
1462 1675 1526 1698 ex-

828 1713 1010 1754 clamatio,
1046 1716 1085 1746 ut
1108 1715 1253 1756 quidam
1275 1715 1406 1756 opinati
1429 1716 1523 1754 sunt,

827 1765 873 1796 ita
898 1772 982 1796 cum
1009 1763 1098 1796 Aldo
1125 1763 1403 1804 distinguentes:
1442 1764 1526 1796 Rho-

828 1813 944 1852 dopen.
972 1813 1012 1844 Ut
1032 1813 1179 1844 mihi--
1195 1812 1294 1844 libet!
1328 1814 1435 1854 atque
1459 1821 1526 1854 ap-

826 1860 1000 1903 pellantes
1022 1861 1133 1903 Epod.
1158 1862 1197 1900 2,
1216 1861 1278 1893 ⁴9:
1315 1862 1355 1893 Ut
1378 1862 1526 1902 gaudet!

831 1929 868 1933 —
893 1910 1002 1951 devio]
1038 1909 1195 1950 «longius
1225 1918 1246 1941 a
1268 1911 1440 1942 consueto
1467 1911 1525 1942 iti-

828 1968 914 1991 nere
930 1960 1111 2000 evaganti,
1137 1967 1208 1999 quo
1231 1958 1321 1990 deus
1343 1957 1524 2000 impellit.»

873 2008 926 2040 ⁴3.
963 2007 1016 2040 ⁴4.
1051 2007 1171 2048 Ripas]
1205 2007 1283 2039 Vid.
1314 2007 1362 2039 ad
1391 2007 1456 2040 Od.
1481 2007 1522 2047 4,

827 2056 868 2096 2,
893 2057 946 2089 34.
994 2057 1129 2089 Verum
1150 2064 1222 2088 non
1245 2057 1322 2096 est,
1352 2056 1451 2098 quod
1476 2057 1525 2089 ait

827 2104 1023 2138 Bentleius:
1060 2106 1288 2146 «Nusquam,
1324 2104 1388 2137 ubi
1415 2114 1524 2138 sanus

827 2153 926 2187 locus
955 2156 1029 2193 est,
1068 2154 1246 2195 repereris
1276 2153 1438 2187 absolute
1471 2155 1524 2188 sic

827 2203 1001 2244 positum,
1051 2201 1144 2235 nulla
1182 2203 1362 2235 mentione
1403 2203 1525 2236 flumi-

827 2252 882 2284 nis
903 2250 961 2283 vel
983 2259 1156 2293 aquarum
1178 2251 1332 2284 habita.»
1365 2251 1436 2284 Cfr.
1455 2252 1520 2284 Od.

827 2300 864 2340 3,
893 2300 929 2339 4,
956 2300 1018 2332 24;
1054 2300 1356 2332 Somnus-“non
1386 2301 1524 2334 humiles

826 2350 940 2381 domos
960 2349 1101 2381 Fastidit
1120 2349 1374 2390 mnbrosamque
1394 2349 1519 2390 ripam,

825 2399 902 2430 Non
922 2398 1076 2438 zephyris
1097 2398 1228 2440 agitata
1252 2398 1377 2438 Tempe.
1425 2399 1522 2437 Quo-

826 2448 920 2480 circa
946 2447 1138 2479 reiicienda
1169 2448 1225 2480 est
1251 2448 1287 2479 et
1314 2446 1404 2479 illius
1432 2455 1521 2479 eon-

826 2497 906 2529 iect.
923 2496 1013 2528 m'vos
1024 2497 1060 2528 et
1080 2495 1251 2528 Codicum
1267 2495 1398 2537 aliquot
1416 2494 1520 2527 lectio

824 2554 939 2586 rupes,
961 2553 1052 2586 quae
1067 2544 1200 2587 placuit
1214 2545 1349 2577 Mureto
1361 2552 1404 2576 ac
1419 2544 1521 2576 Lam-

825 2594 928 2633 bino,
954 2596 990 2627 et
1009 2593 1159 2627 fortasse
1182 2593 1287 2626 ducta
1312 2594 1367 2625 est
1394 2601 1439 2625 ex
1454 2592 1516 2624 Od.

825 2644 866 2684 2,
895 2643 952 2683 ⁴9,
985 2644 1020 2675 ⁴:
1045 2643 1211 2675 Bacchum
1233 2643 1269 2674 in
1290 2641 1424 2674 remotis
1445 2649 1520 2673 car-
