1722 2904
660 61 796 94 LIBER.
844 61 974 95 cmm.
998 61 1086 95 XVI.

1490 61 1572 104 727

182 166 392 223 Quaeque
424 169 572 209 carent
598 146 736 208 ventis
767 171 810 208 et
837 164 1001 208 solibus
1030 178 1132 208 ossa
1162 165 1347 217 Quirini,

236 245 363 289 Nefas
393 238 566 290 videre!
598 244 823 303 dissipabit
851 245 1053 289 insolens.

181 326 307 369 Forte
336 325 443 383 quid
471 325 674 383 expediat
702 326 984 370 communiter
1013 333 1086 370 aut
1114 326 1267 370 melior
1296 341 1395 384 pars

1518 328 1571 370 ⁴5

235 382 355 450 llfz'ilis
384 419 535 450 carere
565 406 771 464 quaeritis
800 406 1045 450 laboribus:

212 536 263 570 44.
287 537 393 569 videri
415 536 485 576 bT,
512 538 666 570 Pottierii
687 537 866 580 plerique,
906 539 931 571 C
957 539 1039 579 (non
1060 538 1157 580 BSc).

1203 558 1236 562 —
1276 540 1327 572 45.
1354 541 1443 580 quod
1464 548 1527 572 su-

168 595 302 628 perscr.
328 587 341 618 i
363 587 403 625 S;
440 588 519 628 quid
552 587 737 628 apodiat?
770 587 1271 620 Communium-dam?
1305 589 1395 621 Fen:
1431 586 1528 622 Forte

167 636 270 676 (quod
290 636 484 678 mediato
506 638 723 669 communiter
745 637 949 678 Rutgersius
971 636 1075 678 prob.
1098 636 1268 670 Bentleio.

123 746 281 788 periculo
307 747 389 781 Urbi
415 749 583 780 aeternae
607 747 820 781 Claudianus

124 796 170 829 de
191 795 288 829 Bello
311 797 432 830 Getico
456 797 536 829 40οτ
564 798 684 830 Procul
705 802 821 830 arceat

124 846 212 878 altus
231 846 397 887 Iuppiter,
420 850 458 879 ut
472 846 610 879 delubra
623 847 755 879 Numae
768 856 821 880 se-

124 896 260 936 demque
282 894 424 936 ‘Quir-ini.
438 896 618 929 Bar-barses
639 897 742 929 oeulis
755 894 821 928 ial-

123 948 188 977 tom
209 948 372 977 temerare
387 945 543 986 profanis
555 947 658 978 Possit
671 950 702 978 et
717 955 820 978 arca-

121 1003 204 1027 num
225 994 311 1026 tanti
333 995 531 1034 deprendere
545 996 652 1037 regni.
676 996 753 1028 Non
769 997 821 1028 ta-

126 1051 211 1076 men
232 1043 325 1076 inter
346 1052 474 1076 arcana
499 1043 555 1076 illa
579 1045 729 1086 pignora
751 1045 820 1077 im-

123 1093 212 1135 perii
245 1094 391 1126 Romani
426 1095 503 1126 erat
536 1094 668 1133 Quirini
699 1094 821 1136 sepul-

124 1142 263 1175 chrum.
314 1143 407 1184 Lege
445 1143 605 1176 Servium
642 1143 688 1176 ad
724 1144 818 1185 Virg.

124 1192 210 1224 Aen.
228 1191 268 1232 7,
294 1191 370 1224 488.
397 1210 433 1215 -
459 1193 551 1226 Cum
573 1194 694 1225 autem
709 1194 822 1232 Quiri-

126 1249 193 1274 nus
230 1242 370 1283 species
407 1242 451 1275 sit
487 1244 595 1284 atque
638 1242 821 1285 exemplar

123 1290 197 1332 (dor
217 1290 323 1323 ideale
349 1292 671 1333 Reprusentant)
699 1291 819 1333 populi

123 1340 288 1380 Romani,
312 1349 384 1374 non
400 1340 516 1374 solum
537 1342 582 1374 de
605 1342 682 1384 ipso
704 1342 820 1381 Quiri-

125 1398 171 1421 no
194 1390 418 1431 cogitandum
439 1390 598 1431 videtur,
623 1391 688 1424 sed
712 1392 819 1424 etiam

125 1437 171 1470 de
199 1437 275 1471 aliis
302 1438 457 1479 civibus,
489 1448 643 1481 quorum
672 1448 754 1473 ossa
782 1440 819 1472 in

125 1486 226 1520 Urbis
249 1488 385 1521 excidio
404 1490 510 1530 atque
527 1490 713 1522 eversione
728 1498 819 1522 ven-

127 1536 171 1569 tis
207 1545 250 1568 ac
286 1536 370 1570 solis
402 1538 511 1570 radiis
545 1539 743 1580 expositum
776 1540 818 1571 iri

122 1586 316 1627 praevidet.
333 1586 467 1620 Eadem
484 1588 598 1628 imago
614 1597 728 1629 aeque
744 1590 819 1620 ter—

122 1633 231 1667 ribilis
261 1635 325 1667 fuit
354 1635 600 1670 Orientalibus.
645 1638 816 1669 Ieremiae

122 1683 161 1722 8,
187 1684 287 1716 ⁴:112
308 1684 365 1716 illo
386 1688 548 1725 tempore,
581 1687 630 1718 ait
652 1687 815 1726 dormitus,

121 1733 250 1765 eiieiont
269 1742 346 1765 ossa
358 1743 475 1776 reyum
488 1735 572 1767 Iuda
587 1738 618 1767 et
632 1744 706 1767 ossa
716 1736 817 1775 prin—

121 1783 233 1822 cipum
253 1783 324 1815 eius
343 1787 375 1815 et
395 1793 470 1816 ossa
491 1785 699 1817 sacerdotum
713 1802 763 1809 --
778 1786 818 1818 de

121 1833 300 1872 sepulchris
329 1833 398 1864 suis
426 1837 457 1865 et
486 1835 675 1874 mandent
703 1843 743 1866 ea
771 1836 817 1866 ad

121 1881 222 1914 solem
249 1885 281 1914 σε
308 1882 425 1914 lunam
445 1886 477 1915 et
506 1892 634 1915 omnem
661 1884 817 1916 militiam

121 1931 333 1971 caeli,‹1uae
353 1932 541 1964 dilatet-unt
562 1936 593 1964 et
614 1933 732 1972 quibus
744 1942 818 1965 ser-

120 1980 263 2012 vwnmt
315 1980 453 2012 Baruch
488 1981 526 2020 2,
563 1981 627 2014 24:
666 1982 818 2014 statuisti

64 2048 70 2052 -
120 2028 223 2061 verba
243 2032 320 2069 tua,
338 2047 358 2053 -
371 2047 391 2052 -
404 2033 442 2061 ut
464 2031 727 2071 transferrentur
741 2041 818 2064 ossa

108 2087 238 2120 sregrum
257 2082 448 2110 nostrorum
462 2083 494 2111 et
507 2089 582 2112 ossa
599 2084 739 2120 patrum
754 2091 817 2113 no·-

121 2130 267 2160 seromm
284 2128 324 2159 de
344 2128 415 2160 loco
428 2137 509 2166 suo,-
532 2132 562 2161 et
576 2138 647 2160 ecce
665 2131 818 2170 proiecta

121 2180 198 2209 sunt
217 2177 254 2208 in
274 2177 386 2209 calore
407 2178 484 2209 solis
497 2181 529 2210 et
550 2179 585 2210 in
606 2179 682 2219 qelu
699 2181 813 2212 noctis.

125 2243 163 2249 —
185 2226 289 2267 Nefas
307 2227 429 2267 videre]
453 2228 734 2269 Pseudophocyl.
754 2229 813 2262 94:

122 2271 185 2316 Μὴ
206 2272 357 2317 τύμβον
385 2276 578 2318 φθιμένου
608 2273 813 2333 ἀνορύξῃς,

121 2321 210 2366 μήτ’
243 2320 392 2357 ἀθέατα
428 2323 563 2383 Δειξης
599 2322 713 2370 ἠελίῳ
750 2327 817 2360 καὶ

121 2370 324 2415 δαιμόνων
350 2371 470 2412 χόλον
492 2385 623 2421 ορσῃς.
653 2395 688 2399 -
714 2377 816 2417 Nefas

122 2424 244 2456 autem
266 2423 396 2463 videre,
436 2433 507 2456 non
541 2434 631 2463 ossa.
673 2427 711 2457 ut
743 2425 816 2458 volt

123 2471 375 2512 Mitscherlich,
400 2473 465 2506 sed
488 2474 615 2506 horum
631 2474 814 2516 profanam

123 2520 397 2562 dissipationem.

168 2570 219 2602 45.
246 2571 299 2603 46.
324 2571 432 2613 Forte]
458 2573 498 2605 Ut
514 2573 721 2613 saepissime
736 2581 816 2614 pro—

123 2620 313 2660 positiones
352 2621 608 2654 condicionales
644 2631 662 2654 a
701 2623 814 2663 poetis

871 748 1068 780 efferuntur
1090 749 1166 781 sine
1190 747 1362 790 particula
1385 750 1429 789 si,
1455 751 1506 783 sic
1532 751 1566 782 h.

870 796 892 829 l.
917 797 1004 838 forte
1025 798 1182 839 positum
1205 799 1261 830 est
1281 806 1347 840 pro
1369 807 1498 840 prosae
1515 808 1566 832 or.

869 847 897 878 si
917 847 1014 888 sorte.
1040 847 1115 879 Hoc
1137 847 1242 888 igitur
1263 847 1367 880 dicit:
1402 849 1458 880 «Si
1480 847 1569 881 forte

868 904 933 928 vos
955 895 1111 927 universi
1134 894 1189 927 vel
1212 895 1339 929 saltem
1354 896 1482 930 melior
1496 897 1571 939 (ho-

871 946 1004 977 nestior
1026 953 1069 977 ac
1091 944 1268 986 dignitatis
1294 947 1480 987 amantior)
1503 956 1569 979 ve-

870 996 984 1027 strum
1015 1002 1098 1035 pars
1121 995 1248 1036 cupitis
1279 994 1431 1028 liberare
1460 1005 1526 1029 vos
1548 1006 1569 1029 a

869 1043 1018 1076 funestis
1051 1042 1116 1076 illis
1150 1043 1271 1084 malis,
1309 1045 1440 1086 quibus
1473 1055 1569 1079 nunc

869 1092 1006 1125 laborat
1031 1101 1089 1126 res
1123 1092 1281 1134 publica,
1316 1103 1359 1126 ac
1391 1095 1421 1128 si
1454 1103 1568 1136 quae-

869 1142 962 1181 ritis,
1002 1141 1184 1183 quodnam
1212 1143 1357 1176 tandem
1383 1143 1571 1180 consilium

870 1191 1037 1233 quodque
1061 1192 1243 1233 inceptum
1266 1201 1310 1224 eo
1336 1192 1463 1233 ducat,
1497 1194 1568 1227 hoc

869 1240 1094 1282 potissimum
1125 1242 1348 1283 propositum
1375 1243 1566 1276 tenetote.»

870 1290 957 1330 Quid
989 1291 1147 1331 expediat
1182 1300 1299 1324 carere
1335 1293 1409 1333 est,
1453 1293 1569 1334 «quid

870 1340 1030 1373 conferat
1052 1341 1126 1373 sive
1150 1341 1357 1374 adiumento
1373 1342 1418 1374 sit
1440 1341 1487 1374 ad
1511 1350 1570 1375 ca·
1613 1359 1623 1365 κ

868 1389 1020 1422 rendum
1043 1388 1243 1428 laboribus,
1267 1391 1314 1423 ad
1338 1390 1430 1423 mala
1447 1393 1567 1425 nostra

868 1439 1102 1471 amovenda.»
1136 1458 1173 1463 -
1203 1439 1268 1472 Alii
1303 1443 1564 1482 exposuerunt:

869 1490 987 1521 «Forte
1025 1489 1215 1529 (fortasse)
1252 1488 1395 1530 aliquod
1431 1490 1566 1523 facinus

868 1546 1083 1579 generosum
1105 1546 1172 1570 nos
1195 1539 1300 1570 tantis
1324 1547 1368 1571 ex
1391 1538 1492 1572 malis
1508 1548 1567 1572 ez:—

862 1588 994 1627 pediat;
1007 1600 1022 1617 »
1048 1587 1122 1619 alii:
1150 1588 1398 1620 «Communiler
1412 1591 1472 1620 auc
1481 1598 1567 1629 pars

867 1637 981 1669 melior
1003 1646 1121 1670 carere
1140 1638 1238 1669 malis
1251 1637 1419 1670 laboribus
1435 1638 1481 1679 (id
1496 1641 1562 1678 est,

866 1688 1012 1728 propter
1033 1686 1246 1728 probitatem
1278 1686 1414 1728 dignior
1428 1712 1436 1726 ,
1473 1696 1565 1728 qnae

867 1736 907 1768 iis
942 1736 1101 1777 careat,)
1139 1736 1318 1776 quaeritis,
1366 1736 1446 1776 quid
1477 1737 1563 1777 forte

867 1785 1037 1825 (fortasse)
1071 1784 1271 1825 mediam»
1321 1785 1432 1826 (Hand
1463 1786 1563 1818 Turs.

866 1835 906 1866 11.
931 1843 966 1875 p.
991 1833 1080 1874 740.)
1127 1834 1197 1866 Sed
1228 1835 1346 1866 melior
1378 1834 1434 1866 illa
1457 1836 1566 1875 signi·-

866 1883 1028 1915 ficatione
1053 1896 1068 1912 α
1078 1884 1190 1924 magis
1214 1883 1381 1921 idoneus,
1422 1885 1563 1925 aptior»

865 1933 922 1964 vix
960 1933 1116 1965 construi
1153 1934 1270 1974 potest
1306 1941 1389 1964 cum
1426 1932 1539 1964 verbo
1554 1958 1561 1972 ,

867 1981 964 2022 quod
999 1981 1120 2013 dicunt
1134 2007 1141 2021 ‚
1182 1982 1424 2019 intransitivo3
1465 1984 1563 2014 recte

867 2039 950 2063 eum
972 2031 1164 2063 transitivo.
1198 2032 1295 2063 Pers.
1314 2030 1354 2069 4,
1381 2031 1442 2062 ⁴6:
1467 2032 1564 2062 Anti-

865 2088 965 2119 cyras
985 2080 1103 2112 melior
1130 2080 1260 2112 sorbere
1282 2088 1446 2112 meracas.
1486 2081 1578 2112 Valu

867 2128 979 2161 FlacC.
995 2130 1009 2160 4
1025 2154 1033 2168 ,
1051 2129 1133 2162 424:
1153 2130 1287 2169 Oraque
1303 2129 1482 2161 Thessalico
1496 2138 1564 2162 me-

865 2180 930 2211 lior
951 2181 1150 2211 contundere
1176 2180 1282 2220 freno.
1319 2181 1392 2211 Nec
1422 2181 1563 2212 temere

866 2229 900 2260 in
930 2229 1073 2260 Horatio
1096 2237 1288 2269 agnoscam
1317 2229 1403 2269 forte
1426 2229 1563 2270 simpli-

866 2278 954 2310 citer
975 2286 1040 2319 pro
1061 2278 1202 2318 fortasse
1216 2279 1436 2319 usurpatum.
1478 2279 1564 2311 Rut-

866 2327 970 2367 gersii
1006 2327 1181 2359 rationem
1217 2327 1270 2360 sic
1312 2327 1564 2368 interpretatur

866 2375 1060 2409 Bentleius:
1079 2376 1202 2415 «Quod
1217 2376 1310 2409 bene
1324 2378 1447 2416 vertat,
1466 2378 1562 2418 quod

866 2425 999 2458 bonum
1023 2424 1103 2458 felix
1126 2425 1350 2466 faustumque
1373 2426 1466 2458 sith·
1493 2427 1562 2459 Sed

865 2475 932 2507 hac
956 2474 1207 2515 significatione
1231 2483 1263 2506 ν.
1293 2476 1450 2515 αῳοαὶνο
1470 2485 1563 2508 nun-

866 2532 972 2565 quam
999 2524 1055 2556 usi
1076 2526 1160 2557 sunt
1181 2524 1302 2556 Latini.
1331 2541 1366 2547 —
1393 2524 1562 2558 Ceterum

865 2574 946 2615 post
965 2575 1007 2605 v.‘
1025 2574 1191 2606 laboribus
1213 2572 1315 2607 colon
1335 2574 1559 2615 ponendum,

865 2623 903 2654 ut
915 2631 970 2654 vv‚
987 2623 1038 2655 45.
1055 2623 1107 2655 46.
1127 2624 1195 2655 sint
1207 2622 1247 2655 ἐν
1259 2620 1454 2667 προτάσει,
1468 2619 1562 2656 ἀπό-
