1722 2904
216 90 299 133 368

726 93 899 126 HORATII
924 94 1151 129 CARMINUM

386 195 471 239 Sed
501 195 606 253 quid
636 196 867 254 Typhoeus
898 204 942 240 et
969 197 1137 241 validus
1175 198 1350 249 Mimas,

384 279 464 320 Aut
494 277 599 334 quid
630 277 784 321 minaci
817 278 1089 337 Porphyrion
1119 285 1255 330 statu,

439 357 554 410 Quid
584 357 773 402 Rhoetus
803 358 1051 416 evolsisque
1082 335 1244 402 truncis

497 438 739 483 Enceladus
770 439 977 483 iaculator
1007 440 1150 483 audax

386 546 543 589 Contra
572 551 796 588 sonantem
826 544 1015 608 pall?}lis
1046 546 1201 603 aegida

385 627 567 668 Possent
596 626 809 669 ruentes?
839 626 947 669 Hinc
977 625 1130 670 avidus
1161 627 1275 671 stetit

303 764 357 796 55.
382 764 501 796 Roelus
515 764 540 795 B
557 788 564 802 ,
590 763 710 795 Rhetus
725 763 772 795 bc
783 790 790 803 ,
815 764 935 796 Remus
949 765 971 796 S
987 790 994 804 ,
1019 766 1119 798 Retus
1133 765 1174 806 d,
1199 765 1344 798 Rhoecus
1358 766 1439 798 LCt.

1472 766 1524 808 (Ut
1545 776 1621 807 nos,

261 814 312 855 T.)
333 831 367 836 -
389 813 619 854 (scripturam
634 813 750 845 evolsis
765 815 801 845 et
816 814 871 846 59.
894 814 1060 847 Volcanus
1073 815 1166 848 inter
1180 823 1283 848 meos
1298 814 1450 857 praehet
1465 825 1485 848 c
1501 815 1623 859 solus)

189 963 193 967 .
260 932 314 964 53.
343 931 526 972 Typhoeus]
568 929 781 974 (Τυφωεύς)
817 931 915 964 Pind.

216 982 318 1023 Pyth.
346 982 383 1021 4,
406 982 465 1013 45;
491 978 593 1013 θεῶν
616 980 820 1023 πολέμιος,
847 982 920 1015 Τυ-

215 1028 302 1072 φώς
325 1028 696 1077 ἑκατοντακάρανος·
735 1029 804 1063 τόν
827 1041 921 1064 ποτε

215 1080 387 1113 Κιλίκιον
409 1081 558 1126 θρέψεν
580 1079 835 1124 πολυώνυμον
857 1077 923 1114 ἇν-

215 1140 317 1177 τρον·
342 1127 410 1163 νῦν
425 1140 468 1173 γε
481 1127 561 1172 μὰν
575 1148 591 1154 -
604 1147 620 1153 -
634 1131 749 1163 κίων-
759 1127 921 1177 οὐρανία

216 1181 369 1220 συνέχει
390 1177 580 1221 Νιφόεσσ’
604 1178 732 1213 Αἴτνα.
777 1181 917 1223 Olymp.

215 1230 254 1270 4,
280 1231 312 1262 7.
354 1231 514 1271 (Antrum
538 1229 622 1262 illud
647 1231 702 1262 est
727 1231 920 1271 Corycium

217 1281 251 1313 in
287 1279 419 1313 Cilicia.
467 1281 639 1320 Pompon.
676 1279 766 1313 Mela
793 1281 833 1321 4,
864 1280 917 1313 43.

217 1329 411 1369 curtius3‚
428 1329 495 1370 40.)
520 1329 619 1361 Pind.
632 1330 744 1370 Frgm.
762 1330 917 1362 Boeckh.

216 1379 279 1411 Ed.
305 1379 391 1411 min.
410 1387 445 1420 p.
464 1379 551 1410 224:
578 1378 699 1421 Κείνῳ
714 1378 787 1421 μὲν
802 1377 920 1411 Αιτνα

215 1425 359 1471 δεσμὸς
399 1423 636 1486 ὑπερφίαλος
669 1423 916 1470 Αμφίκειται·

215 1497 236 1503 -
258 1497 278 1502 -
296 1474 387 1510 Ἀλλ’
427 1474 511 1518 οὶος
544 1473 716 1509 απλατον
749 1476 920 1524 κεράϊζες

215 1526 318 1561 θεῶν
367 1525 516 1567 Τυφῶν’
561 1526 919 1584 ἑκατοντακάρανον

216 1574 379 1621 ἀνάγκᾳ,
404 1574 475 1609 Ζεῦ
499 1575 635 1623 πάτερ,
663 1577 734 1609 Εἰν
753 1574 919 1623 Αρίμοις

217 1628 321 1660 ποτέ.
346 1626 443 1659 Iliad.
458 1625 486 1666 β
498 1651 506 1666 ,
522 1627 597 1659 782.
611 1627 779 1668 Aeschyl.
798 1629 917 1660 Prom.

217 1679 293 1710 372.
350 1677 443 1718 Virg.
478 1678 565 1709 Aen.
591 1677 629 1716 9,
655 1678 737 1709 7⁴5:
777 1679 920 1710 durum—

217 1736 280 1768 que
316 1726 440 1766 cubile,
476 1726 622 1758 Inarime
655 1727 742 1758 Iovis
771 1727 921 1767 imperiis

215 1778 359 1817 imposta
383 1776 541 1816 Typhoeo.
578 1775 757 1809 Terribilis
772 1777 920 1819 Typho-

216 1827 270 1859 nis
287 1827 404 1867 imago
421 1827 536 1858 exstat
550 1826 583 1858 in
599 1826 759 1859 Gerhard
778 1828 916 1869 Vaseny.

215 1877 272 1908 ΙΙΙ.
298 1876 335 1907 T.
362 1875 580 1907 CCXXXVII.
606 1875 695 1908 Vide
712 1876 795 1908 Exc.
819 1877 862 1909 11.
879 1895 916 1900 —

216 1925 348 1966 Mimas]
374 1924 479 1966 Apud
495 1925 637 1957 Hesiod.
664 1927 759 1957 Scut.
778 1926 820 1958 H.
841 1925 916 1958 486.

217 1976 271 2007 est
295 1975 516 2012 centaurus;
550 1975 653 2015 Gigas
677 1973 773 2016 apud
795 1975 915 2016 Eurip.

216 2025 290 2056 Ion.
325 2023 421 2062 244.,
464 2023 526 2055 ubi
559 2023 671 2056 Pallas
704 2021 773 2056 τὸν
806 2021 919 2056 δάϊον

216 2073 395 2116 Μίμαντα
439 2073 529 2119 πυρὶ
572 2072 814 2106 καταιθαλοῖ.
878 2074 917 2107 Ei

217 2123 395 2163 Prochyta
418 2122 558 2154 iniecta.
608 2122 709 2156 Silius
734 2123 793 2163 ⁴2,
819 2122 894 2155 447.

260 2171 378 2204 54-56.
402 2171 620 2213 Porphyrion]
644 2171 794 2204 Pindaro
813 2172 915 2213 Pyth.

217 2221 257 2260 8,
292 2221 345 2253 47.
390 2222 444 2253 est
483 2219 668 2261 βασιλεὺς
711 2218 915 2265 Γιγάντων.

217 2269 376 2312 Apollod.
401 2271 432 2309 4,
467 2271 499 2311 6,
533 2272 572 2303 2:
608 2267 701 2312 Διὸς
726 2269 918 2317 κεραυνώ-

217 2329 359 2359 σαντος
374 2315 505 2360 αὐτόν,
526 2317 716 2377 “Ηρακλῆς
730 2318 917 2363 τοξεύσας

217 2366 446 2401 ἀπέκτεινεν.
489 2370 571 2403 Eius
598 2371 789 2412 imaginem
814 2379 919 2412 prae-

217 2417 281 2449 bet
293 2426 358 2450 vas
374 2419 550 2451 Ruvense.
569 2419 726 2452 Avellino
738 2420 856 2452 Bullet.
874 2420 915 2452 11.

217 2475 252 2508 p.
268 2467 342 2498 406.
364 2484 400 2489 -
418 2468 517 2509 statu]
535 2470 768 2509 nonstatura,
786 2468 851 2502 sed
863 2470 919 2502 est

219 2515 365 2547 «stabilis
377 2517 522 2557 yradus»
548 2519 796 2558 pugnantium,
821 2519 917 2561 apud

218 2566 377 2597 Tacitum
400 2566 487 2597 Hist.
521 2567 560 2605 2,
586 2567 639 2599 35.
667 2568 738 2599 Liv.
763 2567 822 2607 30,
851 2568 914 2601 48;

217 2617 307 2645 statu
339 2622 469 2646 movere
501 2615 634 2647 hostem.
678 2634 713 2639 —
765 2617 915 2659 Rhoetus]

219 2663 278 2703 qui
301 2662 382 2695 alibi
406 2663 497 2695 inter
520 2664 716 2697 Centauros
740 2673 917 2697 memora·
965 2683 980 2690 -
995 2683 1010 2690 -

970 934 1038 965 tur.
1065 932 1136 966 Cfr.
1153 931 1265 966 Bentl.
1283 932 1329 965 ad
1345 933 1407 966 Od.
1425 934 1464 974 2,
1483 934 1541 974 49,
1559 935 1612 967 23.
1630 953 1668 959 —

968 983 1172 1026 Enceladus]
1206 984 1404 1026 prostratus
1437 993 1458 1017 a
1489 985 1667 1023 minei-vm

970 1034 1003 1066 ei
1035 1034 1147 1066 Aetna
1176 1034 1354 1076 imposita.
1401 1034 1497 1075 Virg.
1521 1035 1608 1071 Aen.
1634 1034 1667 1074 3,

970 1082 1044 1115 578.
1073 1101 1110 1106 —
1134 1082 1313 1124 iamaator]
1339 1082 1502 1116 «evolsos
1523 1084 1670 1116 &uncos

970 1132 1141 1164 audacter
1162 1131 1370 1166 iaculatus.»

1013 1182 1068 1214 57.
1114 1181 1279 1224 Palladis]
1320 1191 1449 1215 «caeca
1471 1183 1670 1226 visxcontm

969 1231 1213 1272 sapientiam.»
1234 1250 1271 1256 ν
1296 1232 1428 1274 aegida]
1454 1231 1525 1265 Ctr.
1541 1231 1589 1265 ad
1603 1231 1669 1265 Od.

970 1281 1001 1320 4,
1017 1280 1070 1320 45,
1090 1280 1143 1312 44.
1161 1281 1329 1314 Heinrich
1353 1280 1400 1313 ad
1415 1281 1498 1314 Hes.
1515 1282 1611 1314 Scut.
1625 1281 1668 1315 Η.

968 1329 1045 1362 200.
1070 1328 1145 1362 Val.
1171 1329 1284 1363 Flacc.
1302 1330 1338 1371 3,
1357 1331 1418 1364 88;
1444 1331 1600 1372 αεῇὶεοπο
1614 1347 1635 1354 -
1649 1349 1671 1356 -

967 1379 1044 1420 fera
1061 1382 1196 1420 pectore
1216 1380 1336 1422 vir90;
1361 1380 1424 1412 uhi
1444 1379 1490 1414 de
1506 1380 1666 1420 thorace.

969 1437 1040 1461 non
1070 1429 1115 1461 de
1149 1428 1263 1471 clipeo
1296 1429 1439 1462 videtur
1471 1430 1668 1471 cogitasse3

969 1477 1014 1510 de
1038 1477 1152 1520 clipeo
1186 1477 1232 1510 ab
1263 1479 1341 1520 ipsa
1371 1478 1439 1511 dea
1461 1479 1564 1512 hasta
1586 1487 1672 1520 per-

969 1535 1076 1560 cusso
1095 1527 1141 1559 ad
1155 1528 1332 1560 terrorem
1347 1527 1592 1560 incutiendum
1608 1527 1676 1560 ho->

969 1576 1083 1609 stibus
1118 1585 1163 1608 ex
1194 1585 1280 1610 vase
1316 1573 1463 1618 antiquo
1493 1570 1669 1619 interpre'-

968 1627 1063 1658 tatur
1076 1626 1233 1667 Bo'ttiger
1245 1626 1420 1659 Amlthea
1439 1627 1466 1659 1.
1484 1635 1520 1668 p.
1536 1626 1684 1668 XXXI..

968 1677 1008 1708 ut
1037 1676 1120 1708 fecit
1147 1676 1255 1709 etiam
1282 1675 1521 1710 Mitscherlich
1536 1701 1544 1716 ,
1581 1672 1671 1709 affe-'

967 1734 1053 1758 rens
1087 1726 1231 1760 Homeri
1262 1724 1300 1758 11.
1333 1736 1376 1772 ρ,
1415 1725 1502 1758 595:
1535 1722 1608 1768 τὴν
1636 1720 1669 1758 δ’

969 1772 1115 1816 ἐτίναξε
1129 1800 1139 1815 ,
1179 1775 1336 1817 clipeum
1371 1774 1442 1808 alte
1475 1773 1687 1816 sublatum«

969 1833 1011 1856 ac
1034 1825 1086 1857 sic
1108 1833 1258 1866 prorsus
1281 1832 1451 1866 expressa
1474 1825 1530 1857 est
1551 1824 1588 1856 in
1611 1825 1671 1857 Gi-

968 1874 1215 1915 gantomachia
1238 1873 1334 1916 apud
1350 1873 1511 1906 Gerhard
1529 1873 1668 1916 Vasonq.

967 1925 1009 1956 11.
1035 1924 1072 1955 T.
1098 1923 1272 1956 LXXXIV.
1301 1941 1337 1947 —
1362 1922 1534 1956 Aristides
1557 1923 1594 1956 in
1609 1922 1672 1980 uj-

967 1981 1077 2005 nerva
1110 1981 1147 2014 p.
1173 1973 1226 2004 45.
1259 1972 1388 2006 Dind.:
1427 1971 1589 2016 Λέγεται
1616 1968 1671 2015 ὦς

968 2018 1097 2064 ἐπειδὴ
1132 2021 1174 2054 οἱ
1202 2021 1381 2078 Γίγαντες
1408 2030 1436 2054 π
1436 2019 1687 2069 αρεταξαντοί

968 2070 1010 2104 ἐν
1054 2069 1101 2117 τῇ
1141 2068 1300 2127 Φλέγρᾳ,
1335 2031 1571 2115 Ἔγκέλωδον
1596 2070 1671 2116 μὲν

967 2121 1034 2152 καὶ
1055 2118 1147 2161 τοὺς
1169 2115 1412 2164 ἡγουμένους
1434 2117 1562 2154 aaran
1575 2122 1671 2156 κτεὶ-

967 2179 1024 2202 νει
1046 2166 1071 2213 ἡ
1094 2167 1200 2228 θεός,
1223 2173 1307 2211 τοῖς
1336 2169 1366 2202 ὅ
1398 2166 1531 2213 ἄλλοις
1561 2171 1669 2215 θεοῖς

967 2216 1099 2263 ὀλίγον
1138 2216 1184 2252 τὸ
1219 2229 1330 2265 εργον
1362 2221 1547 2264 γίγνεται,
1586 2220 1669 2257 ἐπεὶ

967 2269 1033 2301 καὶ
1064 2266 1142 2301 τῶν
1185 2263 1313 2301 αλλων
1345 2267 1537 2313 Γιγάντων
1570 2265 1669 2303 ὅσον

967 2312 1016 2361 ἧν
1038 2316 1244 2364 κράτιστον
1273 2319 1410 2352 κτείνει
1438 2317 1465 2362 ἡ
1486 2316 1580 2361 θεὸς
1601 2314 1670 2353 ἅτε

966 2368 1033 2400 καὶ
1055 2365 1173 2408 φύσει
1195 2366 1403 2410 πολεμίους
1437 2379 1552 2410 οντας
1584 2367 1669 2402 δια-

966 2415 1162 2464 φερόντως
1173 2414 1411 2462 ἀμυνομένη.
1425 2418 1574 2452 Palladis
1583 2428 1669 2453 cum

966 2466 1144 2500 Encelado
1166 2468 1354 2509 pugnantis
1374 2468 1567 2510 imaginem
1584 2467 1667 2502 vide

967 2517 1063 2559 apud
1086 2517 1246 2550 Gerhard
1272 2518 1409 2560 Vaseny.
1433 2519 1461 2551 1.
1485 2519 1522 2551 T.
1546 2518 1604 2550 VI.

1010 2568 1064 2600 58.
1089 2567 1143 2599 59.
1170 2567 1304 2609 avidus]
1329 2565 1571 2611 λιλαιόμενος
1595 2575 1667 2600 πο-

967 2613 1114 2658 λέμοιο.
1162 2615 1257 2649 Iliad.
1283 2627 1330 2657 v,
1354 2617 1420 2650 36:
1450 2612 1664 2658 Ἥφαιστος

1025 2666 1159 2699 σθένεϊ
1175 2665 1424 2709 βλεμεαίνων.
1455 2667 1510 2699 Sic
1525 2666 1667 2701 Tacitus
