1722 2904
0 2562 7 2568 ”
58 2570 143 2597 cum
180 2564 305 2598 Vossio
319 2575 327 2596 z

535 70 615 103 ΠΒ.
638 70 695 103 lV.
748 71 787 103 C.
814 63 885 103 x1.'

1417 70 1500 112 599

281 172 427 225 Vincta
455 172 656 216 verbenis
683 178 781 217 avet
810 172 1026 216 immolato

392 253 598 311 Spargier
627 266 737 311 agno
754 268 764 305 ;

278 371 439 414 Cuncta
468 370 638 414 festinat
664 384 838 421 manus,
871 370 955 414 huc
983 378 1027 414 et
1056 370 1155 414 illuc

284 451 497 494 Cursitant
523 450 679 494 mixtae
708 450 855 508 pueris
885 450 1076 508 puellae;

1445 451 1498 494 ⁴0

280 530 512 574 Sordidum
540 530 739 575 flammae
768 530 983 588 trepidant
1011 537 1200 575 rotantes

394 612 562 655 Vertice
593 611 767 654 fumum.

280 728 332 772 Ut
359 734 502 771 tamen
530 727 647 770 noris
675 727 834 785 quibus
864 727 1090 771 advoceris

283 807 480 858 Gaudiis,
512 807 613 850 Idus
642 807 717 850 tibi
747 814 845 851 sunt
875 808 1089 865 agendae,

286 888 369 940 Qui
400 887 494 931 dies
523 901 716 932 mensem
747 888 924 932 Veneris
953 889 1144 932 marinae

140 1045 173 1077 9.
196 1044 354 1086 festinant
375 1044 415 1076 N.
442 1043 620 1076 Heinsius.
650 1061 683 1068 —
714 1044 767 1075 44.

57 1193 754 1234 οει,9ναοηοηαηανοθονηιεααιθννα

56 1242 213 1274 evolem.
242 1241 402 1273 Donatus
424 1239 471 1272 ad
490 1240 569 1272 Ter.
588 1239 699 1272 Andr.
716 1238 749 1279 4,

794 1044 961 1084 crepitant
983 1042 1140 1076 malebat
1162 1043 1351 1077 Bentleius.

800 1193 866 1222 cta.
914 1189 984 1223 Cfr.
1023 1192 1144 1223 Iuven.
1174 1190 1234 1231 44,
1263 1191 1325 1223 59:
1364 1192 1497 1233 Hospite

798 1242 938 1272 venturo
950 1239 1088 1272 cessabit
1107 1248 1203 1273 uerno
1224 1243 1377 1279 taonem,-
1396 1242 1497 1275 Verre

47 1290 96 1328 3.
112 1290 149 1322 44
169 1299 177 1322 :
202 1289 416 1322 Verhenae-
429 1289 657 1321 -redimicula
677 1292 754 1320 mit
793 1289 1041 1329 pavimentum,
1086 1289 1211 1321 nitidas
1241 1290 1372 1322 ostende
1402 1291 1496 1323 colu-

57 1347 212 1372 aramm.
260 1338 360 1371 Conf.
385 1337 432 1370 ad
453 1337 518 1370 Od.
545 1338 580 1378 4,
606 1338 666 1377 49,
695 1337 749 1371 44.

56 1406 94 1412 —-
117 1387 299 1429 Sparyier]
338 1387 413 1420 Hoc
438 1396 510 1419 uno
534 1386 614 1419 loco
636 1388 673 1420 in
695 1386 752 1427 ly-

54 1437 139 1470 ricis
173 1437 283 1469 utitur
314 1437 474 1469 infinitivi
507 1436 620 1469 forma
660 1437 751 1468 anti-

55 1487 199 1528 quiore,
244 1495 315 1527 qua
348 1486 454 1518 nimis
493 1485 592 1518 abuti
636 1485 752 1518 solent

54 1533 158 1577 lyrici
170 1531 282 1568 Latini
295 1536 514 1568 recentiores
526 1560 534 1575 ,
551 1535 657 1567 etiam
673 1536 754 1567 Sar-

0 1600 4 1604 ·
53 1583 206 1618 hievius.
219 1603 257 1608 —
269 1586 363 1625 lam,
381 1585 479 1626 quod
494 1593 672 1617 nonnemo
689 1593 751 1616 ca-

3 1674 7 1678 *
53 1632 192 1667 villatus
214 1635 270 1667 est
291 1643 336 1666 ex
357 1634 525 1666 Varronis
549 1634 749 1667 testimonio

54 1683 151 1725 apud
174 1683 408 1716 Censorinum
431 1683 470 1715 C.
496 1683 540 1714 2:
578 1683 617 1714 Id
648 1683 752 1714 moris

0 1739 7 1757 ’ν
52 1732 258 1773 unitatique
269 1740 415 1764 ηιαιονοε
434 1732 541 1763 nostri
562 1735 749 1771 tenuerunt,

0 1792 4 1805 ³
52 1784 92 1814 ut
110 1790 188 1814 cnam
208 1781 261 1814 die
279 1781 388 1814 natali
407 1790 528 1813 munus
547 1781 670 1813 annale
684 1781 751 1813 Ge-

0 1830 7 1854 ἐ
52 1830 110 1863 nio
133 1830 314 1870 sober-ent,
354 1838 494 1862 mantem
525 1838 548 1861 a
580 1830 679 1862 caede
709 1838 750 1861 ae

0 1881 9 1895 ⁴
52 1879 216 1921 emmane
248 1878 465 1918 abstinerent,
499 1887 541 1910 ne
573 1879 646 1918 die,
682 1887 751 1918 qua

54 1927 118 1969 ips
142 1928 250 1961 aava„
281 1929 502 1969 accepissant,
539 1928 616 1959 auis
640 1928 751 1959 aeme-

0 1996 18 2018 -=
52 1980 151 2010 rent:
183 1986 371 2010 assensum
394 1977 544 2010 fortasse
567 1978 747 2015 moveret,

0 2027 5 2057 ἶ-
55 2026 86 2060 si
106 2025 152 2058 de
175 2027 307 2059 Horatii
329 2027 440 2068 ipsius
463 2026 521 2058 die
544 2024 649 2058 natali
671 2026 707 2057 h.
724 2024 747 2056 l.

2 2098 5 2099 γ
54 2076 237 2116 ageretur3

4 2132 5 2135 ’
55 2125 244 2166 quominus
276 2124 490 2157 Maecenatis
531 2122 636 2155 natali
680 2132 751 2155 una

54 2180 121 2214 pro
142 2173 246 2205 amici
268 2172 380 2205 salute
404 2174 441 2205 et
461 2181 527 2215 pro
543 2173 658 2205 semet
672 2172 750 2213 ipso

0 2233 10 2264 ε,
41 2217 135 2255 ‘rem
166 2222 322 2255 divinam
356 2222 453 2255 domi
486 2231 572 2254 suae
602 2221 748 2254 faceret.

287 2074 371 2107 nihil
418 2076 539 2107 autem
581 2073 727 2106 vetabat
740 2098 748 2112 ,

56 2271 187 2304 Confer
213 2272 320 2304 etiam
343 2272 408 2304 Od.
433 2272 475 2311 3,
494 2272 556 2311 47,
575 2271 652 2310 45.,
688 2271 750 2303 ubi

3 2317 10 2343 ἶ
57 2321 179 2353 nonu-a
199 2320 297 2353 idem
317 2321 486 2353 Varronis
509 2321 750 2353 testimonium

23 2376 27 2379 *
57 2368 180 2402 am
198 2373 342 2402 curatur
358 2378 464 2410 porco
487 2370 641 2402 bimestri.

2 2411 23 2455 ,⁴
99 2417 217 2451 9-42.
248 2419 384 2460 mantas]
410 2418 558 2451 «familia
580 2427 661 2451 mea
677 2420 750 2451 tota

0 2477 14 2511 J.
57 2465 241 2508 diligenter
273 2468 449 2500 ministrat
487 2468 688 2500 convivium
730 2477 750 2500 a

0 2540 12 2554 .,
57 2521 117 2548 me
131 2517 328 2558 paratum.»
353 2517 547 2556 Quominus
570 2518 750 2549 vertamus

387 2566 636 2606 Unqesdumt
676 2566 752 2598 eilt

53 2613 243 2654 jealiche
262 2615 400 2654 Hand,·
424 2615 590 2657 prohibet
610 2625 642 2647 v.
669 2623 752 2647 cun-0

797 1346 917 1377 mnas;
953 1338 1060 1370 Arida
1098 1347 1175 1371 cum
1215 1342 1285 1371 tota
1321 1339 1497 1372 descendat

798 1387 1017 1428 aramtgla
1038 1388 1108 1419 cet.
1143 1404 1180 1410 —
1210 1388 1328 1427 pueris
1344 1388 1490 1431 puellae]

798 1437 948 1468 ministri
978 1439 1016 1468 et
1042 1435 1201 1468 ancillae.
1233 1437 1275 1469 V.
1295 1437 1428 1477 puellae
1449 1437 1495 1470 de

798 1484 931 1517 ancillis
953 1485 1198 1524 rarissimum;
1224 1486 1338 1527 cogita
1353 1486 1400 1519 de
1414 1495 1494 1519 ver-

798 1534 902 1567 nulis.
929 1552 968 1557 —
992 1534 1187 1575 Sordidum]
1210 1535 1288 1566 den
1312 1536 1495 1578 qualmt'y

797 1583 1219 1616 wirbelndenRauch.
1244 1584 1347 1616 Voss.
1367 1602 1405 1608 —
1429 1588 1496 1618 tre-

792 1634 915 1673 pidant
936 1631 1095 1672 rotantes]
1120 1631 1278 1664 «fumum
1307 1632 1494 1667 celerrime

798 1682 1007 1723 torquentes
1030 1689 1073 1712 ac
1095 1680 1354 1722 glomerantes,
1386 1683 1434 1715 ita
1455 1685 1496 1715 ut

800 1731 877 1763 eius
892 1730 1064 1762 verticem
1086 1728 1283 1772 (Wirbel)
1306 1730 1494 1764 efficiant.»

799 1779 982 1819 «Quodam
1011 1780 1168 1811 tremore
1191 1779 1330 1819 nigrum
1358 1779 1495 1812 fumum

798 1828 1018 1870 glomeratim
1033 1826 1219 1859 volventes
1234 1828 1271 1859 in
1285 1829 1492 1861 verticem.»

799 1878 910 1910 Coun.
929 1877 1033 1913 Cnuo.
1081 1876 1180 1908 Hanc
1203 1877 1299 1908 enim
1320 1877 1495 1918 interpre-

798 1926 967 1958 tationem
981 1923 1211 1966 praetulerim
1226 1924 1338 1964 alteri,
1363 1934 1407 1957 ex
1422 1934 1494 1967 qua

796 1979 913 2008 vertex
921 1976 976 2007 est
986 1973 1148 2006 «culmen
1153 1974 1330 2007 aedium.»
1343 1975 1418 2007 Iam
1429 1976 1495 2008 Lu-

799 2026 929 2057 cretius
942 2025 973 2063 6,
983 2024 1060 2056 2⁰0.
1075 2023 1120 2055 de
1133 2022 1353 2056 fulminibus:
1366 2028 1496 2057 rotant-

799 2083 861 2115 que
882 2074 975 2106 cavis
994 2075 1167 2115 flammam
1187 2073 1379 2113 fomacibus
1392 2074 1492 2106 intus.

795 2120 800 2126 '
843 2123 884 2155 43
900 2140 919 2146 -
935 2123 987 2154 46.
1026 2122 1145 2161 quibus
1176 2122 1363 2162 advoceris]
1395 2122 1493 2155 Hanc

799 2172 950 2204 formam
995 2170 1164 2203 exhibent
1210 2171 1379 2211 quattuor
1421 2173 1492 2204 mei

799 2221 911 2254 Codd.
925 2245 934 2260 ,
952 2220 1018 2252 etsi
1033 2228 1100 2261 ego
1116 2228 1260 2260 quoque
1274 2220 1494 2261 praeferrem

799 2271 959 2302 advocere
979 2271 1015 2301 et
1038 2270 1185 2310 propter
1211 2276 1339 2301 sonum
1359 2270 1396 2301 et
1408 2278 1493 2311 pro-

798 2321 878 2361 pter
893 2317 1086 2351 multorum
1101 2317 1213 2350 Codd.
1231 2319 1491 2358 auctoritatem,

798 2367 934 2409 quiOd.
951 2366 984 2406 4,
999 2367 1052 2406 ⁴2,
1072 2367 1124 2398 46.
1147 2366 1311 2399 merebere
1326 2367 1494 2411 exhibent

798 2426 863 2459 pro
873 2416 1058 2449 mereberis,
1068 2431 1104 2438 -
1117 2415 1252 2448 Eadem
1261 2418 1495 2450 constructio—

799 2475 844 2499 ne
862 2465 1001 2505 Quintil.
1020 2467 1056 2498 44
1072 2491 1080 2505 ‚
1099 2466 1114 2497 4
1129 2490 1137 2505 ,
1155 2465 1215 2497 39;
1250 2474 1391 2506 causae,
1416 2467 1494 2506 qm·-

800 2516 859 2547 bus
880 2516 1095 2547 advocamur.
1124 2533 1159 2537 —
1183 2514 1348 2556 marinae]
1372 2515 1436 2547 Od.
1457 2516 1490 2555 3,

800 2566 861 2604 26,
879 2565 912 2596 5.
934 2560 1207 2606 Ἀναδυομένης
1220 2588 1229 2602 ,
1254 2572 1345 2605 quae
1369 2573 1492 2598 mense

799 2613 926 2656 Aprili,
963 2614 1028 2655 ipsi
1058 2622 1176 2651 sacro,
1214 2622 1234 2645 e
1257 2613 1347 2645 mari
1373 2621 1493 2646 emer-
