1722 2904
546 77 722 111 CARMEN
748 78 977 112 SECULARE.

1453 74 1529 118 6311

236 178 378 215 Ἔνθεν
400 180 597 230 πορσύνῃς
617 183 877 226 μεμνημένος.
912 177 1067 225 Ἤμασι
1087 177 1220 214 δ”έστω

245 235 341 280 Νυξί
360 237 678 286 τ’ἐπασσυτέρῃσι
699 237 959 284 θεοπρέκτοος
980 234 1079 270 κατὰ
1101 234 1255 278 θώκους

244 291 489 336 Παμπληθὴς
510 289 659 340 ἄγυρις·
686 289 838 336 σπουδὴ
861 291 903 326 δὲ
924 291 1059 336 γέλωτι
1080 288 1272 335 μὲμίχθω.

311 347 439 382 Ταῦτά
462 359 522 382 τοι
545 348 586 382 ἐν
608 349 725 396 φρεσὶ
746 346 864 396 σῇσιν
885 345 948 381 ἀεὶ
967 348 1215 392 μεμνημένος
1238 345 1354 387 εἶναι,
1496 348 1538 380 35

246 405 321 438 Καί
343 415 408 438 σοι
430 404 537 438 πᾶσα
558 402 666 444 χθών
684 401 813 447 Ἰταλὴ
836 405 903 437 καὶ
924 402 1033 437 πᾶσα
1053 403 1200 447 Λατὶνη

244 459 332 493 Αἰὲν
355 457 430 494 ὑπὸ
453 459 705 507 σκήπτροισιν
729 456 960 499 ὑπαυχένιον
983 457 1097 503 ζυγὸν
1121 454 1207 501 ἔξει.

446 695 759 736 cm
799 693 1193 735 Sflm

324 794 498 838 Phoebe
529 794 821 851 silvarumque
851 800 1003 851 potens
1033 793 1168 836 Diana
1185 828 1194 843 ‚

325 875 535 919 Lucidum
563 874 672 918 caeli
701 874 857 924 decus,
890 888 916 917 o
947 873 1114 918 colendi

328 956 512 1014 Semper
541 961 584 999 et
613 954 730 1005 culti,
764 955 883 1004 date,
916 968 1030 1012 quae
1059 968 1288 1011 precamur

438 1037 647 1093 Tempore
678 1048 823 1085 sacro,

189 1131 365 1164 CARMEN
387 1131 616 1164 SECULARE.
663 1129 775 1162 Abest
797 1138 818 1162 a
841 1129 952 1162 Codd.
978 1130 1068 1162 meis
1091 1130 1114 1161 S
1138 1131 1173 1162 et
1195 1129 1240 1166 d;
1267 1129 1386 1163 deficit
1406 1131 1442 1163 in
1462 1140 1495 1164 v.

143 1181 197 1213 20.
223 1179 311 1213 Cod.
337 1180 548 1212 Turicensis.
577 1198 611 1204 —
644 1178 812 1212 Notabilis
837 1181 891 1213 est
913 1180 1095 1221 inscriptio
1120 1180 1259 1213 Codicis
1282 1180 1430 1213 Gothani
1452 1182 1495 1213 2:

143 1229 262 1270 Incipit
278 1238 418 1262 cannen
439 1229 589 1261 seculare
621 1229 709 1268 quod
736 1229 833 1268 patri
860 1238 933 1261 meo
963 1232 994 1261 et
1020 1229 1124 1261 matri
1155 1238 1249 1261 meae
1282 1233 1500 1263 cantaveram

143 1279 190 1311 ad
211 1279 349 1311 chorum
366 1287 551 1319 puerorum
567 1278 822 1318 puellarumque
844 1279 888 1310 ad
903 1278 1086 1318 Apollinem
1108 1281 1139 1310 et
1152 1278 1304 1310 Dianam
1314 1279 1502 1319 proseutice

145 1328 331 1360 tetracolos.
378 1327 513 1367 Quibus
541 1328 576 1360 in
603 1327 724 1360 verbis
754 1328 820 1359 etsi
850 1327 947 1359 varie
977 1327 1151 1368 corruptis
1181 1328 1368 1360 manifesto
1392 1327 1501 1361 latent

146 1376 237 1409 haec
272 1377 420 1410 Zosimi.
468 1375 599 1417 παῖδες
631 1376 830 1417 ἐπιφανεῖς
870 1373 969 1419 μετὰ
1002 1376 1277 1435 παρθένων-,α
1291 1377 1332 1409 οἳ
1363 1375 1500 1419 πάντες

144 1423 404 1468 ἀμφιθαλεῖς,
440 1421 534 1472 ὅπερ
557 1425 680 1465 ἐστίν,
713 1422 962 1483 ἀμφοτέρους
990 1423 1082 1467 τοὺς
1103 1429 1228 1469 γονεῖς
1256 1437 1411 1468 εχοντες
1434 1436 1501 1460 πε-

143 1473 299 1522 ριόντας
321 1476 472 1518 (patrimi
495 1478 531 1509 et
552 1476 735 1516 matrimi),
766 1470 913 1518 ὕμνους
934 1471 1073 1519 ᾄδουσι
1095 1475 1174 1507 κτλ.
1216 1476 1315 1508 Conf.
1340 1477 1500 1518 Berneys

144 1526 256 1558 Rhein.
280 1527 368 1559 Mus.
392 1527 436 1558 N.
452 1527 489 1558 F.
514 1526 571 1558 VI.
595 1535 631 1567 p.
659 1526 733 1558 ⁴38.
763 1528 798 1558 et
820 1534 911 1567 quae
935 1525 1182 1558 adnotavimus
1205 1525 1250 1557 ad
1272 1535 1306 1558 v.
1333 1526 1365 1558 6.

148 1606 162 1637 l
182 1623 202 1629 -
216 1605 248 1638 4.
282 1605 414 1647 Phoebe]
446 1606 496 1638 Ex
519 1606 648 1638 Zosimi
670 1614 795 1638 narra-
847 1605 897 1643 3,⁴
914 1609 1045 1645 :potens
1054 1605 1183 1647 Cypri.)
1195 1603 1325 1638 ναπῶν
1335 1604 1541 1649 μεδέουσα.

101 1655 195 1687 tione
207 1656 344 1688 constat
358 1655 532 1695 hymnum
547 1655 642 1687 hunc
659 1656 693 1688 in
705 1655 794 1687 aede

100 1703 267 1746 Apollinis
302 1704 446 1736 Palatini
483 1706 663 1737 cantatum
701 1713 793 1737 esse.

101 1753 280 1795 Optimum
313 1754 433 1785 autem
467 1753 560 1786 factu
590 1753 665 1786 fore
694 1753 797 1785 vide-

101 1803 177 1841 tur,
201 1803 242 1833 ut
263 1801 309 1834 ad
332 1801 576 1843 explicandam
598 1803 690 1834 hanc
710 1811 796 1843 prae

102 1851 230 1883 ceteris
252 1850 306 1883 dis
327 1850 494 1892 Apollinis
518 1852 554 1883 ct
580 1852 711 1883 Dianae
742 1851 798 1882 in-

101 1899 325 1932 vocationem
347 1899 536 1941 utrobique
560 1902 597 1932 et
623 1901 658 1932 in
681 1898 798 1940 Sibyl-

102 1942 181 1981 linis
214 1947 312 1981 libris
347 1949 383 1980 e't
415 1949 510 1990 apud
548 1949 728 1981 Horatium
763 1949 797 1980 in

102 1998 259 2030 Excursu
281 2006 364 2030 cum
391 1997 524 2030 lectore
555 1998 798 2030 communice-

102 2055 202 2086 mus,
228 2055 320 2088 quae
344 2047 485 2079 Iahnius
509 2047 612 2079 docte
637 2049 672 2078 et
689 2055 799 2078 accu-

39 2112 57 2129 -,
99 2096 177 2128 rate
211 2095 377 2128 disseruit
409 2096 455 2128 ad
487 2095 619 2136 Virgilii
651 2095 722 2127 ECl·
757 2095 795 2135 4,

103 2145 165 2177 ⁴0:
204 2144 305 2176 Casta
330 2145 408 2185 fave
442 2146 590 2177 Lucina:
624 2149 700 2177 tuus
729 2146 798 2176 iam

101 2197 222 2235 remae
234 2194 367 2234 Apollo:
392 2194 461 2226 hoc
476 2194 722 2226 tantummodo
739 2194 799 2226 ad-

103 2242 228 2275 dentes
238 2267 246 2282 ,
271 2242 389 2275 Solem
405 2245 440 2275 et
456 2244 591 2276 Lunam
607 2252 690 2276 cum
705 2244 797 2275 aeris

0 2275 3 2278 ‚
34 2287 38 2290 ”
103 2290 255 2324 salubris
284 2293 390 2333 atque
419 2301 585 2333 agrorum
614 2292 798 2324 fertilitatis

102 2339 263 2379 datores,
300 2343 375 2373 tum
409 2342 454 2373 ad
488 2343 627 2383 pestem
660 2341 797 2382 aliaque

103 2388 195 2421 mala
219 2390 487 2422 averruncanda
509 2391 798 2431 praesentissima

105 2445 185 2469 esse
203 2437 307 2470 ducta
323 2439 467 2470 numina
483 2439 557 2480 (cfr.
576 2439 638 2471 Od.
658 2440 689 2478 4,
708 2439 796 2479 2⁴.);

103 2488 290 2527 praeterea
305 2488 499 2528 Augustum
515 2497 585 2520 non
601 2488 677 2520 sinc
693 2488 801 2520 simu-

105 2533 233 2567 latione
250 2544 400 2578 vsemper
423 2537 458 2568 id
482 2537 686 2577 affectasse,
711 2538 798 2569 utin

106 2585 294 2626 praecipua
306 2584 471 2626 Apollinis
486 2585 592 2618 tutela
610 2594 690 2618 esse
705 2585 801 2618 vide—

108 2634 214 2666 retur.
237 2653 271 2658 —
291 2635 515 2674 silvarumque
528 2635 652 2676 potens]
672 2635 745 2676 (Od.
767 2636 797 2674 ⁴,

846 1655 938 1695 Virg.
963 1656 1051 1687 Aen.
1077 1655 1114 1694 9,
1139 1654 1223 1687 405:
1250 1655 1426 1688 Astrormn
1447 1657 1545 1688 decus

845 1708 875 1736 et
897 1713 1070 1736 nemorum
1090 1705 1234 1736 Latonia
1254 1709 1372 1737 custos.
1409 1707 1543 1738 Seneca

846 1753 984 1794 Hippol.
1010 1753 1094 1786 4⁴0:
1131 1754 1157 1785 0
1178 1763 1305 1795 magna
1332 1755 1433 1787 silvas
1458 1756 1546 1787 inter

846 1806 876 1834 et
904 1803 994 1834 lucos
1022 1804 1085 1835 dea
1114 1803 1314 1844 Clarumque
1342 1805 1427 1836 caeli
1454 1805 1546 1836 sidus

846 1856 876 1884 et
909 1853 1013 1883 noctis
1049 1853 1156 1883 decus.
1194 1871 1231 1875 —
1266 1854 1428 1886 Lucidum
1460 1854 1544 1886 caelo·

846 1902 959 1940 decus]
996 1909 1093 1933 num.
1120 1902 1207 1942 sing.
1233 1901 1279 1933 de
1307 1902 1448 1935 duobus
1476 1912 1545 1935 nu-

846 1949 1000 1982 minibus
1024 1951 1195 1990 geminis,
1217 1952 1257 1982 ut
1272 1951 1335 1983 Od.
1353 1951 1392 1991 4,
1417 1952 1455 1991 8,
1481 1952 1541 1984 3⁴:

846 1999 984 2031 Clarum
1007 2000 1216 2039 Tyndaridae
1245 2001 1346 2032 sidus.
1375 2020 1412 2024 —-
1437 2010 1457 2033 ο
1485 2010 1545 2034 co-

846 2049 932 2079 lendi
960 2049 1096 2088 Semper
1117 2052 1148 2080 et
1173 2049 1268 2089 culti]
1312 2049 1431 2082 Verba
1462 2051 1546 2083 sunt

846 2096 944 2128 velut
955 2106 998 2129 ex
1010 2096 1242 2130 formularum
1254 2106 1433 2138 sermone,
1451 2108 1544 2140 quae

847 2155 866 2178 a
891 2145 1066 2178 nonnullis
1089 2147 1309 2187 reprehensa
1328 2148 1467 2180 Steiner
1488 2157 1546 2180 re-

847 2196 903 2226 cte
929 2194 1083 2226 vindicat
1106 2194 1240 2228 collatis
1269 2196 1366 2228 ovid.
1395 2198 1478 2230 Met.
1503 2197 1542 2237 8,

847 2243 929 2276 349:
953 2244 1092 2283 Phoebe,
1109 2245 1158 2276 ait
1167 2245 1380 2285 Ampycides,
1405 2246 1433 2277 si
1448 2249 1479 2278 te
1492 2255 1547 2278 co-

847 2293 957 2332 luique
971 2293 1106 2332 coloque
1124 2312 1174 2325 —.
1194 2294 1257 2326 Od.
1277 2294 1312 2334 4,
1332 2296 1370 2333 2,
1388 2294 1447 2326 37:
1474 2296 1545 2335 Quo

846 2342 929 2373 m‘hil
941 2343 1052 2374 maius
1065 2343 1221 2375 meliusve
1235 2344 1334 2375 terris
1343 2344 1430 2375 Fata
1442 2345 1547 2377 dona-

846 2399 923 2422 vere
941 2391 1080 2430 bonique
1098 2393 1182 2431 divi,
1201 2393 1268 2424 Nec
1284 2393 1409 2425 dabunt
1420 2395 1488 2425 cet.
1506 2412 1542 2418 —-

851 2441 1004 2480 Tempore
1036 2442 1151 2481 sacro]
1186 2442 1296 2481 prisco
1319 2451 1362 2474 ex
1384 2443 1547 2484 Porphy-

849 2490 948 2522 rione
971 2493 1186 2532 receperunt
1209 2492 1379 2525 Baxtcrus
1402 2493 1437 2524 et
1458 2494 1546 2526 Ges-

850 2547 968 2571 nerus.
994 2540 1127 2572 Verum
1146 2541 1364 2582 Porphyrion
1380 2541 1470 2573 haec
1486 2541 1547 2574 ad-

850 2589 965 2619 notat:
1004 2589 1108 2621 «Non
1143 2591 1305 2631 tempore
1338 2590 1455 2631 prisco
1490 2591 1546 2623 di-

851 2636 1003 2670 cendum
1040 2640 1111 2675 est,
1156 2638 1219 2671 sed
1255 2640 1432 2681 tempore,
1474 2649 1544 2681 quo
