1722 2904
162 76 243 118 63⁵2

389 183 484 234 Ouo
507 182 703 241 Sibyllini
733 195 942 227 monuere
971 196 1132 226 versus

805 79 974 112 HORATu

1585 186 1611 226 ΟΕ

388 263 581 321 Virgines
610 263 742 308 lectas
772 278 1022 323 puerosque
1053 271 1196 308 castos

386 345 481 394 Dis,
514 344 672 409 quibus
703 353 869 403 septem
899 345 1104 402 placuere
1134 345 1288 397 colles,

499 426 654 470 Dicere
686 440 873 470 carmen.

385 531 503 575 Alme
535 532 634 582 Sol,
668 546 797 575 curru
829 532 962 576 nitido
994 533 1109 577 diem
1139 534 1213 591 qui

384 612 550 656 Promis
581 620 624 656 et
653 612 768 656 celas
801 613 999 671 aliusque
1030 621 1073 658 et
1101 613 1216 658 idem
1555 614 1609 658 ⁴0

246 720 277 751 5.
304 719 391 759 quod
412 718 464 751 Bb
489 721 525 752 et
550 720 717 761 quattuor
738 719 898 753 Blandin.
926 721 1008 762 (non
1031 721 1104 763 Tc).
1133 740 1169 745 -
1193 721 1301 755 laetas
1319 721 1343 754 b
1369 723 1450 763 (non
1464 723 1563 763 BTc).

159 811 275 852 prisca
313 811 527 844 imitantur.»
577 812 627 845 Ex
665 821 736 854 qua
775 813 860 846 satis

160 861 307 894 confusa
330 862 621 903 interpretatione
644 862 714 895 hoc
729 863 858 904 prodit,

159 911 378 952 antiquiores
407 911 652 953 Porphyrione
683 912 862 954 interpre-

159 963 213 993 tes
248 961 295 992 ita
330 960 442 993 ferme
476 959 596 994 locum
626 962 857 1003 exposuisse:

160 1014 327 1051 «tempore
364 1011 478 1051 sacro]
518 1019 621 1044 sacro
660 1021 704 1044 ex
740 1013 860 1054 prisco

160 1060 241 1099 ritu,
260 1060 427 1101 quoniam
445 1060 567 1093 seculo
582 1060 756 1095 redeunte
773 1063 863 1095 tem-

159 1118 227 1151 pus
250 1118 316 1151 per
338 1118 377 1143 se
402 1109 441 1142 fit
463 1119 641 1144 sacrum.»

201 1160 234 1191 5.
253 1158 284 1191 6.
309 1158 463 1199 Sibyllini
476 1169 592 1193 versus
606 1160 766 1194 consulto
781 1170 862 1195 me-

160 1209 362 1248 morantur,
391 1209 473 1250 quia
497 1210 627 1243 horum
650 1211 859 1244 auctoritate

159 1256 326 1290 utebatur
358 1259 537 1300 Augustus
575 1260 611 1293 in
643 1261 859 1294 renovandis

158 1306 248 1340 ludis
272 1307 506 1342 secularibus.
552 1310 714 1352 Virgines
738 1312 859 1344 autem

158 1358 193 1388 et
215 1357 317 1398 pueri
340 1366 454 1398 nunc,
485 1360 526 1391 ut
547 1358 596 1392 ita
619 1359 753 1400 dicam,
783 1361 859 1402 pri—

157 1414 257 1439 mum
295 1407 331 1439 in
371 1415 478 1441 scena
519 1411 769 1451 comparentes
812 1409 857 1442 de

157 1463 196 1487 se
242 1456 310 1498 ipsi
356 1465 399 1489 eo
433 1458 545 1499 magis
585 1458 699 1492 verba
738 1459 857 1493 facere

159 1504 355 1544 debebant,
402 1507 460 1547 ut,
497 1516 580 1541 cum
609 1517 653 1540 ex
680 1509 856 1550 primariis

159 1554 297 1587 familiis
339 1554 420 1588 lecti
463 1558 604 1597 essent,
653 1559 746 1591 inter
790 1558 856 1592 hos

158 1604 255 1644 ipsos
277 1613 405 1638 versus
436 1605 482 1638 ab
517 1606 559 1639 iis
591 1608 753 1640 cantatos
775 1608 858 1641 taci-

155 1656 226 1685 lum
265 1657 472 1694 pertentaret
518 1657 681 1698 qaudiwm
725 1666 858 1700 paren—

155 1704 233 1735 tum
251 1707 402 1744 pectora.
428 1705 525 1738 Haec
540 1706 634 1740 dicta
650 1707 720 1740 sint
734 1709 858 1741 contra

156 1752 239 1792 HP.‚
268 1753 330 1794 qui
351 1753 444 1786 hanc
467 1756 640 1797 strophen
663 1756 768 1790 obelo
791 1766 858 1790 no-

156 1802 252 1834 tavit.
279 1801 502 1844 (SIBVLLAE
525 1805 597 1847 (sic)
622 1806 757 1848 effigies
774 1816 857 1840 cum

155 1850 329 1884 librorum
344 1852 598 1894 Sibyllinorum
613 1864 725 1889 urceo
748 1865 858 1899 super

155 1901 334 1943 tripodem
357 1902 528 1936 collocato
552 1906 607 1938 est
628 1906 665 1938 in
686 1907 725 1938 L.
751 1906 858 1948 (Mar-

156 1951 216 1990 cii)
257 1951 458 1993 TORQVAT.
494 1954 552 1986 III.
593 1955 671 1988 VIR.
708 1964 856 1989 nummo

156 2000 253 2042 apud
286 2001 404 2034 Riccio
436 2003 484 2035 Μ.
509 2003 547 2036 F.
571 2005 611 2037 R.
635 2013 671 2046 p.
698 2005 786 2046 ⁴35.)
817 2023 853 2028 —

155 2050 222 2088 Qui
244 2051 315 2083 iam
338 2052 460 2085 seculo
483 2055 610 2086 octavo
634 2063 667 2086 v.
693 2055 726 2087 5.
757 2053 857 2096 lege-

154 2101 236 2131 runt
267 2101 378 2141 Quod,
416 2102 469 2135 sic
499 2102 665 2136 videntur
693 2105 857 2137 constru-

154 2149 268 2182 xisse:
316 2151 392 2184 dale
438 2161 525 2192 quae
555 2161 740 2194 precamur
774 2162 856 2186 car-

152 2199 258 2239 mine,
284 2201 373 2239 quod
395 2201 547 2242 Sibyllini
568 2211 727 2235 monuere
742 2211 857 2236 versus

153 2248 332 2289 virgines·
347 2267 366 2274 ·—
388 2251 439 2283 dis
471 2251 591 2284 dicere.
632 2270 669 2275 —
709 2253 858 2294 Virqines

156 2299 246 2340 cet.]
278 2299 359 2345 τρὶς
393 2299 504 2333 ἐννέα
527 2302 655 2335 Zosimi
689 2303 773 2335 sunt
799 2303 856 2334 ter

154 2356 314 2382 novenae
352 2350 524 2392 virgines,
566 2352 691 2393 terque
725 2351 854 2385 noveni

154 2399 274 2438 pueri,
303 2407 364 2432 sex
389 2401 495 2433 totius
519 2401 617 2433 chori
640 2401 747 2435 veluti
771 2410 855 2444 par-

154 2448 225 2485 tes;
263 2456 306 2480 ex
341 2457 441 2482 more
476 2451 647 2484 Romano.
688 2451 760 2484 Liv.
790 2451 851 2490 27,

156 2496 196 2528 37
208 2506 214 2527 :
242 2498 425 2531 Decrevere
435 2500 640 2542 -pontifices,
657 2504 696 2533 ut
708 2501 855 2543 viraines

155 2549 204 2578 ter
231 2555 378 2580 novenae
403 2557 468 2588 per
496 2549 612 2593 urbem
640 2554 752 2583 euntes
772 2560 855 2583 car-

156 2604 228 2627 men
261 2601 430 2630 canerenl.
466 2598 503 2631 3⁴
521 2624 528 2638 ,
566 2599 626 2632 ⁴2:
668 2600 856 2633 Decemviri

155 2654 197 2676 ex
220 2645 312 2677 libris
335 2646 539 2688 (Sibyllinis)
562 2665 580 2673 -
596 2666 614 2672 -
630 2657 765 2683 carmen
779 2667 797 2674 -
813 2650 856 2682 ab

909 816 961 846 ter
974 814 1110 846 novenis
1121 813 1310 856 virginibus
1322 815 1401 847 cani
1417 823 1483 856 per
1495 815 1611 849 urbem

908 863 1086 896 iussenmt.
1125 881 1162 887 —
1197 864 1299 897 lectas
1315 881 1336 888 -
1353 865 1479 906 castos]
1514 865 1611 898 Haec

910 912 981 945 duo
1012 912 1170 946 ἐπίθετα
1199 921 1315 956 aeque
1345 913 1392 947 ad
1418 915 1610 957 utrumque

910 970 1037 996 sexum
1058 963 1250 1005 pertinent.
1297 963 1386 996 Esse
1418 964 1515 997 enim
1543 964 1611 997 de-

910 1010 1045 1044 hebant
1073 1021 1116 1045 ex
1144 1012 1374 1046 confarreatis
1401 1012 1610 1056 parentibus

909 1062 1033 1103 geniti,
1063 1063 1254 1105 patriciae,
1288 1064 1385 1096 certe
1408 1064 1608 1098 senatoriae

910 1112 1042 1154 stirpis,
1068 1120 1111 1145 ac
1134 1111 1239 1145 simul
1262 1107 1520 1155 ἀμφιθαλεῖς,
1543 1122 1611 1156 pa—

908 1161 1002 1195 trimi
1026 1162 1062 1195 et
1084 1162 1252 1196 matrimi.
1293 1162 1364 1196 Cfr.
1381 1164 1470 1196 Acta
1495 1163 1606 1197 Fratr.

908 1212 990 1245 Arv.
1008 1212 1045 1244 T.
1064 1212 1118 1245 32.
1143 1221 1177 1245 v.
1197 1213 1258 1245 ⁴7:
1281 1213 1415 1247 Pmms.
1439 1221 1607 1247 umus.

907 1269 961 1293 Er.
974 1269 1148 1296 numus.
1165 1269 1372 1296 summanr.
1389 1270 1503 1297 rans.
1521 1263 1609 1296 item

907 1319 964 1344 vv.
991 1310 1112 1353 Sibyll.
1138 1312 1194 1345 2⁴.

950 1361 1046 1394 9-42.
1084 1361 1178 1394 Alme
1210 1360 1279 1404 Sol]
1313 1361 1384 1395 Cir.
1419 1360 1608 1395 formulam

905 1411 991 1444 iuris
1031 1410 1170 1444 iurandi
1211 1410 1360 1454 Philippi
1398 1419 1472 1445 cos.
1512 1411 1608 1454 apud

905 1461 1007 1494 Diod.
1044 1462 1242 1503 Fragment.
1277 1460 1380 1494 Dind.
1405 1469 1486 1504 pag.
1520 1462 1606 1495 ⁴28:

894 1506 1062 1554 Ὄμνυμι
1084 1509 1154 1544 τὸν
1176 1509 1250 1544 Δία
1269 1507 1339 1544 τὸν
1360 1508 1608 1544 Καπετώλιον

905 1561 971 1593 καὶ
999 1557 1071 1604 τὴν
1096 1556 1252 1594 Ἑστίαν
1272 1557 1344 1603 τῆς
1368 1556 1518 1604 Ῥώμης
1538 1561 1608 1594 καὶ

904 1607 974 1643 τὸν
1017 1607 1195 1657 πατρῷον
1235 1606 1357 1653 αὐτῆς
1387 1605 1504 1658 *Ἄρην
1539 1611 1608 1645 καὶ

904 1657 989 1693 τὸν
1010 1660 1252 1718 γέναρχον
1267 1654 1425 1694 Ἥλιον
1447 1660 1516 1693 καὶ
1535 1657 1608 1704 τὴν

906 1707 1094 1757 εὐεργέτιν
1115 1705 1223 1752 ζώων
1245 1719 1286 1744 τε
1300 1710 1367 1744 καὶ
1381 1707 1515 1751 φυτῶν
1528 1707 1609 1754 Γῆν

907 1761 957 1802 (C.
980 1761 1014 1793 S.
1030 1769 1066 1793 v.
1084 1761 1166 1802 29.),
1191 1770 1249 1794 ετι
1270 1759 1313 1794 δὲ
1334 1757 1427 1801 τοὺς
1447 1760 1606 1818 κτίστας

905 1810 1184 1854 γεγενημένους
1224 1807 1296 1853 τῆς
1329 1807 1477 1854 Ῥώμης
1513 1806 1607 1854 ἧμι-

904 1859 1022 1900 θέους
1057 1860 1125 1894 καὶ
1159 1856 1254 1901 τοὺς
1285 1856 1606 1903 συναυξῆσαντας

904 1906 976 1952 τὴν
995 1905 1207 1953 ἡγεμονίαν
1228 1905 1351 1952 αὐτῆς
1371 1903 1502 1957 ἥρωας
1523 1908 1605 1943 κτλ.

907 1977 944 1982 -
979 1961 1008 1992 Α
1039 1959 1155 2001 poetis
1194 1960 1334 1992 mature
1367 1957 1536 2002 Apollinis
1570 1960 1608 1992 et

904 2007 995 2042 Solis
1023 2017 1158 2042 numen
1183 2009 1220 2042 in
1241 2017 1354 2042 unum
1376 2008 1607 2042 coniunctum

905 2059 970 2090 est.
995 2057 1053 2090 Sic
1069 2058 1260 2099 Scythinus
1275 2058 1380 2091 Teius
1401 2058 1499 2100 apud
1513 2056 1602 2092 Plut.

904 2107 950 2139 de
973 2107 1122 2148 Pythiae
1145 2115 1240 2140 orac.
1263 2107 1301 2140 Τ.
1319 2108 1352 2140 2.
1371 2116 1408 2150 p.
1424 2106 1510 2141 402:
1533 2108 1608 2150 Ζη-

903 2153 972 2198 νὸς
987 2153 1138 2200 εὐειδὴς
1155 2152 1345 2190 Ἀπόλλων
1354 2182 1364 2198 ,
1388 2154 1520 2191 πᾶσαν
1533 2152 1606 2204 ἀρ-

904 2205 980 2249 χὴν
1003 2207 1068 2240 noa
1090 2205 1202 2248 τέλος
1222 2204 1443 2248 Συλλαβών,
1466 2202 1550 2246 ἔχει
1563 2205 1606 2241 δὲ

903 2253 1081 2303 λαμπρὸν
1111 2255 1305 2303 πλῆκτρον
1334 2253 1448 2300 ἡλίου
1483 2253 1602 2298 φάος.

902 2305 1105 2339 Notandum
1133 2307 1254 2340 Martis
1283 2315 1401 2349 neque
1431 2307 1468 2340 in
1489 2314 1602 2340 verss.

903 2354 1081 2396 Sibyllinis
1125 2364 1243 2397 neque
1281 2355 1378 2398 apud
1421 2355 1603 2389 Horatium

902 2403 1011 2437 ullam
1034 2405 1253 2438 mentionem
1274 2404 1371 2445 fieri,
1402 2404 1484 2438 ideo
1507 2404 1604 2447 quod

903 2453 1138 2495 pacificatoris
1161 2461 1311 2487 munere
1334 2453 1431 2495 fungi
1459 2453 1605 2487 volebat

903 2504 1095 2545 Augustus
1145 2521 1181 2526 -
1225 2503 1375 2546 Promis]
1413 2503 1604 2544 Dionysius

904 2553 1033 2594 Hymn.
1070 2553 1107 2585 in
1143 2550 1255 2595 Apoll.
1290 2552 1346 2585 ed.
1378 2551 1603 2586 Beuermann

903 2610 939 2644 p.
963 2602 1023 2634 26:
1062 2600 1242 2644 Ποταμοὶ
1270 2599 1312 2634 δὲ
1339 2600 1453 2636 σέθεν
1473 2598 1603 2658 πυρὸς

903 2646 1104 2696 ἀμβρότου
1157 2651 1360 2685 Timonem
1409 2646 1602 2696 ἐπήρατον
