1722 2904
171 71 253 113 500

677 72 849 105 HORATII
873 72 1098 107 CARMINUM

398 175 511 218 Mitte
542 174 769 232 singultus,
805 175 917 219 bene
947 175 1060 219 ferre
1090 189 1288 233 magnam

393 256 520 300 Disce
550 256 782 307 fortunam,
818 263 889 299 tua
920 262 1064 300 sectus
1094 255 1214 299 orbis

563 337 744 381 Nomina
773 337 912 382 ducet.

167 494 456 527 affirmationem:
477 495 619 527 «Nescis
636 494 764 534 adhuc,
784 502 866 526 cara

166 543 299 586 puella,
334 543 425 575 Iovis
454 544 488 575 te
521 544 708 584 coniugem
738 551 864 583 esse»,

167 593 200 625 id
227 594 298 632 est,
325 593 433 625 «scito
456 593 490 624 te
507 601 589 625 mox
614 592 712 625 illum
743 593 868 625 coniu-

167 651 249 683 gem
283 641 485 674 habituram
515 650 631 674 esse.»
679 642 749 674 Sed
784 650 867 674 cum

167 692 372 724 nominativi
396 699 479 723 cum
500 691 670 723 infinitivo
685 700 771 724 usus
786 692 868 733 post

167 740 279 774 verba
308 740 484 773 sentiendi
515 742 550 772 et
577 740 781 773 declarandi
810 739 866 773 vel

167 791 263 833 apud
286 791 409 832 poetas
433 790 574 822 Latinos
590 791 792 823 rarissimus
809 790 864 830 sit,

166 841 323 882 praestat
353 839 502 872 fortasse
533 840 623 872 haec
653 840 868 881 interpreta-

168 891 232 922 tio:
260 890 392 922 «Nescis
415 889 497 930 (non
513 889 629 929 vales,
656 898 727 922 non
743 889 866 930 audes)

167 948 233 971 esse
253 940 340 971 Iovis
360 948 452 971 umor
473 939 517 980 (te
535 948 659 980 gerere
676 940 767 972 Iovis
783 947 869 971 uxo-

168 989 293 1030 rem);»
312 997 395 1021 cum
411 997 481 1030 qua
498 988 567 1021 leni
587 989 866 1030 reprehensione

167 1039 299 1080 optime
324 1038 476 1080 quadrat
491 1039 551 1079 qui
574 1038 735 1079 sequitur
758 1039 869 1080 impe-

167 1089 315 1121 rativus:
353 1088 430 1121 bene
458 1089 548 1130 ferre
576 1097 738 1130 maynam
772 1088 868 1120 Disce

166 1138 349 1178 fortunam.

210 1186 354 1219 74-76.
391 1187 468 1219 bene
499 1186 600 1229 ferre]
637 1187 868 1219 «constanter

166 1245 208 1268 ac
232 1236 378 1277 dignum
402 1236 437 1268 in
460 1236 628 1275 modum,
653 1245 718 1277 pro
743 1236 867 1268 coniu-

166 1286 219 1326 gis
251 1285 302 1317 tui
326 1285 546 1317 maiestate.»
594 1285 760 1317 Chariton
784 1293 863 1326 pag.

166 1335 242 1368 445.
270 1335 383 1376 Lips.:
416 1332 470 1367 Σὺ
493 1333 553 1374 δέ,
584 1331 608 1376 ἡ
633 1332 771 1377 δούλη,
796 1331 867 1376 τὴν

165 1379 347 1423 εὐτυχίαν
371 1380 417 1416 οὗ
449 1384 590 1426 φέρεις.
620 1403 655 1407 -
687 1387 792 1416 sectus
814 1393 869 1425 or-

165 1432 228 1475 bis]
270 1432 438 1465 «dimidia
477 1442 561 1475 pars
600 1433 697 1466 orbis
735 1442 866 1465 nomen

165 1484 266 1515 tuum
290 1483 472 1524 accipiet.»
497 1483 593 1514 Duas
618 1483 712 1515 enim
731 1482 869 1514 dumta-

165 1532 225 1563 xat
259 1531 356 1564 orbis
391 1533 568 1564 terrarum
601 1533 722 1573 partes
756 1541 868 1573 agno-

167 1580 291 1613 scith.
317 1579 359 1621 1.,
393 1582 570 1623 Europam
603 1582 639 1614 et
660 1581 796 1621 Asiam,
829 1582 869 1613 ut

166 1628 234 1662 Sal.
261 1631 335 1671 lug.
361 1630 413 1662 47.
445 1631 481 1662 et
509 1631 622 1663 Varro
649 1631 713 1663 LL.
739 1632 777 1672 5,
803 1630 864 1663 3⁴:

166 1679 286 1712 Divisa
308 1682 354 1711 est
384 1680 467 1712 caeli
493 1680 682 1722 reqionibas
712 1684 804 1713 terra
832 1681 868 1712 in

1566 258 1618 299 75

917 493 1032 526 Asiam
1053 496 1084 525 ec
1106 493 1290 534 Ewropam.
1323 494 1428 535 Soph.
1454 494 1614 527 Trachin.

919 543 1002 575 40οε
1039 540 1235 576 δισσαῖσιν
1262 539 1436 590 ἀπείροις
1458 541 1613 585 κλιθείς.

918 591 1002 624 Plat.
1028 592 1065 625 in
1083 592 1189 625 Critia
1209 593 1284 626 442.
1307 593 1345 625 Ε.
1362 592 1432 626 Cfr.
1451 593 1620 626 Schaefer

917 640 1094 674 Meletem.
1121 641 1196 674 crit.
1222 650 1258 684 p.
1277 641 1346 683 36„
1370 642 1432 675 ubi
1455 641 1553 676 locos
1568 643 1620 676 si-

917 689 1020 722 miles
1032 689 1171 732 collegit
1185 690 1351 732 Aeschyl.
1370 693 1469 725 Pers.
1487 699 1521 724 v.
1541 692 1615 724 479.

917 738 1003 772 Plat.
1030 741 1133 781 Gorg.
1158 749 1193 786 P:
1212 740 1289 774 265.
1314 740 1378 774 Ed.
1397 741 1522 774 Heind.
1548 742 1620 774 Iso-

918 789 1023 821 cratis
1039 790 1167 831 Paneg.
1182 798 1214 822 c.
1229 789 1283 823 48,
1296 790 1431 824 Moschi
1445 791 1479 831 2,
1496 790 1528 823 6.
1547 791 1615 823 cet.

918 840 1049 872 Contra
1072 840 1172 872 ovid.
1198 840 1289 872 Fast.
1315 840 1353 880 5,
1378 840 1462 872 6⁴7:
1489 843 1534 881 te,
1559 840 1618 872 Si-

917 889 1013 929 dom',
1037 890 1187 930 prpitor
1208 889 1339 930 implet,
1362 890 1510 930 Parsque
1524 893 1618 922 tuum

917 943 1028 972 terrae
1051 940 1152 972 tertia
1172 948 1292 972 nomen
1319 939 1425 972 habet.
1472 940 1617 974 Modum

918 989 1079 1021 Latinum
1103 988 1282 1030 aliquanto
1306 988 1534 1022 audaciorem
1557 998 1618 1022 re-

918 1038 1030 1070 tinere
1064 1039 1178 1080 potuit
1211 1037 1410 1080 Garganus:
1447 1038 1567 1071 trarra
1593 1039 1619 1071 il

917 1091 973 1119 tuo
1007 1097 1085 1120 nom
1112 1088 1240 1120 Partito
1270 1088 1295 1120 il
1316 1089 1447 1120 mondo.
1482 1107 1519 1111 —
1543 1089 1616 1120 No·-

916 1137 1020 1179 mina]
1045 1136 1186 1177 Nullus,
1223 1137 1320 1178 quod
1342 1138 1472 1177 sciam,
1508 1138 1619 1170 inter-

917 1195 1000 1228 pres
1016 1187 1077 1218 aut
1097 1185 1284 1228 explicavit
1298 1187 1393 1219 hunc
1408 1195 1505 1219 num.
1524 1185 1615 1229 plur.

917 1236 978 1268 aut
1003 1236 1039 1268 in
1069 1244 1111 1268 eo
1140 1235 1255 1268 haesit
1284 1236 1428 1278 praeter
1449 1236 1533 1276 HP.,
1558 1237 1618 1277 qui

917 1285 1036 1317 omnia
1069 1285 1151 1317 inde
1181 1294 1203 1317 a
1230 1294 1264 1317 v.
1295 1285 1357 1318 33:
1397 1286 1490 1326 Quae
1521 1285 1620 1317 simul

917 1335 984 1367 cet.
1012 1335 1154 1367 Horatio
1177 1334 1407 1374 abiudicavit,
1431 1334 1467 1367 h.
1486 1333 1508 1367 l.
1527 1335 1619 1367 inter

917 1383 983 1416 alia
1007 1384 1200 1417 adnotans:
1227 1385 1320 1416 «Nec
1342 1382 1542 1417 laudandus
1564 1385 1620 1417 est

916 1432 1060 1476 pluralis
1075 1434 1213 1466 nomina
1226 1442 1292 1475 pro
1306 1442 1460 1471 nomen.»
1482 1433 1618 1466 Verum

918 1492 962 1515 ex
985 1491 1053 1516 usu
1075 1482 1215 1524 poetico
1237 1481 1282 1515 de
1297 1490 1369 1514 una
1390 1490 1545 1524 persona
1559 1481 1617 1514 ille

916 1533 1070 1574 ponitur.
1096 1531 1159 1564 Od.
1185 1531 1225 1572 4,
1250 1532 1289 1572 2,
1313 1531 1354 1563 3:
1380 1531 1522 1564 dam-us
1543 1532 1616 1564 Νο-

916 1582 1012 1614 mina
1027 1585 1151 1622 ponto,
1177 1580 1276 1613 Ovid.
1294 1580 1396 1613 Trist.
1423 1581 1460 1621 4,
1487 1581 1526 1621 4,
1552 1580 1613 1613 90:

917 1632 1034 1663 Icarus
1065 1630 1185 1663 Icariis
1216 1629 1354 1662 nomina
1389 1629 1467 1671 fecit
1499 1629 1615 1671 aquis,

918 1689 1030 1713 unum
1052 1680 1161 1713 maris
1184 1679 1284 1712 Icarii
1308 1687 1450 1712 nomen.
