1722 2904
581 83 716 116 Lmen.
762 83 891 116 cm.
917 83 942 115 1.
1404 79 1487 123 545

321 187 499 237 Amice,
531 186 873 244 propugnacula,

269 269 451 311 Paratus
482 281 611 312 omne
642 268 840 312 Caesaris
868 266 1105 325 periculum

324 349 506 399 Subita,
538 349 768 393 Maecenas
785 383 795 399 ,
825 354 912 392 tuo.

270 429 385 482 Quid
412 444 513 479 nos,
549 429 708 487 quibus
737 435 779 472 te
807 428 894 472 vita
921 428 958 471 si
988 428 1217 486 superstite

327 509 540 560 Iucunda,
574 511 611 553 si
643 516 815 558 contra,
846 508 1020 566 gravis?

271 591 477 636 Utrumne
509 590 615 634 iussi
645 603 959 648 persequemur
985 589 1141 637 otium,

325 672 419 715 Non
449 670 576 714 dulce
593 705 602 720 ,
634 671 678 713 ni
707 677 849 714 tecum
877 669 1002 713 simul
1017 705 1026 720 ,

270 754 333 795 An
361 751 477 796 hunc
504 751 698 795 laborem
726 757 869 794 mente
898 749 1050 800 laturi,
1081 750 1208 795 decet

134 847 166 879 3.
191 836 591 881 oamn--t'uossothe
608 846 727 878 etur.
753 863 789 869 -
814 845 847 878 4.
871 846 921 877 ωε
943 844 1153 878 Wakefield.
1203 846 1369 887 (Firmani
1388 850 1444 879 tuo

91 896 266 939 BhS‘l'cd.)
290 915 329 922 -
363 898 396 930 5.
419 898 492 929 vita
515 897 597 937 (om.
629 896 667 935 si)
690 895 784 933 bSc,
808 895 880 927 vita
900 896 943 927 sit
963 894 1090 934 Aldus,
1114 895 1195 927 LCt.
1219 894 1305 937 (vita
1324 897 1354 928 a·
1376 897 1442 935 BT,

90 943 218 990 βγξω,
240 956 295 990 pr.
311 945 380 986 κλ,
404 955 534 979 novem
556 945 721 979 Pottierii.
767 946 807 977 In
830 944 853 977 d
868 953 889 976 a
905 953 959 986 pr.
977 953 1085 977 mauu
1108 945 1300 993 incertum,
1324 947 1445 978 utrum

88 997 161 1028 vita
180 997 228 1036 ci,
260 1005 306 1029 an
331 997 487 1035 citatim
519 1004 540 1028 a
570 1004 643 1028 sec.
667 994 820 1027 verbum
843 994 935 1027 inter
954 994 1027 1026 vita
1050 995 1087 1026 et
1107 995 1281 1034 nomme
1300 1003 1444 1028 erasum

89 1045 171 1086 est.)
195 1063 233 1069 -
256 1046 289 1078 6.
313 1046 463 1078 locanda
483 1044 546 1078 Td.

1462 429 1488 469 ΟΒ

49 1117 184 1152 bebant
193 1117 743 1152 testemumnAnt.66.etDione
791 1118 881 1150 eris»
906 1119 959 1150 et:
986 1118 1041 1150 ute
1057 1117 1281 1158 superstite.»
1313 1119 1370 1151 Sic
1392 1119 1487 1152 enim

46 1168 103 1206 50,
116 1167 173 1201 23.
195 1169 248 1201 Dc
259 1168 388 1202 iisdem
400 1169 496 1210 Virg.
509 1170 597 1202 Aen.
611 1168 645 1207 8,
659 1167 717 1200 69⁴
732 1177 739 1198 :
791 1166 913 1199 malim
924 1166 1091 1208 expedire
1107 1175 1217 1207 quam
1228 1175 1311 1200 cum
1323 1167 1418 1201 aliis:
1437 1169 1488 1201 usi

44 1217 745 1259 potamon-odasimarorovolsasoycladas
791 1219 826 1249 te
850 1217 1039 1258 superstite
1065 1216 1155 1256 (vita)
1186 1216 1231 1248 sit
1258 1225 1287 1249 s.
1314 1217 1486 1250 vivatur..

46 1269 243 1299 manontes
254 1276 452 1300 coactura-c
468 1267 633 1300 omuibus
645 1267 743 1305 altos;
793 1265 975 1307 (Audiatur
989 1267 1110 1297 tamen
1125 1266 1232 1297 etiam
1249 1266 1402 1305 Herbst,
1426 1267 1487 1308 qui

54 1315 161 1348 Tanta
171 1316 258 1349 mole
276 1317 345 1350 viri
365 1318 498 1350 tin-rius
513 1317 681 1358 puppibus
694 1317 745 1348 in—
790 1314 1118 1347 lectionenrm'tasit
1132 1314 1367 1356 amplectitur,
1383 1316 1486 1348 Loca.

45 1368 148 1397 dant.
171 1366 237 1398 Dio
258 1366 317 1406 50,
342 1367 397 1399 ⁴8.
419 1367 591 1400 Antonius
614 1365 660 1398 ad
675 1367 744 1398 mi-
794 1365 910 1397 Venus.
926 1365 953 1396 1.
971 1373 1007 1405 p.
1024 1364 1088 1396 20:
1116 1362 1253 1396 «Altera
1274 1363 1379 1397 lectio
1401 1364 1487 1406 (vita

48 1414 149 1448 lites:
178 1411 309 1462 Ὁρᾶτε
336 1413 411 1463 γάρ
441 1426 517 1450 που
544 1417 611 1449 καὶ
632 1412 744 1449 acroi
790 1413 832 1455 si)
848 1414 943 1446 unde
960 1415 1041 1446 nata
1057 1414 1103 1445 sit
1116 1439 1124 1452 ,
1149 1413 1299 1445 dubium
1314 1423 1394 1447 esse
1413 1423 1487 1447 non

46 1464 114 1497 καὶ
128 1461 175 1497 τὸ
190 1465 357 1509 μέγεθος
378 1466 445 1499 καὶ
461 1463 507 1499 τὸ
523 1463 649 1506 πάχος
667 1463 743 1497 τῶν
790 1464 918 1505 potest.
942 1464 1019 1495 Non
1034 1462 1203 1495 videbant
1223 1462 1356 1495 librarii
1375 1467 1407 1496 te
1426 1473 1487 1496 su-

46 1511 242 1560 ἦμετέρων
255 1513 431 1555 σκαφῶν.
457 1515 546 1549 Flor.
563 1515 602 1555 4,
621 1516 657 1547 Η
674 1541 682 1555 ,
700 1516 740 1546 5;
785 1513 921 1554 per-stite
942 1512 1039 1545 idem
1059 1521 1140 1545 esse
1161 1521 1203 1544 ac
1225 1514 1255 1545 si
1282 1512 1482 1554 legeretur:

45 1564 741 1606 Auguswquadrinymmmnpumnaves,
790 1564 818 1595 si
839 1563 884 1594 sis
902 1565 1084 1602 superstes,
1108 1571 1292 1604 quumque
1310 1562 1427 1596 semel
1444 1564 1488 1596 sic

45 1613 204 1645 duco-tae
223 1615 586 1653 mMsAntoOER
613 1615 669 1647 sed
682 1624 743 1646 nu·
791 1614 825 1644 in
839 1613 885 1652 si,
910 1612 1007 1653 quod
1028 1613 1212 1653 sequentia
1235 1621 1292 1645 vv.
1317 1613 1347 1645 si
1366 1617 1486 1646 cont-m

44 1663 378 1704 mmaffiu‘tudo
387 1663 566 1704 pensabat,
584 1664 705 1704 quippe
719 1673 743 1695 a
789 1661 969 1704 postulare
1006 1661 1226 1701 viderentur,
1266 1664 1482 1703 mutassent,

46 1712 134 1744 mis
160 1712 198 1744 in
224 1721 367 1745 κουαιοε
386 1722 556 1746 remor-um
574 1713 744 1746 ordinibus
790 1720 861 1743 non
872 1719 959 1743 sane
971 1711 1102 1743 mirum
1114 1712 1172 1743 est
1181 1711 1310 1744 criticis
1321 1713 1393 1744 tam
1405 1721 1486 1753 per-

0 1818 1 1825 *
46 1811 126 1842 Ant.
139 1809 194 1843 64.
209 1811 276 1843 Dio
286 1811 342 1849 50,
354 1811 436 1852 23.)‚
459 1812 504 1843 ad
517 1812 578 1843 hoc
596 1811 744 1843 turribus
790 1811 921 1852 quippe
944 1811 1022 1851 qui,
1045 1812 1085 1842 ut
1100 1819 1263 1852 quaeque
1287 1811 1392 1844 lectio
1405 1821 1486 1844 ma-

45 1858 700 1898 mmtabulatisallevamcastellmm
711 1864 743 1892 et
789 1860 882 1891 xime
898 1868 918 1890 a
934 1858 1155 1900 simplicitate
1170 1860 1318 1898 recedit,
1339 1862 1386 1893 ita
1403 1870 1484 1894 eam

44 1908 179 1953 urbm
198 1909 303 1949 qia-ie
322 1918 390 1941 non
411 1910 482 1942 sinc
498 1910 622 1951 gemitu
635 1910 743 1941 utaris
790 1910 947 1950 arripere
974 1907 1112 1940 soleant
1143 1909 1418 1951 cupidissime»)
1445 1930 1481 1934 -

44 1961 78 1990 et
101 1957 215 1990 laboro
232 1961 406 1990 venun-um
431 1959 640 2000 sermenem
675 1958 741 1991 sed
763 1989 766 1995 ,
787 1957 954 1999 siconem]
968 1957 1138 1990 Particula
1149 1959 1201 1990 sin
1212 1967 1386 2000 nusquam
1398 1968 1485 1992 usus

45 2008 198 2049 utroque
212 2009 363 2050 sriptorc
383 2010 474 2042 teste
497 2010 572 2051 ipsa
596 2009 653 2041 illa
673 2019 741 2042 na-
790 2009 845 2040 est
861 2007 1034 2039 Horatius.
1066 2007 1121 2039 Ad
1135 2008 1347 2041 sententiam
1363 2009 1486 2041 confer

45 2057 143 2089 vium
155 2056 269 2090 moles
283 2058 388 2090 exitio
405 2058 536 2091 deiude
556 2059 620 2091 fuit
635 2060 742 2091 Anto—
789 2057 854 2089 Od.
874 2057 894 2088 2
904 2082 912 2095 ,
931 2057 972 2088 47
981 2081 990 2094 ,
1007 2055 1081 2088 5-9.
1112 2056 1267 2089 Teucros
1282 2057 1485 2091 huiusmodi

45 2106 116 2145 nio,
133 2106 310 2139 Octaviani
326 2108 448 2140 contra
463 2117 573 2140 naves
590 2105 741 2154 «μικρό-
789 2106 922 2138 amicos
942 2104 1121 2137 vocabant
1146 2105 1485 2149 συναποθνήσκον-

46 2153 473 2203 τερωκαὶταχύτεραι.»
489 2158 555 2189 Dio
566 2158 621 2195 50,
634 2158 688 2189 32.
702 2177 737 2180 —
788 2164 875 2195 τας,
899 2156 1157 2187 commorientes.

45 2204 173 2246 Sabis-e]
186 2206 371 2247 «excipere
382 2215 465 2238 cum
476 2207 537 2238 tuo
548 2206 739 2248 periculo.-
832 2205 888 2236 7-4
896 2204 927 2236 3.
966 2205 1133 2246 Utrumne]
1158 2205 1228 2238 Cfr.
1254 2206 1355 2238 Hand
1378 2207 1477 2240 Turs.

48 2270 86 2276 -
108 2253 177 2295 tuo]
199 2253 393 2286 Wakefield
408 2255 592 2296 proposuit
613 2256 677 2294 tui,
702 2257 742 2287 ut
788 2254 845 2285 IV.
869 2262 905 2295 p.
931 2253 984 2286 80.
1020 2273 1057 2276 -
1088 2254 1180 2295 iussi]
1216 2256 1358 2288 tUtrum
1391 2264 1478 2296 ego,

45 2301 204 2344 Propert.
228 2302 275 2335 ad
296 2303 538 2336 Maecenatem
560 2305 600 2343 2,
619 2305 633 2336 4
651 2330 659 2343 ,
676 2305 737 2336 25:
789 2311 898 2344 quem
921 2304 959 2334 tu
981 2312 1168 2336 remanere
1190 2304 1226 2336 in
1247 2303 1343 2337 Italia
1367 2305 1480 2344 iubes,

46 2350 203 2392 Bellaque
221 2360 339 2392 ratque
360 2353 410 2384 tui
425 2361 646 2385 mentor-arem
660 2353 741 2386 Cae-
789 2351 940 2384 cessabo
963 2352 999 2384 iu
1021 2353 1093 2385 otio
1117 2353 1224 2395 (quod
1245 2353 1375 2395 alioqui
1395 2357 1483 2396 poe-

45 2401 133 2432 wis
151 2402 220 2433 cet.
244 2400 315 2433 Sed
338 2400 527 2434 lectionem
545 2405 602 2434 tuo
623 2402 741 2434 firmat
788 2403 844 2433 tae
868 2402 1106 2442 gratissimum
1122 2403 1213 2444 est),
1237 2412 1282 2435 an
1306 2404 1400 2436 hunc
1414 2405 1484 2436 mi-

45 2449 153 2481 etiam
173 2450 259 2482 Mar.
273 2450 472 2483 Victorinus
487 2459 522 2492 p.
541 2451 615 2484 ⁴88.
634 2451 737 2484 Gaisf.
787 2450 880 2482 litiae
917 2450 1077 2483 laborem
1115 2452 1227 2485 feram
1261 2462 1304 2485 ea
1337 2455 1457 2486 mente
1473 2479 1481 2492 .

87 2499 121 2530 5.
147 2498 179 2531 6.
216 2499 302 2539 Quid
331 2500 401 2541 nos]
437 2501 618 2540 capiemus
653 2509 740 2533 con·
790 2508 860 2540 qua
882 2501 997 2532 virum
1020 2501 1148 2533 fortem
1174 2502 1322 2534 decet‘h
1349 2521 1386 2525 —
1405 2511 1485 2543 per-

46 2545 135 2579 sitii?
167 2565 204 2570 -
234 2551 266 2580 te
290 2549 360 2580 vita
387 2550 415 2580 si
443 2549 624 2590 superstite]
652 2550 739 2581 Pro-
789 2550 974 2591 sequemur]
997 2551 1053 2582 Sic
1076 2551 1148 2583 Cic.
1172 2551 1236 2583 Off.
1254 2551 1291 2590 3,
1317 2552 1355 2583 ⁴:
1380 2553 1484 2584 otim

47 2595 128 2637 pter
149 2604 304 2638 sequens
326 2598 355 2629 si
377 2596 553 2639 duplicem
577 2600 740 2630 constru—
784 2600 1028 2638 persequimur.
1062 2618 1098 2623 —
1129 2601 1244 2643 mun]
1276 2601 1408 2634 Eadem
1431 2601 1484 2635 el-

48 2643 201 2677 etionem
216 2646 370 2678 miscuit:
394 2647 443 2679 «si
457 2648 637 2688 superstes
653 2647 738 2679 mihi
789 2646 868 2689 lipsi
890 2657 923 2680 v.
949 2648 1176 2689 substantivi,
1201 2659 1270 2691 qua
1294 2651 1425 2684 Ennius
1447 2652 1482 2684 in

0 1755 1 1762 ¹
47 1761 168 1801 (immo
203 1758 388 1806 δεκήρους
422 1764 623 1795 memorant
651 1761 739 1794 Plut.
762 1777 768 1988 Ι
790 1760 931 1802 plexam
946 1762 1144 1793 orationem
1157 1762 1316 1802 potuisse
1326 1762 1483 1803 probari,
