1722 2904
630 79 766 112 Lim-311.
813 79 943 112 mnu.
969 79 1039 112 ΧΠ.
1495 77 1569 120 744

241 181 412 226 Inachia
439 181 621 239 langues
654 183 795 226 minus
824 197 876 227 ac
905 197 996 234 me;

186 262 400 306 Inachiam
431 270 496 306 ter
524 270 651 307 nocte
681 270 827 321 potes,
859 263 960 306 mihi
994 277 1168 321 semper
1197 264 1253 307 ad
1283 278 1414 307 unum

245 343 382 387 Mollis
411 357 535 402 opus.
594 346 749 388 Pereat
776 343 906 395 male,
937 358 1050 402 quae
1080 351 1122 387 te

182 423 340 469 Lesbia
366 426 591 482 quaerenti
624 431 794 468 taurum
821 425 1071 469 monstravit
1099 425 1304 475 inertem,

241 504 350 549 Cum
378 504 480 548 mihi
513 506 628 549 Cous
658 505 834 550 adesset
862 507 1125 565 Amyntas,

192 586 324 630 Cuius
354 586 396 628 in
427 585 632 629 indomito
663 587 926 630 constantior
954 586 1128 644 inguine
1157 601 1317 630 nervus

1524 263 1576 306 15

240 667 380 719 Quam
410 679 521 710 nova
550 665 731 710 collibus
763 666 893 710 arbor
923 666 1129 711 inhaeret.

184 746 417 791 Maricibus
446 747 586 805 Tyriis
615 749 792 791 iteratae
820 747 982 791 vellera
1011 747 1135 791 lanae

244 827 324 872 Cui
352 827 731 885 properabantur?
760 826 863 872 Tibi
880 843 1036 889 nempe
1054 864 1063 878 ‚

183 910 246 952 Ne
276 908 386 952 foret
414 908 620 966 'aequales
650 909 760 952 inter
788 910 987 959 conviva,
1019 910 1154 968 magis
1186 924 1317 968 quem

240 988 446 1047 Diligeret
474 989 629 1032 mulier
657 1004 736 1033 sua
765 1005 896 1048 quarn
925 997 980 1034 te.

219 1137 273 1168 45.
293 1139 412 1177 potens
433 1137 471 1169 T.
492 1154 528 1159 —
554 1137 649 1168 Inter
670 1144 703 1167 v,
728 1135 782 1167 22.
809 1136 845 1166 et
866 1134 921 1167 23.
946 1134 1042 1167 huuc
1066 1136 1214 1167 inseruit
1236 1136 1279 1167 T.
1306 1135 1423 1168 Cetera
1443 1138 1535 1170 mine

179 1186 281 1226 loqui.
306 1186 386 1218 deus
405 1186 487 1218 haec
507 1186 647 1227 fortasse
669 1185 829 1226 benigna,
863 1183 951 1217 infra
977 1184 1101 1225 (Epod.
1127 1184 1186 1224 43,
1211 1185 1258 1225 7.)
1282 1185 1466 1218 omissum.
1495 1203 1532 1209 —

55 2044 62 2048 ,
133 2007 215 2040 452:

175 1235 502 1276 23.ao‹1ualcsBT

132 1364 240 1398 elice:
266 1373 395 1406 «quam
417 1365 503 1396 item
527 1363 629 1396 foeda
650 1365 719 1403 est,
744 1372 827 1396 cum

131 1422 191 1447 me
212 1413 416 1455 obiurgatin
444 1430 480 1436 —
510 1413 564 1445 Vel
578 1430 597 1436 —
612 1413 704 1455 cum]
738 1413 826 1445 Vide

131 1464 179 1496 ad
188 1463 300 1506 Epod.
314 1464 347 1503 2,
362 1463 415 1495 47.
432 1481 469 1487 -
481 1462 629 1505 Inachia]
648 1462 699 1495 Cf.
714 1463 824 1504 Epod.

132 1514 168 1546 44
186 1539 194 1553 ,
218 1513 251 1546 6.
270 1531 308 1537 -
325 1514 463 1554 langues
474 1513 595 1555 minus]
622 1512 745 1554 «longe
760 1513 829 1545 for-

132 1563 261 1595 tiorem
283 1563 319 1595 te
348 1561 503 1604 praebes
534 1562 570 1594 in
599 1562 740 1594 Inachia
774 1564 829 1594 ter

132 1612 310 1644 interdum
338 1621 408 1644 una
431 1613 535 1644 nocte
561 1610 827 1652 subagitanda.»

135 1678 171 1684 —
191 1661 297 1703 potes]
321 1661 456 1694 Eadem
479 1661 546 1693 hae
562 1662 743 1693 reticentia
758 1661 829 1693 uti-

132 1713 190 1743 tur
203 1710 321 1752 Virgii.
339 1710 411 1743 Ecl.
430 1710 449 1743 3
462 1736 470 1750 ,
495 1711 528 1743 8.
552 1710 699 1743 Martial.
716 1711 753 1750 3,
771 1710 826 1750 33,

133 1761 164 1793 4.
189 1761 337 1793 Theocr.
364 1761 403 1801 4,
431 1761 505 1792 405.
529 1760 586 1793 ed.
605 1761 743 1793 Ameis:
781 1755 827 1793 οὗ

133 1808 279 1853 λέγεται
310 1806 380 1842 τὰν
413 1806 559 1854 Κύποιν
587 1805 610 1841 ὁ
631 1806 829 1850 βωκόλος;

133 1858 444 1892 Luc.Dia1.Deor.
471 1839 530 1891 452
561 1854 655 1902 Ἐγώ
689 1857 730 1891 δὲ
754 1854 828 1902 ἤδη

133 1907 226 1940 τοτὲ
240 1905 310 1950 τὴν
321 1903 579 1954 Ἄφροδίτην-
558 1904 672 1940 -ἀλλ’
690 1903 736 1941 οὗ
753 1905 827 1954 χρὴ

132 1952 278 1996 αὐχεῖν.
311 1958 426 1989 Strato
448 1958 484 1990 in
506 1957 608 1990 Anth.
635 1957 705 1990 Pal.
730 1959 772 1990 11.
789 1967 826 1999 p.

243 2003 378 2047 Ἐχθὲς
399 2002 501 2045 ἔχων
523 2003 599 2039 ἀνὰ
621 2005 742 2040 νύκτα
764 2007 830 2040 Φι-

134 2054 344 2103 λόστρατον
379 2053 450 2089 οὐκ
484 2055 761 2100 ἐδυνήθην.
790 2076 826 2081 --

83 2143 95 2148 Ε
132 2107 251 2148 Mollis]
270 2107 393 2139 animis
407 2106 577 2140 flaccidus
588 2106 644 2139 vel
660 2107 707 2139 ad
718 2116 829 2139 unum

133 2157 298 2201 coitum.»
325 2174 361 2178 —
390 2164 476 2195 quae
490 2159 521 2188 te
534 2156 652 2188 Lesbia
667 2157 752 2196 cet]
776 2158 828 2189 De

133 2206 391 2238 constructione
416 2205 459 2237 cf.
484 2205 595 2247 Epod.
622 2206 660 2244 6,
684 2206 704 2237 7
721 2214 775 2246 sq.

178 2255 294 2286 ⁴7-20.
318 2255 445 2296 Lesbia]
467 2250 590 2287 ancilla
603 2280 610 2294 ‚
635 2254 692 2286 vel
712 2255 828 2296 potius

133 2303 224 2336 lena.
249 2302 372 2335 Tihuu.
390 2304 430 2341 2,
460 2303 497 2343 6,
523 2303 581 2336 45:
618 2304 708 2335 Lena
734 2306 830 2335 necat

133 2353 290 2385 miser-mn
310 2352 452 2392 Phryne,
486 2353 668 2393 furtimque
694 2352 831 2384 tabellas

135 2402 266 2434 Occtdto
288 2404 431 2441 portans
458 2402 547 2441 itque
569 2401 717 2440 reditque
738 2401 823 2433 sinu.

138 2469 173 2474 —
191 2450 338 2491 tamnu]
365 2459 469 2483 acum
484 2451 599 2482 virum
615 2459 828 2491 quaererem

135 2499 261 2532 fortem
284 2508 326 2531 ac
342 2498 513 2536 validum,
540 2499 643 2531 nimis
665 2499 828 2539 frigidum

135 2547 191 2581 illa
207 2549 252 2580 ad
268 2557 325 2581 me
348 2548 545 2590 perduxit.»
573 2565 608 2570 —
638 2547 732 2589 Cous]
758 2548 829 2580 Da-

137 2605 308 2630 moxenus
323 2597 418 2639 apud
439 2597 565 2629 Athen.
585 2597 598 2628 4
618 2621 625 2634 ,
643 2597 708 2629 26:
733 2596 830 2628 Νεα-

136 2647 219 2686 νίας
235 2664 252 2670 -
268 2642 413 2678 -Ἒτῶν
439 2643 533 2686 ἴσως
562 2643 826 2685 ἑπτακαίδεκα,

877 1361 999 1404 Κῶος·
1035 1361 1153 1405 θεοὺς
1186 1361 1260 1411 γὰρ
1285 1364 1436 1405 φαίνεθ’
1458 1361 1484 1408 ἡ
1507 1363 1577 1407 νῆ-

877 1423 949 1453 σος
981 1413 1123 1459 φέρειν.
1164 1415 1215 1446 De
1250 1414 1305 1447 his
1338 1413 1531 1456 ἐπιθέτοις
1554 1424 1575 1447 a

877 1463 990 1504 patria
1012 1463 1131 1504 petitis
1154 1462 1217 1496 cfr.
1235 1464 1282 1495 ad
1305 1463 1367 1495 Od.
1386 1463 1427 1504 4,
1452 1465 1493 1505 9,
1520 1464 1573 1497 46.

879 1530 917 1535 -
940 1512 1119 1553 indomito]
1145 1521 1349 1553 «nunquam
1369 1512 1483 1553 lasso,
1509 1513 1575 1546 sed

877 1569 1022 1602 semper
1044 1561 1091 1593 ad
1111 1570 1284 1594 venerem
1311 1564 1512 1605 prompto.»
1534 1579 1571 1586 —

876 1610 1008 1652 nervus]
1040 1611 1168 1643 «Cuius
1190 1610 1236 1643 ab
1267 1612 1408 1652 inguine
1432 1613 1577 1653 erigitur

876 1661 979 1702 penis
1002 1661 1153 1700 firmior,
1180 1670 1287 1702 quam
1311 1662 1420 1695 arhor
1439 1662 1576 1696 novella

878 1712 914 1742 et
934 1712 1061 1751 vegeta
1087 1711 1268 1744 radicibus
1302 1713 1418 1744 terrae
1452 1713 1577 1746 inhae-

877 1761 966 1792 ret.»
1005 1761 1091 1793 Mire
1121 1760 1238 1793 haesit
1266 1761 1302 1793 in
1330 1761 1399 1794 hoc
1427 1771 1461 1794 v.
1486 1771 1577 1795 nova

879 1810 1053 1851 «ideoque
1084 1810 1251 1843 robusta»
1276 1820 1439 1844 summus
1461 1811 1575 1845 Scali-

878 1868 941 1901 ger
963 1860 1171 1892 coniiciens:
1197 1861 1306 1900 Quam
1326 1870 1405 1892 non.

921 1910 958 1941 24
981 1909 1060 1941 -26.
1087 1910 1272 1941 Mum-ibus
1289 1910 1405 1951 Tyriis]
1437 1911 1574 1943 «Vestis

878 1957 934 1990 ilia
958 1967 1136 1999 purpurea
1167 1958 1322 2000 dibapha
1356 1959 1412 1991 cui
1446 1968 1575 2000 magno

878 2016 961 2039 cum
969 2007 1086 2039 studio
1095 2007 1288 2048 parabatur
1296 2008 1573 2049 mittebaturque

878 2057 973 2089 dono
996 2057 1061 2089 nisi
1083 2055 1164 2095 tibi,
1189 2057 1348 2098 ingrate?
1370 2058 1421 2090 Ne
1444 2057 1577 2091 scilicet

878 2107 970 2138 inter
992 2104 1132 2138 sodales
1155 2107 1235 2138 tuos
1258 2106 1447 2147 quisquam
1466 2108 1573 2146 esset,

878 2155 939 2196 qui
970 2155 1160 2196 pretiosius
1194 2155 1326 2187 amoris
1367 2156 1494 2196 pignus
1529 2155 1575 2188 ab

878 2204 992 2236 amica
1016 2213 1080 2236 sua
1104 2205 1291 2245 acceptum
1315 2206 1495 2236 ostentare
1512 2213 1576 2236 eo-

878 2263 948 2295 que
972 2262 1011 2285 se
1035 2254 1166 2285 iactare
1190 2254 1347 2294 posset.»
1367 2271 1403 2276 -
1421 2254 1574 2295 iteratae]

878 2303 934 2335 Sic
942 2303 1027 2334 Stat.
1042 2301 1122 2333 Silv.
1140 2301 1172 2341 3,
1186 2302 1220 2340 2,
1234 2301 1309 2334 440.
1327 2302 1576 2343 iteratampur-

875 2360 1000 2391 puram
1026 2350 1121 2382 dixit.
1176 2350 1239 2383 Od.
1269 2351 1310 2390 2,
1339 2351 1396 2390 46,
1422 2351 1486 2384 35;
1526 2352 1575 2384 bis

877 2401 958 2441 Afro
973 2400 1102 2432 Mur-ico
1117 2400 1267 2432 tinctae-
1279 2401 1389 2432 Ιιιηαε.
1415 2400 1513 2432 ovid.
1531 2402 1571 2433 A.

878 2451 917 2482 Α.
932 2449 964 2489 3,
980 2449 1059 2481 47οι
1085 2458 1171 2489 quae
1187 2449 1235 2480 bis
1249 2450 1346 2489 Tyrio
1356 2450 1482 2482 murice
1496 2450 1578 2482 lana

876 2498 983 2530 rubes.
1006 2517 1041 2521 —
1058 2498 1183 2540 nempe]
1206 2507 1288 2530 cum
1303 2498 1373 2531 leni
1400 2499 1572 2532 irrisione.

879 2547 979 2580 Hand
1005 2548 1105 2580 Turs.
1133 2548 1188 2579 lv.
1218 2556 1253 2589 p.
1275 2548 1350 2580 ⁴62.
1382 2566 1418 2571 —
1443 2548 1575 2590 mulier]

878 2605 942 2638 pro
958 2597 1089 2636 amica,
1108 2598 1146 2629 ut
1162 2595 1285 2629 Catuli.
1305 2597 1363 2636 70,
1383 2598 1396 2628 4
1412 2607 1420 2628 :
1437 2598 1528 2629 Nulli
1542 2606 1576 2629 se

878 2646 955 2678 dicit
976 2646 1097 2677 mulier
1118 2654 1192 2678 mea
1216 2645 1335 2677 ”tabere
1354 2646 1452 2679 malle
1467 2648 1574 2686 Quam
