1722 2904
595 130 675 163 Lm.
701 130 757 162 ιιι.
805 115 844 161 c'.
870 129 912 161 v,

1424 125 1507 168 375

345 237 561 293 Augustus
589 233 768 277 adiectis
795 231 1008 275 Britannis

403 315 588 373 Imperio
616 313 907 372 gravibusque
938 313 1095 392 Persis.

289 420 463 464 Milesne
493 419 635 463 Crassi
664 392 848 476 coniuge
876 406 1063 471 barbara
1480 418 1506 458 5

293 501 444 558 Turpis
473 491 651 567 mar-[tus
681 499 783 542 vixit
812 505 855 543 et
882 498 1070 542 hostium
1099 523 1156 530 —

346 583 431 624 Pro
460 581 580 624 curia
611 580 857 638 inversique
887 579 1056 623 mores!
1086 603 1143 610 —

362 678 366 682 ·
403 661 636 705 Consenuit
665 663 917 705 socerorum
946 660 988 702 in
1018 660 1148 703 armis

154 819 188 852 8.
213 819 305 851 ann’s
331 826 413 850 cum
436 818 520 850 Tan.
540 817 654 849 Fabro
678 819 714 849 et
729 817 870 850 Heinsio
894 815 1020 855 Bentl.,
1046 817 1089 856 F,
1116 817 1152 848 et
1176 817 1227 849 sic
1250 816 1359 850 habet
1380 817 1466 850 Cod.

111 867 232 902 Altorl'.
258 869 289 900 l.
315 866 411 909 apud
443 867 590 899 lanium.
618 868 670 908 (Ut
691 875 780 906 nos,

112 918 213 951 tierii.
259 916 394 950 Excidit
408 916 474 949 'hic
496 925 530 947 v.
557 924 576 947 e
601 916 687 949 Cod.
714 917 764 957 Τ.)

0 1077 4 1079 >
73 1059 312 1093 molestissimi
345 1060 510 1092 Romanis
540 1068 582 1092 ac
614 1059 763 1092 feroces.

0 1149 5 1156 .
73 1110 193 1141 Portae
213 1117 278 1150 pro
292 1109 441 1148 Parthis,
466 1109 582 1141 utOd.
602 1109 636 1147 l,
653 1109 692 1147 2,
709 1109 763 1140 22.

0 1182 5 1189 .
114 1159 147 1190 5.
166 1158 198 1190 6.
222 1158 358 1190 milesne
374 1158 495 1199 Crassi]
506 1159 596 1191 Cum
604 1157 767 1199 indigna-

0 1210 8 1236 ί
73 1208 188 1240 tione:
214 1208 301 1246 «Qui
316 1207 392 1240 fieri
407 1209 532 1249 potuit,
558 1209 596 1239 ut
611 1206 712 1240 miles
726 1224 767 1231 --

69 1257 251 1290 viver-et?-
298 1256 465 1290 Consulto
509 1257 568 1289 hic
613 1255 767 1289 declinat

0 1311 6 1319 ²
70 1306 289 1340 mentionem
311 1305 438 1346 cladis,
463 1315 571 1348 quam
593 1307 638 1340 M.
655 1308 767 1339 Anto-

70 1356 150 1388 nius
171 1364 205 1388 a.
230 1364 266 1387 u.
292 1364 323 1388 c.
349 1356 424 1388 7⁴8.
449 1365 470 1388 a
493 1356 630 1389 Parthis
660 1365 766 1389 acce-

69 1406 188 1447 perat,
224 1405 299 1437 sive
333 1405 431 1446 quod
461 1406 604 1438 omnino
635 1406 765 1438 inimici

0 1475 12 1501 .-‘
71 1455 231 1496 oppressi
265 1455 476 1488 memoriam
505 1455 662 1488 refricari
692 1457 766 1488 Au·-

70 1504 193 1544 gustus
225 1502 351 1543 nollet,
387 1504 462 1536 sive
493 1504 590 1545 quod
619 1506 767 1546 propter

7 1584 15 1596 ⁷.
69 1553 260 1585 amicitiam
287 1562 370 1585 cum
396 1552 470 1586 Iulo
499 1555 666 1593 Antonio,
702 1555 767 1585 tri-

0 1598 22 1615 'f
70 1603 197 1635 umviri
219 1602 309 1642 filio,
345 1603 465 1635 initam
498 1604 661 1636 Horatius
684 1603 766 1635 ubi-

71 1659 140 1692 que
163 1652 209 1684 M.
233 1652 382 1684 Antonio
404 1653 574 1693 pepercit.
603 1654 765 1693 -lunge

69 1701 213 1732 maritus
244 1701 382 1742 coniuge
419 1701 583 1741 barbara,
622 1701 658 1734 id
692 1705 763 1742 est,

27 1786 29 1789 .
71 1749 229 1782 «habens
245 1750 432 1791 coniugem
446 1750 675 1783 barbaram.»
693 1751 764 1784 Cfr.

27 1819 29 1823 .
71 1799 171 1832 ovid.
202 1800 285 1832 Her.
317 1799 355 1839 4,
392 1800 475 1833 ⁴34:
512 1802 557 1832 Et
586 1801 641 1842 fas
673 1809 768 1833 omne

33 1859 35 1862 ¹
70 1849 152 1891 facit
172 1848 281 1890 fratre
302 1849 429 1881 marita
447 1858 553 1882 soror.
578 1849 660 1882 Alii:
693 1854 769 1882 tur-

67 1899 124 1939 pis
143 1898 282 1939 coniuge
304 1898 471 1938 barbara3
495 1899 561 1932 sed
583 1899 689 1932 ablat.
712 1900 768 1932 in-

27 1945 38 1980 '2
72 1946 311 1980 strumentalis
327 1948 362 1980 in
378 1948 536 1989 coniugis
550 1957 704 1989 persona
719 1948 769 1981 lo-

30 2010 33 2016 ¹
73 2005 156 2030 cum
167 2005 238 2028 non
252 1996 372 2030 habet.
397 1999 546 2030 Prorsus
557 2000 677 2030 autem
689 1999 770 2030 reii-

0 2048 47 2079 15..
73 2045 199 2079 cienda
236 2046 303 2078 ΗΡ.
341 2048 394 2079 est
427 2048 517 2079 coni.
548 2048 583 2079 in
616 2048 764 2089 coniuye.

7 2125 11 2129 Α
77 2094 118 2118 -ὶ
147 2095 309 2128 «Uxores
338 2104 358 2126 a
388 2095 582 2128 victoribus
615 2105 768 2138 accepe-

7 2172 33 2192 ,ι’
72 2144 163 2183 runt,
178 2144 219 2175 ut
229 2144 338 2176 vitam
350 2146 628 2177 mercarentur.»
643 2146 764 2178 Senon.

77 2209 114 2215 -
154 2192 288 2235 Turpis]
330 2195 476 2235 propter
515 2193 680 2226 violatam
715 2193 768 2227 le-

10 2260 25 2291 i
74 2248 155 2281 gem
177 2242 371 2274 Romanam
394 2244 500 2284 atque
525 2243 558 2275 in
583 2244 768 2275 matrimo-

9 2298 31 2315 μ
75 2289 173 2322 nium
201 2290 344 2324 ductam
372 2300 443 2324 non
471 2291 586 2325 solum
608 2293 767 2334 peregri-

10 2344 19 2362 -2-
76 2346 175 2378 nam,
209 2348 335 2372 verum
367 2342 472 2373 etiam
504 2342 616 2374 hostis
646 2340 765 2374 filiam.

23 2409 32 2414 -
75 2385 168 2428 Virg.
185 2389 273 2421 Aen.
290 2390 328 2429 8,
353 2390 436 2423 688:
461 2391 675 2431 sequiturque
690 2390 769 2430 (An-

76 2436 226 2478 tonium)
268 2439 380 2480 nefas!
423 2439 587 2481 Aegyptia
630 2440 765 2472 coniux.

77 2484 149 2518 Ην.
174 2485 235 2524 43,
267 2487 306 2524 a:
346 2497 390 2520 ex
424 2489 582 2521 militibus
613 2489 771 2521 Romanis

78 2535 110 2564 ot
130 2542 172 2566 aa:
193 2535 348 2576 Hispanis
368 2538 578 2577 mulieribus,
602 2547 678 2570 cum
692 2538 769 2577 qui-

77 2581 136 2614 bus
166 2585 363 2618 connubium
395 2596 462 2618 non
483 2590 581 2626 esset,
613 2590 710 2619 natos
738 2595 771 2618 se

19 2658 29 2679 3
77 2638 304 2667 menwrantes.
326 2652 362 2658 —
379 2636 476 2677 viaeit]
496 2636 660 2669 «Adeone
676 2637 769 2669 vitae

21 2705 29 2721 .
79 2681 226 2722 cupidus
250 2683 327 2722 suit,
364 2687 400 2716 ut
430 2685 520 2717 hano
543 2686 770 2726 ignominiam

816 866 939 899 BbScd
954 892 962 907 ,
999 874 1125 899 omnes
1148 865 1295 899 Bentleii
1326 869 1362 899 et
1384 868 1468 900 Pot-

815 1067 931 1100 aequo
962 1059 1079 1091 animo
1110 1059 1345 1100 pateretur‘i»
1384 1077 1420 1082 -
1452 1059 1513 1091 ho-

814 1108 924 1150 stium]
951 1117 1062 1150 «quos
1086 1109 1119 1140 S.
1142 1109 1179 1140 P.
1198 1109 1239 1147 Q.
1257 1109 1295 1140 R.
1314 1108 1436 1141 hostes
1457 1109 1513 1140 iu-

815 1157 971 1197 dicaratJ
994 1157 1209 1198 quibuscum
1231 1157 1364 1189 idcirco
1379 1156 1513 1190 nullum

816 1207 958 1239 omnino
975 1207 1233 1248 commercium
1250 1215 1367 1248 neque
1381 1215 1515 1239 conuu-

815 1256 916 1289 bium
938 1264 1019 1289 esse
1042 1258 1216 1298 poterat.»

858 1306 889 1338 7.
923 1306 1001 1348 Pro]
1032 1306 1093 1338 Est
1122 1305 1329 1339 demirantis
1352 1314 1437 1338 cum
1459 1305 1514 1337 in-

815 1355 1028 1396 dignatione.
1057 1373 1094 1378 —
1111 1355 1220 1397 curia]
1237 1356 1310 1388 Cic.
1328 1364 1395 1397 pro
1410 1354 1514 1387 Plan-

816 1405 870 1437 cio
893 1405 954 1437 29:
990 1407 1098 1437 stante
1119 1405 1201 1438 urbe
1221 1409 1254 1437 ct
1274 1405 1383 1437 curia.
1410 1404 1515 1437 Curia

815 1454 967 1486 refertur
989 1454 1035 1486 ad
1051 1453 1186 1487 laesam
1202 1456 1348 1487 senatus
1363 1454 1515 1495 dignita-

815 1505 905 1543 tem,
931 1504 991 1544 qui
1010 1505 1084 1535 tam
1099 1504 1373 1544 ignominiosum
1389 1511 1514 1535 casum

815 1555 888 1585 tam
911 1553 971 1584 diu
993 1554 1168 1594 patienter
1190 1552 1333 1586 tuleritf
1364 1552 1514 1586 Librarii

816 1602 1074 1635 substituerunt
1109 1611 1175 1643 pro
1208 1604 1329 1644 patria
1374 1604 1411 1635 et
1447 1611 1514 1642 pro

815 1655 977 1692 tempora.

859 1701 891 1733 8.
924 1700 1109 1742 consenuit]
1134 1701 1220 1740 Quia
1250 1701 1319 1733 iam
1343 1700 1423 1742 plus
1452 1701 1515 1732 tri-

817 1751 909 1791 ginta
927 1758 1039 1782 annos
1055 1750 1147 1782 inter
1166 1751 1314 1783 Parthos
1329 1749 1512 1791 degerant.

820 1817 856 1822 —
880 1800 916 1831 in
944 1799 1061 1840 armis]
1086 1801 1236 1832 Prorsus
1265 1800 1333 1832 hoc
1363 1809 1404 1832 ex
1429 1801 1516 1831 Par—

817 1849 960 1881 thorum
993 1857 1106 1880 more.
1154 1849 1276 1881 lustin.
1302 1848 1363 1888 44,
1398 1849 1436 1887 2,
1472 1849 1511 1880 5:

816 1898 1013 1930 Exercitum
1048 1907 1132 1937 non,
1178 1901 1216 1929 ut
1260 1898 1350 1929 aliae
1385 1901 1513 1939 yentes,

817 1948 1012 1986 liberorum,
1036 1947 1092 1978 sed
1112 1947 1276 1979 maiorem
1292 1950 1428 1987 partem
1443 1956 1517 1980 ser-

815 1997 973 2029 vitiorum
994 1996 1128 2034 habent;
1153 1996 1280 2037 captivi
1303 1997 1425 2028 autem
1448 2005 1515 2038 pro

817 2045 1002 2086 mancipiis
1022 2046 1134 2076 erant.
1154 2062 1191 2067 —
1210 2045 1317 2084 Quid,
1339 2044 1436 2085 quod
1451 2046 1518 2078 Ro-

817 2103 961 2133 manos,
988 2095 1048 2126 otii
1064 2095 1307 2135 impatientes,
1332 2093 1514 2127 bellicum

817 2145 955 2178 Parthis
980 2144 1144 2185 cupidos,
1171 2145 1278 2176 etiam
1298 2144 1515 2178 voluntarios

817 2203 917 2227 arma
935 2193 1053 2227 tulisse
1073 2194 1169 2226 haud
1184 2193 1420 2235 improbabile
1438 2195 1516 2227 est?

816 2245 954 2284 Insigne
999 2244 1096 2275 certe
1139 2243 1387 2276 huiuscemodi
1430 2251 1516 2285 per-

815 2293 992 2326 versitatis
1029 2291 1232 2333 exemplum
1266 2292 1307 2330 Q.
1339 2291 1516 2325 Labienus

817 2343 854 2374 T.
888 2340 979 2373 filius
1010 2341 1129 2380 dedit,
1170 2341 1230 2382 qui
1265 2340 1383 2373 audita
1414 2340 1514 2373 clade

818 2389 1031 2431 Philippensi
1074 2390 1222 2422 Parthos
1264 2391 1299 2422 in
1340 2391 1515 2423 Romanos

818 2440 1005 2472 concitavit
1028 2440 1064 2471 et
1086 2439 1155 2471 dux
1175 2439 1221 2472 ab
1238 2440 1290 2472 eis
1306 2440 1515 2472 constitutus

818 2497 883 2529 per
906 2488 1016 2520 breve
1037 2490 1178 2530 tempus
1194 2489 1332 2529 Syriam
1349 2490 1386 2521 et
1399 2489 1516 2532 Phoe—

819 2538 923 2569 nicen
947 2538 1134 2578 occupavit
1155 2547 1187 2570 a.
1203 2547 1238 2569 u.
1255 2547 1285 2570 c.
1307 2537 1397 2576 7⁴4„
1425 2538 1517 2570 eius-

819 2595 889 2627 que
921 2594 1089 2619 nummus
1118 2588 1233 2619 exstat
1262 2595 1346 2620 cum
1369 2586 1437 2618 hac
1459 2586 1515 2618 in-

820 2636 1031 2676 scriptionez
1057 2637 1095 2676 Q.
1119 2636 1333 2668 LABIENVS
1353 2635 1518 2668 PARTHI-

820 2685 908 2717 CVS.
948 2685 1034 2717 [ΜΡ.
1071 2685 1140 2717 Cir.
1177 2685 1326 2718 Dionem
1359 2684 1422 2724 48,
1457 2684 1511 2716 26.
