1722 2904
634 70 714 103 un.
739 69 796 102 111.

843 69 882 102 c.
907 68 1008 101 xvii.
1459 61 1533 105 441!

554 481 1084 524 cmxm

378 620 468 665 Aeli
498 627 667 664 vetusto
697 619 852 664 nobilis
883 612 937 663 ab
967 619 1116 668 Lamo,
1148 643 1204 650 —-

183 771 284 805 xvu.
320 771 428 804 Inscr.
455 769 547 812 volg.
593 770 644 803 Aa
673 770 802 804 Aelium
833 770 1002 809 Lamiam,
1039 771 1076 802 et
1107 770 1159 802 sie
1194 767 1308 802 BbS'l'.
1343 785 1382 793 —
1407 769 1497 802 Aelio

140 820 331 855 Lamiaoc.

138 955 240 989 xvn.
280 956 432 990 Carmen
455 958 627 1000 scriptum
653 956 794 989 videtur

99 1005 147 1051 ad
167 1006 206 1038 L.
228 1005 368 1039 Aelium
389 1007 548 1040 Lamiam
579 1007 625 1049 (v.
656 1006 719 1039 Od.
751 1006 791 1045 4,

96 1055 151 1088 26.
198 1054 270 1088 Cfr.
294 1055 383 1098 Epp.
409 1056 452 1097 4,
478 1055 538 1097 44,
563 1056 630 1097 6.),
654 1064 726 1089 non
747 1054 794 1088 ad

97 1105 174 1137 eius
194 1103 340 1138 stati-em
355 1105 540 1145 Quintum,
564 1105 664 1138 cuius
680 1106 794 1138 exstat

97 1161 264 1186 nummus
287 1162 370 1187 cum
391 1155 641 1196 inscriptione:
680 1161 794 1194 12.AE-

94 1209 183 1236 uus.
216 1211 247 1236 1..
274 1210 309 1236 r.
337 1211 450 1236 unu.
483 1211 592 1238 mrm.
622 1213 654 1237 A.
689 1213 722 1237 A.
759 1212 791 1237 Δ.

94 1260 129 1284 ιν.
156 1260 192 1285 r.
217 1252 346 1293 (mocio
366 1253 415 1286 M.
439 1253 478 1286 F.
501 1254 540 1286 R.
565 1262 600 1295 p.
625 1254 658 1285 6.
682 1253 720 1285 Τ.
747 1253 791 1294 l.)

100 1301 189 1342 (Quo
230 1302 394 1344 tempore
438 1302 676 1345 compositum
724 1303 790 1342 sit,

97 1349 324 1391 ignoramns;
363 1350 519 1384 nonnulli
555 1351 714 1384 referunt
747 1352 793 1384 ad

96 1407 131 1431 a.
154 1398 244 1440 73⁴.)
274 1400 432 1433 Lamiam
454 1402 575 1434 autem
596 1410 694 1433 suum
716 1401 790 1442 (οᾱ.

98 1448 135 1488 Ι,
159 1447 223 1488 26,
246 1448 293 1489 8.)
341 1449 521 1489 hortatur,
567 1451 607 1482 ut
639 1459 716 1482 cras
749 1459 792 1483 eo

98 1495 243 1530 hilarius
286 1497 384 1531 diem
428 1498 558 1531 festum
608 1498 767 1532 celebret
782 1525 790 1539 ‚

98 1547 230 1587 quanto
251 1547 364 1587 magis
387 1555 433 1580 ex
447 1545 687 1590 διοσημείοις
708 1557 794 1590 pro-

98 1593 249 1628 cellosus
269 1597 316 1628 sit
336 1595 494 1629 futurus:
531 1606 623 1639 quae
647 1598 794 1639 quidem

98 1644 214 1686 imago
246 1653 347 1678 mere
377 1646 517 1687 poetica
545 1647 684 1680 videtur
711 1647 793 1680 ideo

100 1694 313 1736 exoogitata,
354 1696 394 1727 ut
426 1694 473 1727 ad
495 1694 679 1735 laetiorem
702 1697 793 1729 vitae

98 1748 205 1775 usum
226 1743 382 1776 amicum
405 1744 668 1785 exhortaretur,
704 1755 795 1778 neu-

99 1792 235 1833 tiquam
256 1792 361 1825 faceti
382 1793 451 1826 ioci
472 1793 593 1835 plena,
618 1795 795 1836 quemad-

99 1841 247 1874 modum
261 1842 436 1876 nonnullis
450 1844 567 1877 visum
581 1846 655 1883 est3
673 1844 794 1877 fictum

99 1891 195 1924 enim
218 1891 370 1924 arbitror
392 1894 500 1926 totius
523 1894 690 1927 carminis
720 1896 795 1927 sta-

98 1941 195 1980 tum,
232 1942 273 1973 ut
298 1950 342 1974 ex
365 1943 526 1984 tempore
549 1942 631 1975 inde
655 1943 700 1975 ab
723 1952 795 1976 uno

100 1989 157 2022 die
179 1990 215 2022 in
236 1989 388 2024 alterum
411 1993 650 2034 compositum
671 1993 796 2026 videa-

99 2039 179 2078 tur,
217 2048 300 2072 eum
334 2042 452 2074 tamen
484 2042 520 2074 in
543 2042 621 2083 ipsa
643 2041 698 2074 illa
723 2052 796 2074 πα-

76 2087 270 2133 perorna
302 2098 323 2121 a
351 2089 470 2123 multis
504 2092 647 2123 nostrae
670 2093 795 2124 aetatis

101 2137 239 2170 criticis
261 2137 427 2171 damnata
450 2148 559 2180 quam
576 2141 730 2173 maxime
753 2140 796 2173 li-

101 2187 238 2219 matum
262 2187 317 2220 sit.
366 2188 418 2220 Ex
450 2187 551 2221 solito
581 2192 700 2222 autem
731 2191 797 2222 Ro-

100 2243 287 2268 manorum
319 2236 490 2270 nobilium
515 2247 616 2271 more
649 2239 796 2280 stirpem

102 2292 203 2317 suam
238 2285 398 2318 Graeculi
431 2286 578 2319 alicuius
616 2288 797 2329 genealogi

102 2341 170 2374 ope
186 2333 231 2365 ad
247 2334 341 2367 hunc
367 2334 507 2368 illumve
532 2336 680 2369 heroem
703 2337 798 2370 refe-

101 2382 225 2422 rendi,
249 2384 307 2416 hic
330 2386 427 2417 certe
443 2386 561 2418 Lamia
589 2386 719 2425 (utrum
733 2395 799 2428 per

102 2431 230 2464 fastum
264 2433 460 2474 quendam,
497 2443 543 2466 an
571 2435 637 2467 ioci
666 2444 795 2475 causa,

102 2488 167 2512 nos
214 2482 430 2522 ignoramus)
484 2485 668 2516 auctorem
712 2492 798 2516 suae

104 2528 253 2562 familiae
276 2531 504 2572 praedicabat
527 2533 691 2571 Lamum,
728 2533 799 2565 Ne-

104 2579 218 2618 ptuni,
259 2581 297 2612 ut
331 2581 379 2611 ait
410 2581 631 2620 Eustathius,
669 2581 796 2621 filium,

104 2627 384 2669 Laestrygonum
397 2638 518 2671 regem
532 2630 667 2672 (Odyss.
687 2642 722 2670 κ,
736 2631 772 2663 84
789 2641 796 2662 ;

843 953 984 998 Λάμου
1014 951 1108 988 αἰπὺ
1138 952 1386 1000 πτολίεθρον,
1423 953 1543 997 Τηλέ-

842 1003 963 1040 πυλον
998 1003 1066 1047 (aio
1099 1004 1178 1037 weit
1212 1004 1282 1036 sich
1326 1005 1536 1038 mundando:

841 1053 1332 1100 Nitzsch..)Aawrpvyoviqv
1346 1053 1431 1086 Plin.
1444 1055 1486 1087 Η.
1499 1055 1538 1087 N.

842 1104 875 1144 3,
892 1105 937 1137 5:
962 1104 1128 1145 oppidum
1152 1103 1260 1145 (Latii)
1276 1103 1431 1136 For-miae
1451 1104 1543 1136 Hor-

840 1155 930 1186 miae
951 1155 1093 1194 dictim,
1117 1156 1155 1185 ut
1177 1153 1430 1193 antummum,
1455 1153 1543 1185 Lao-

840 1207 1035 1245 stryqonum
1062 1203 1163 1234 sedes.
1211 1202 1300 1235 Huic
1328 1202 1433 1243 igitur
1464 1202 1544 1244 opi-

842 1252 936 1284 nioni
982 1251 1197 1293 gratificatus
1241 1253 1315 1284 tam
1370 1250 1543 1284 illustrem

843 1301 1097 1344 «prosapiam»
1132 1302 1213 1333 octo
1241 1300 1405 1333 versibus
1428 1299 1543 1333 inclu-

841 1351 907 1391 dit,
932 1351 1150 1392 digressione
1173 1352 1278 1383 utens
1301 1350 1383 1382 inde
1406 1359 1427 1382 a
1453 1359 1487 1382 v.
1505 1350 1540 1382 2.

842 1408 956 1442 usque
979 1399 1026 1432 ad
1048 1408 1081 1432 v.
1105 1399 1145 1431 9:
1170 1400 1252 1432 Late
1275 1403 1456 1439 tyr-annus,
1482 1399 1543 1440 qui

841 1459 898 1482 vv.
921 1450 956 1482 in
980 1448 1207 1495 καρενθὲσει
1221 1450 1315 1482 sunt.
1362 1449 1418 1481 Sic
1434 1449 1545 1482 Mem-

841 1500 903 1532 mii
924 1508 946 1532 a
967 1499 1169 1539 Mnestheo,
1194 1499 1304 1540 Sergii
1327 1507 1348 1530 a
1364 1499 1540 1540 Sergesto,

842 1557 862 1581 a
886 1548 1057 1581 Cloantho
1081 1548 1231 1581 Cluentii
1265 1549 1371 1590 (Virg.
1395 1549 1483 1581 Aen.
1501 1550 1540 1587 5,

843 1598 1058 1639 ⁴⁴7—423.),
1094 1598 1161 1630 Atii
1184 1597 1230 1629 ab
1253 1599 1323 1638 Aty
1347 1597 1409 1638 (lb.
1434 1598 1538 1639 568),

843 1646 984 1680 Mamilii
1019 1656 1087 1689 per
1122 1646 1332 1687 Mamiliam,
1378 1647 1543 1688 Telegoni

843 1696 969 1736 filiam,
995 1696 1040 1728 ab
1058 1695 1151 1730 Ulixe
1169 1697 1306 1737 (Festus
1318 1706 1353 1739 p.
1372 1697 1426 1728 97.
1440 1697 1540 1728 Lind.

843 1746 960 1778 Riccio
981 1747 1029 1779 M.
1054 1746 1092 1778 F.
1116 1747 1156 1779 R.
1180 1755 1216 1788 p.
1243 1746 1330 1786 ⁴33.)
1356 1748 1424 1778 cet.
1455 1746 1543 1778 Hinc

842 1796 1010 1828 Varronis
1026 1797 1062 1828 et
1078 1795 1203 1836 Hygini
1227 1794 1308 1827 libri
1330 1795 1376 1827 de
1403 1794 1543 1828 familiis

843 1845 1012 1877 Troianis.
1045 1843 1187 1886 (Ritschl
1209 1845 1252 1876 N.
1276 1845 1336 1877 m».
1359 1846 1408 1877 Μ,
1434 1845 1489 1876 VI.
1508 1844 1540 1877 4.

843 1902 924 1935 pag.
949 1893 1038 1933 507.)
1085 1892 1251 1925 Similiter
1273 1894 1390 1926 Livius
1415 1894 1453 1933 ⁴,
1475 1892 1540 1926 49:

844 1943 1007 1975 Octavius
1031 1941 1222 1982 Mamilius,
1246 1942 1274 1974 si
1294 1942 1408 1983 famae
1433 1943 1544 1975 orodi-

843 2001 940 2032 mus,
966 1992 1008 2024 ab
1035 1992 1130 2023 Ulia
1153 1992 1279 2032 deaque
1301 1991 1401 2024 Circa
1425 1991 1544 2024 oritat—

845 2043 916 2074 dus.
963 2041 1052 2074 Vide
1074 2041 1206 2074 Eckbel
1228 2042 1270 2074 D.
1287 2042 1328 2074 N.
1347 2041 1388 2073 V.
1411 2050 1447 2083 p.
1464 2040 1540 2074 242.

845 2090 1011 2123 Simulata
1044 2092 1182 2129 autem,
1220 2091 1255 2122 ni
1288 2089 1403 2130 fallor,
1439 2090 1544 2123 huius

845 2140 1072 2181 digressionis
1095 2140 1247 2180 gravitas
1269 2139 1466 2173 admodum
1490 2139 1545 2172 fe-

846 2190 934 2223 stive
973 2189 1162 2231 opponitur
1204 2187 1330 2230 reliqui
1377 2189 1544 2222 carminis

846 2238 1029 2278 hilaritati,
1069 2240 1175 2279 atque
1201 2239 1294 2271 hanc
1315 2240 1463 2280 propter
1486 2247 1544 2270 ra-

847 2290 980 2321 tionem
998 2287 1183 2320 Ramlerus
1205 2290 1302 2320 reete
1326 2288 1544 2329 comparavit

848 2336 972 2370 Catulli
996 2337 1034 2369 C.
1061 2337 1112 2369 Η.

892 2387 905 2418 4
927 2403 946 2409 -
961 2386 992 2418 3.
1032 2386 1165 2428 nobilis]
1191 2387 1392 2419 Lamiarum
1416 2384 1543 2418 familia

849 2434 1072 2468 nobilissimis
1102 2435 1414 2468 adnumerabatur.
1460 2435 1540 2466 Tac.

849 2486 937 2516 Ann.
963 2484 1003 2523 6,
1027 2484 1091 2516 27:
1131 2485 1272 2517 Lamiae
1295 2493 1398 2526 genus
1413 2501 1431 2506 -
1447 2484 1544 2515 deco-

848 2542 936 2565 mm.
983 2534 1104 2566 luven.
1130 2534 1167 2574 6,
1193 2533 1272 2567 385:
1311 2533 1482 2573 Quaedam
1505 2533 1545 2563 de

849 2591 986 2614 numero
1007 2583 1204 2616 Lamiarum
1227 2592 1267 2615 ac
1291 2582 1432 2615 nominis
1454 2581 1538 2617 alei,·

851 2632 935 2664 item
959 2630 995 2670 4,
1023 2631 1096 2665 ⁴54.
