1722 2904
141 87 186 130 711
198 87 222 129 4

678 89 849 122 HORATIl
873 89 1045 122 EPODON

254 192 540 236 Occasionem
570 192 625 236 de
657 192 745 242 die,
779 192 971 250 dumque
1002 192 1140 235 virent
1170 206 1312 250 genua

198 275 247 317 Et
277 274 421 325 decet,
455 273 643 318 obducta
672 273 862 317 solvatur
892 273 1029 316 fronte
1062 280 1276 317 senectus.
1564 274 1590 314 ὃ

253 357 315 398 Tu
344 356 442 398 vina
473 357 688 414 Torquato
718 368 844 398 move
876 353 1054 398 consule
1085 369 1239 412 pressa
1268 369 1379 399 meo.

198 437 351 481 Cetera
379 437 497 480 mitte
526 436 668 494 loqui:
701 436 810 480 deus
842 435 951 480 haec
980 436 1161 480 fortasse
1190 436 1379 494 benigna

253 518 446 562 Reducet
475 518 517 560 in
550 518 701 561 sedem
729 517 836 561 vice.

895 519 1016 561 Nunc
1045 523 1088 560 et
1116 516 1404 561 Achaemenio

200 599 402 643 Perfundi
434 599 570 642 nardo
602 600 718 642 iuvat
747 606 790 642 et
818 598 904 641 fide
936 597 1140 656 Cyllenea

228 701 259 732 7.
285 700 363 732 Vid.
389 700 435 732 ad
459 700 568 741 Epod.
596 700 656 739 42,
682 700 736 731 22.
766 718 802 722 -
831 699 863 731 8.
889 699 1108 732 Achaemenia
1130 698 1256 739 Aldus,
1283 699 1364 732 LCt.
1392 699 1444 740 (Ut
1466 708 1547 740 nos,

185 758 310 782 omnes
336 750 447 782 nostri
471 758 513 782 ac
537 749 709 791 Bentleii.)

141 832 211 863 Sat.
230 831 250 863 2
263 856 270 870 ,
296 831 333 870 ⁶2,
361 832 397 863 ⁴:
425 831 519 871 Quae
531 831 640 862 virtus
654 833 686 862 et
700 833 842 870 quanta,

140 889 240 920 eom,
275 881 318 912 sit
343 881 454 912 vivere
481 889 612 921 parvo,
649 880 732 921 cet.)
758 879 846 912 allo-

141 931 277 972 quitur;
303 939 336 962 v.
362 931 483 962 autem
499 930 545 970 6.,
570 931 718 972 propter
734 938 845 971 quem

141 978 319 1012 Bentleius
359 979 511 1011 coniecit
548 979 655 1012 amice
693 980 841 1020 (vocat.,

141 1038 212 1061 non
228 1028 403 1069 adverb.),
431 1038 471 1062 se
488 1029 664 1061 convertit
680 1028 727 1061 ad
749 1038 845 1071 συμ-

142 1079 370 1124 ποσίαρχον,
400 1079 461 1119 qui
483 1079 606 1111 vinum
632 1078 842 1120 praebebat.

141 1130 313 1168 Fuerunt,
354 1129 413 1169 qui
452 1128 553 1160 amici
590 1129 708 1161 minus
745 1129 843 1160 recte

141 1187 207 1220 pro
242 1179 412 1211 nominat.
438 1178 627 1211 haberent.
662 1197 698 1201 —
722 1177 842 1219 virent]

142 1228 250 1261 Solita
284 1228 380 1270 apud
413 1229 555 1261 Latinos
590 1229 766 1269 imagine,
806 1229 846 1260 ut

144 1279 207 1311 Od.
236 1280 273 1318 i,
299 1279 337 1319 9,
365 1280 425 1311 47ῑ
461 1280 574 1311 Donec
595 1279 718 1311 virenti
747 1278 845 1310 cani-

144 1330 203 1360 ties
237 1328 328 1360 abest
355 1329 504 1361 Morosa.
546 1328 645 1361 Ovid.
679 1329 770 1361 Fast.
802 1329 842 1368 5,

143 1378 223 1411 274:
260 1387 336 1410 cum
369 1378 565 1410 iuvenilibus
598 1379 696 1410 armis
724 1379 846 1410 Luxu-

141 1429 235 1460 riant
261 1428 367 1460 animi
397 1437 606 1469 corporaque
628 1429 703 1469 ipsa
723 1428 843 1460 virent.

143 1479 237 1518 virg.
262 1479 350 1510 Aen.
377 1478 413 1517 6,
440 1478 521 1511 304:
550 1479 658 1510 cruda
679 1479 738 1510 deo
759 1478 847 1510 viri-

143 1529 258 1568 disque
289 1531 446 1560 senectus.
489 1528 607 1560 Genua
639 1527 847 1569 frequenter

143 1587 208 1620 pro
222 1578 361 1610 roboris
373 1579 515 1620 propria
528 1578 627 1611 sede.
646 1577 733 1610 Plin.
749 1578 790 1610 H.
802 1578 843 1610 N.

146 1629 199 1667 Μ,
218 1628 273 1668 45,
289 1628 370 1660 403:
395 1628 478 1660 inest
495 1627 666 1669 (genibus)
684 1627 844 1660 vitalitas.

147 1678 295 1709 Theocr.
324 1677 383 1717 ⁴4,
409 1678 472 1709 70:
498 1675 614 1719 ποιῆν
637 1686 674 1709 τι
695 1675 774 1717 δεῖ,
798 1669 846 1717 ἇς

144 1725 237 1770 γόνυ
254 1724 417 1773 χλωρόν.
443 1728 618 1768 Theognis
634 1727 716 1759 977:
737 1725 846 1759 Ταῦτ’

143 1775 292 1822 ἐσορῶν
336 1775 496 1823 κραδίην
541 1772 586 1809 εὖ
633 1777 819 1818 πείσομαι
835 1801 844 1816 ,

144 1824 251 1873 ὄφρα
274 1826 303 1859 τ’
327 1824 479 1873 ἐλαφρὰ
501 1824 679 1859 Γούνατα
700 1827 767 1859 καὶ
782 1836 847 1859 κε-

144 1874 275 1920 φαλὴν
297 1873 491 1923 ἀτρεμέως
514 1878 708 1923 προφέρω.

189 1929 221 1960 5.
247 1928 279 1960 6.
320 1927 471 1969 obducta]
499 1928 613 1960 «curis
645 1928 681 1959 et
709 1926 847 1959 tristitia

147 1978 248 2018 quasi
266 1976 420 2009 nubila.»
437 1977 493 2008 Sic
510 1977 617 2008 etiam
634 1977 756 2008 luven.
775 1977 845 2008 Sat.

147 2028 185 2065 9,
210 2028 246 2059 2:
272 2027 382 2068 fronte
410 2027 568 2066 obducta,
595 2028 630 2058 et
653 2022 849 2068 συννεφὴς

147 2078 263 2109 Creon
292 2076 386 2118 apud
416 2077 496 2108 Eur.
523 2076 656 2108 Phoen.
682 2075 778 2108 ⁴307.
805 2077 846 2108 D.

148 2126 284 2168 Hippol.
301 2126 379 2158 473:
394 2122 564 2170 Στυγνὸν
575 2123 605 2157 δ’
618 2121 775 2172 ὀφρύων
787 2126 850 2158 νέ-

146 2186 234 2216 φος.
264 2195 299 2198 -
326 2175 481 2217 senectus]
509 2176 738 2215 «morositas,
772 2177 850 2208 tae-

147 2225 279 2264 dium»,
294 2233 364 2264 qua
374 2225 627 2266 significatione
637 2225 764 2257 senium
773 2234 851 2258 sae-

146 2275 225 2316 pius
238 2276 441 2315 usurpatur.
459 2293 495 2298 —
512 2274 569 2316 Tu]
589 2275 847 2315 «convivator»,

148 2334 217 2356 non
237 2325 459 2366 «pincerna»,
478 2325 517 2356 ut
531 2323 654 2356 volunt
673 2323 789 2356 Schol.
811 2342 847 2348 -

147 2375 253 2414 move]
277 2373 340 2405 Od.
367 2374 397 2412 3,
423 2374 484 2413 24,
511 2374 548 2405 6:
585 2373 696 2416 (testa)
725 2374 851 2406 moveri

148 2424 250 2464 (liqna
274 2423 356 2455 bono
380 2424 440 2455 die.
485 2423 548 2455 Od.
567 2423 605 2463 3,
630 2424 691 2463 28,
718 2424 749 2455 7.
790 2424 850 2455 Est

149 2474 266 2514 igitur:
296 2473 464 2514 «proferri
482 2473 563 2505 iube
581 2482 624 2505 ex
639 2473 847 2514 apotheca.»

150 2523 312 2563 «Misce»,
327 2524 365 2554 ut
376 2522 497 2555 volunt
504 2522 634 2562 Schol.,
652 2523 848 2563 significare

152 2573 282 2612 nequit.
314 2591 348 2595 —
378 2573 542 2612 Torquato
558 2592 578 2596 -
592 2571 847 2613 consule—meo]

153 2623 186 2653 L.
221 2621 347 2654 Manlio
377 2623 554 2663 Torquato
590 2631 662 2654 cos.
690 2631 720 2653 a.
747 2631 781 2653 u.
815 2631 845 2654 c.

150 2672 239 2703 ⁴389..
267 2672 398 2704 Horatii
416 2671 531 2703 natali.
559 2671 622 2703 Od.
642 2672 672 2710 3,
692 2672 727 2703 24
745 2697 751 2711 ,
771 2672 800 2702 4.

938 830 994 862 7-4
1002 830 1034 862 0.
1061 829 1190 872 Cetera]
1208 838 1322 872 «quae
1337 829 1507 864 sollicitos
1529 839 1595 864 nos

895 878 1046 919 habent,
1064 880 1188 912 omitte
1203 888 1333 912 nunc.»
1359 880 1457 919 Quae
1472 881 1594 913 autem

893 929 985 961 haec
1001 928 1134 962 fuerint
1148 930 1276 971 poetae
1291 930 1428 971 ingrata
1440 954 1449 970 ,
1473 931 1596 963 utrum

894 987 933 1011 re
948 987 1036 1011 vera
1052 987 1160 1020 aeger
1175 980 1283 1022 animi
1299 979 1420 1020 fuerit,
1446 979 1595 1013 fortasse

895 1028 940 1061 de
973 1029 1026 1061 rei
1063 1028 1230 1070 publicae
1263 1028 1511 1071 temporibus,
1550 1037 1596 1062 an

894 1074 1125 1119 ἀντιθέσεως
1159 1078 1205 1111 ad
1239 1078 1389 1111 convivii
1426 1077 1596 1112 laetitiam

894 1129 1003 1170 gratia
1027 1128 1167 1161 finxerit
1189 1128 1254 1161 has
1271 1136 1394 1168 curas,
1418 1136 1485 1161 nos
1499 1129 1598 1170 igno-

894 1187 1028 1211 ramus.
1055 1177 1232 1218 (Similiter
1246 1178 1310 1211 Od.
1329 1179 1366 1219 ⁴,
1391 1178 1428 1219 9,
1453 1178 1494 1212 9;
1518 1179 1597 1212 Per*-

892 1229 986 1260 mitte
1018 1228 1103 1260 divis
1124 1231 1235 1261 cetera
1257 1227 1340 1270 cet.)
1377 1245 1415 1251 —-
1452 1228 1596 1261 Rodum

893 1279 930 1310 in
951 1276 1072 1319 sedem]
1096 1277 1207 1310 «deus
1229 1279 1327 1319 grata
1351 1276 1595 1311 vicissitudine

894 1327 1023 1360 reddet
1053 1328 1186 1360 statum
1215 1328 1356 1360 certum
1386 1335 1429 1359 ac
1450 1326 1597 1360 firmum

895 1378 956 1417 iis,
981 1385 1074 1418 quae
1098 1386 1193 1410 nunc
1214 1376 1369 1410 labant.»
1407 1377 1465 1410 Sic
1479 1377 1599 1418 Augu-

895 1429 971 1460 stus
987 1426 1082 1469 apud
1093 1428 1189 1460 Suet.
1205 1428 1280 1461 Oct.
1293 1427 1354 1460 28:
1370 1428 1425 1460 Ita
1437 1426 1520 1459 mihi
1533 1427 1600 1459 sal·

893 1486 973 1510 vam
995 1486 1036 1509 ac
1049 1477 1203 1517 sospitem
1216 1485 1289 1510 rem
1297 1476 1470 1518 publicam
1481 1476 1598 1510 sistere

896 1529 932 1560 in
964 1536 1028 1560 sua
1059 1527 1132 1559 sede
1158 1526 1267 1560 liceat.
1302 1544 1340 1551 -
1367 1525 1596 1569 Achaenwnio]

897 1577 967 1610 Cfr.
992 1576 1057 1610 Od.
1085 1577 1123 1617 2,
1149 1577 1209 1617 Η,
1235 1577 1290 1609 46.
1323 1577 1364 1617 2,
1390 1577 1452 1617 42,
1476 1577 1532 1609 24.
1557 1576 1596 1617 3,

898 1628 934 1667 i,
983 1626 1036 1660 44.
1095 1628 1215 1660 Genus
1252 1627 1419 1660 neutrum
1455 1626 1599 1660 firmant

897 1677 1005 1710 etiam
1033 1676 1104 1709 mei
1128 1675 1255 1717 Codd.‚
1279 1678 1320 1709 ut
1345 1676 1456 1719 Epod.
1475 1677 1512 1717 ὅ,
1539 1676 1595 1710 59.

899 1745 935 1750 -
969 1727 1035 1769 fide
1061 1725 1234 1768 Qullenea]
1270 1725 1373 1768 «lyra
1399 1726 1542 1759 inventa
1575 1734 1598 1759 a

896 1776 1092 1816 Mercurio,
1139 1778 1221 1809 nato
1256 1777 1292 1809 in
1327 1775 1494 1818 Cyllene,
1529 1776 1599 1808 Ar-

897 1826 1019 1859 cadiae
1043 1827 1201 1859 monte.»
1226 1827 1357 1868 Epieus
1379 1827 1485 1868 poeta
1502 1825 1597 1868 apud

897 1875 1011 1908 Schol.
1030 1875 1129 1908 Pind.
1149 1876 1195 1909 ad
1209 1877 1311 1909 Nem.
1328 1877 1365 1916 2,
1394 1875 1455 1909 ⁴6:
1482 1875 1595 1917 (Maia)

897 1922 1098 1968 Κυλλήνης
1119 1925 1160 1958 ἐν
1175 1921 1311 1972 ὄρεσσι
1331 1922 1434 1958 θεῶν
1447 1922 1600 1972 κήρυκα

897 1975 972 2009 τέκ’
1003 1971 1158 2022 Ἑρμῆν.
1204 1975 1298 2016 Virg.
1329 1976 1415 2008 Aen.
1445 1975 1484 2015 8,
1521 1974 1596 2008 ⁴38.

899 2024 1000 2058 Silius
1023 2025 1062 2064 3,
1088 2024 1171 2057 203:
1196 2024 1393 2058 Mercurius
1415 2024 1600 2066 aelidisal-

898 2083 974 2107 mae
997 2075 1142 2115 Cyllenes
1163 2075 1269 2107 editus
1293 2074 1414 2106 mitris.
1441 2089 1478 2098 —-
1503 2073 1598 2115 aiv-is]

901 2123 1113 2157 «crudeliter
1145 2132 1210 2156 nos
1238 2122 1524 2156 excruciantibus
1556 2130 1599 2154 ac

898 2175 1087 2216 propterea
1134 2171 1449 2211 detestabilibus3»
1494 2171 1598 2214 longe

900 2224 1079 2257 efficacius
1095 2224 1130 2256 h.
1144 2233 1178 2255 v.
1194 2224 1264 2263 hic,
1281 2222 1343 2255 ubi
1359 2231 1500 2255 summe
1516 2228 1600 2255 con-

899 2273 1027 2314 tendit,
1064 2274 1103 2305 ut
1129 2273 1226 2305 omni
1253 2272 1471 2314 aegrimonia
1493 2280 1533 2305 se
1555 2270 1599 2304 li-

899 2323 1014 2362 beret,
1034 2331 1142 2365 quam
1153 2323 1262 2362 duris,
1281 2330 1500 2364 quamquam
1515 2320 1599 2354 alibi

899 2374 968 2406 hoc
991 2371 1237 2415 praetulerunt
1258 2373 1406 2414 poetae,
1438 2372 1480 2404 ut
1501 2370 1596 2412 Virg.

900 2424 986 2455 Aen.
1006 2422 1043 2462 4,
1069 2421 1150 2455 488:
1182 2425 1235 2455 ast
1256 2422 1332 2454 aliis
1349 2422 1454 2454 duras
1473 2420 1600 2453 immit-

900 2476 968 2505 tere
989 2481 1101 2504 curas,

945 2523 996 2554 Μ.
1025 2522 1076 2554 ⁴2.
1102 2521 1236 2563 qrandi]
1264 2521 1304 2552 ut
1326 2522 1427 2552 erant
1446 2519 1599 2552 heroum

900 2572 1034 2604 formae
1057 2571 1209 2603 maiores
1232 2569 1346 2611 volgo.
1385 2570 1438 2602 De
1465 2566 1597 2601 Achille

900 2621 1026 2661 Odyss.
1052 2631 1100 2660 ω,
1136 2619 1194 2652 40:
1233 2619 1352 2652 Κεϊσο
1380 2619 1501 2662 μέγας
1527 2626 1598 2660 με-

900 2669 1077 2713 γαλωστί.
1104 2669 1302 2702 obscurant
1318 2669 1518 2710 imaginem,
1537 2668 1597 2708 qui
