<?xml version="1.0" encoding="UTF-8"?>
<!DOCTYPE html PUBLIC "-//W3C//DTD XHTML 1.0 Transitional//EN"
    "http://www.w3.org/TR/xhtml1/DTD/xhtml1-transitional.dtd">
<html xmlns="http://www.w3.org/1999/xhtml" xml:lang="en" lang="en">
 <head>
  <title>
</title>
<meta http-equiv="Content-Type" content="text/html;charset=utf-8" />
  <meta name='ocr-system' content='tesseract 3.04.00' />
  <meta name='ocr-capabilities' content='ocr_page ocr_carea ocr_par ocr_line ocrx_word'/>
</head>
<body>
  <div class='ocr_page' id='page_1' title='image "./qhoratiusflaccus12horauoft_0277.png"; bbox 0 0 1722 2904; ppageno 0'>
   <div class='ocr_carea' id='block_1_1' title="bbox 571 81 958 117">
    <p class='ocr_par' dir='ltr' id='par_1_1' title="bbox 571 81 958 117">
     <span class='ocr_line' id='line_1_1' title="bbox 571 81 958 117; baseline -0.01 0"><span class='ocrx_word' id='word_1_1' title='bbox 571 85 649 117; x_wconf 72' lang='lat' dir='ltr'><strong>Lm.</strong></span> <span class='ocrx_word' id='word_1_2' title='bbox 674 83 730 116; x_wconf 87' lang='grc' dir='ltr'>ΙΙΙ.</span> <span class='ocrx_word' id='word_1_3' title='bbox 778 84 815 115; x_wconf 92' lang='lat' dir='ltr'><strong>C.</strong></span> <span class='ocrx_word' id='word_1_4' title='bbox 843 81 958 114; x_wconf 82' lang='lat' dir='ltr'><strong>xxm.</strong></span> 
     </span>
    </p>
   </div>
   <div class='ocr_carea' id='block_1_2' title="bbox 1437 77 1521 119">
    <p class='ocr_par' dir='ltr' id='par_1_2' title="bbox 1437 77 1521 119">
     <span class='ocr_line' id='line_1_2' title="bbox 1437 77 1521 119; baseline 0 0"><span class='ocrx_word' id='word_1_5' title='bbox 1437 77 1521 119; x_wconf 79' lang='lat'><strong>467</strong></span> 
     </span>
    </p>
   </div>
   <div class='ocr_carea' id='block_1_3' title="bbox 519 421 1083 465">
    <p class='ocr_par' dir='ltr' id='par_1_3' title="bbox 519 421 1083 465">
     <span class='ocr_line' id='line_1_3' title="bbox 519 421 1083 465; baseline -0.007 0"><span class='ocrx_word' id='word_1_6' title='bbox 519 421 1083 465; x_wconf 68' lang='lat' dir='ltr'><strong>cmm</strong></span> 
     </span>
    </p>
   </div>
   <div class='ocr_carea' id='block_1_4' title="bbox 365 535 1125 593">
    <p class='ocr_par' dir='ltr' id='par_1_4' title="bbox 365 535 1125 593">
     <span class='ocr_line' id='line_1_4' title="bbox 365 535 1125 593; baseline -0.005 -13"><span class='ocrx_word' id='word_1_7' title='bbox 365 536 495 580; x_wconf 89' lang='lat' dir='ltr'><strong>Caelo</strong></span> <span class='ocrx_word' id='word_1_8' title='bbox 524 537 701 593; x_wconf 86' lang='lat' dir='ltr'><strong>supinas</strong></span> <span class='ocrx_word' id='word_1_9' title='bbox 730 536 766 579; x_wconf 89' lang='lat' dir='ltr'><strong>si</strong></span> <span class='ocrx_word' id='word_1_10' title='bbox 796 535 944 579; x_wconf 86' lang='lat' dir='ltr'><strong>tuleris</strong></span> <span class='ocrx_word' id='word_1_11' title='bbox 974 547 1125 577; x_wconf 85' lang='lat' dir='ltr'><strong>manus</strong></span> 
     </span>
    </p>
   </div>
   <div class='ocr_carea' id='block_1_5' title="bbox 363 614 1168 673">
    <p class='ocr_par' dir='ltr' id='par_1_5' title="bbox 363 614 1168 673">
     <span class='ocr_line' id='line_1_5' title="bbox 363 614 1168 673; baseline -0.004 -12"><span class='ocrx_word' id='word_1_12' title='bbox 363 619 573 661; x_wconf 85' lang='lat' dir='ltr'><strong>Nascente</strong></span> <span class='ocrx_word' id='word_1_13' title='bbox 603 618 744 667; x_wconf 90' lang='lat' dir='ltr'><strong>Luna,</strong></span> <span class='ocrx_word' id='word_1_14' title='bbox 776 616 936 660; x_wconf 80' lang='lat' dir='ltr'><strong>rustica</strong></span> <span class='ocrx_word' id='word_1_15' title='bbox 968 614 1168 673; x_wconf 78' lang='lat' dir='ltr'><strong>Phidyle,</strong></span> 
     </span>
    </p>
   </div>
   <div class='ocr_carea' id='block_1_6' title="bbox 421 696 1069 754">
    <p class='ocr_par' dir='ltr' id='par_1_6' title="bbox 421 696 1069 754">
     <span class='ocr_line' id='line_1_6' title="bbox 421 696 1069 754; baseline -0.005 -14"><span class='ocrx_word' id='word_1_16' title='bbox 421 698 464 740; x_wconf 85' lang='lat' dir='ltr'><strong>Si</strong></span> <span class='ocrx_word' id='word_1_17' title='bbox 495 697 617 740; x_wconf 81' lang='lat' dir='ltr'><strong>thure</strong></span> <span class='ocrx_word' id='word_1_18' title='bbox 648 697 830 754; x_wconf 84' lang='lat' dir='ltr'><strong>placaris</strong></span> <span class='ocrx_word' id='word_1_19' title='bbox 863 703 905 739; x_wconf 88' lang='lat' dir='ltr'><strong>et</strong></span> <span class='ocrx_word' id='word_1_20' title='bbox 934 696 1069 738; x_wconf 86' lang='lat' dir='ltr'><strong>horna</strong></span> 
     </span>
    </p>
   </div>
   <div class='ocr_carea' id='block_1_7' title="bbox 170 816 798 858">
    <p class='ocr_par' dir='ltr' id='par_1_7' title="bbox 170 816 798 858">
     <span class='ocr_line' id='line_1_7' title="bbox 170 816 798 858; baseline -0.005 -8"><span class='ocrx_word' id='word_1_21' title='bbox 170 818 285 850; x_wconf 82' lang='lat' dir='ltr'><strong>xxm.</strong></span> <span class='ocrx_word' id='word_1_22' title='bbox 311 818 420 850; x_wconf 86' lang='lat' dir='ltr'><strong>Inscr.</strong></span> <span class='ocrx_word' id='word_1_23' title='bbox 445 816 537 858; x_wconf 85' lang='lat' dir='ltr'><strong>volg.</strong></span> <span class='ocrx_word' id='word_1_24' title='bbox 562 817 612 848; x_wconf 77' lang='lat' dir='ltr'><strong>Ad</strong></span> <span class='ocrx_word' id='word_1_25' title='bbox 632 816 798 856; x_wconf 73' lang='lat' dir='ltr'><strong>Phidylen.</strong></span> 
     </span>
    </p>
   </div>
   <div class='ocr_carea' id='block_1_8' title="bbox 828 814 1480 855">
    <p class='ocr_par' dir='ltr' id='par_1_8' title="bbox 828 814 1480 855">
     <span class='ocr_line' id='line_1_8' title="bbox 828 814 1480 855; baseline -0.002 -8"><span class='ocrx_word' id='word_1_26' title='bbox 828 834 863 838; x_wconf 93' lang='lat'><em>-</em></span> <span class='ocrx_word' id='word_1_27' title='bbox 898 816 948 847; x_wconf 77' lang='lat' dir='ltr'><strong>Ad</strong></span> <span class='ocrx_word' id='word_1_28' title='bbox 968 815 1122 855; x_wconf 60' lang='lat' dir='ltr'><strong>mauu„</strong></span> <span class='ocrx_word' id='word_1_29' title='bbox 1144 814 1305 846; x_wconf 60' lang='lat' dir='ltr'><strong>rusticam</strong></span> <span class='ocrx_word' id='word_1_30' title='bbox 1326 814 1415 847; x_wconf 74' lang='lat' dir='ltr'><strong>nsr.</strong></span> <span class='ocrx_word' id='word_1_31' title='bbox 1446 834 1480 838; x_wconf 89' lang='lat'><em>-</em></span> 
     </span>
    </p>
   </div>
   <div class='ocr_carea' id='block_1_9' title="bbox 127 864 1394 907">
    <p class='ocr_par' dir='ltr' id='par_1_9' title="bbox 127 864 1394 907">
     <span class='ocr_line' id='line_1_9' title="bbox 127 864 1394 907; baseline -0.003 -7"><span class='ocrx_word' id='word_1_32' title='bbox 127 867 284 900; x_wconf 66' lang='lat' dir='ltr'><strong>Phinidae</strong></span> <span class='ocrx_word' id='word_1_33' title='bbox 307 867 378 907; x_wconf 88' lang='lat' dir='ltr'><strong>(sic)</strong></span> <span class='ocrx_word' id='word_1_34' title='bbox 402 866 459 898; x_wconf 83' lang='lat' dir='ltr'><strong>bc.</strong></span> <span class='ocrx_word' id='word_1_35' title='bbox 488 885 524 888; x_wconf 97' lang='lat'><strong>—</strong></span> <span class='ocrx_word' id='word_1_36' title='bbox 550 867 582 898; x_wconf 74' lang='lat'><strong>2.</strong></span> <span class='ocrx_word' id='word_1_37' title='bbox 606 866 732 905; x_wconf 72' lang='lat' dir='ltr'><strong>Phidyle·</strong></span> <span class='ocrx_word' id='word_1_38' title='bbox 754 864 911 898; x_wconf 81' lang='lat' dir='ltr'><strong>malebat</strong></span> <span class='ocrx_word' id='word_1_39' title='bbox 933 864 1123 897; x_wconf 85' lang='lat' dir='ltr'><strong>Bentleius.</strong></span> <span class='ocrx_word' id='word_1_40' title='bbox 1142 882 1180 887; x_wconf 92' lang='lat'>—</span> <span class='ocrx_word' id='word_1_41' title='bbox 1204 864 1235 896; x_wconf 84' lang='lat'><strong>3.</strong></span> <span class='ocrx_word' id='word_1_42' title='bbox 1261 867 1335 896; x_wconf 80' lang='lat' dir='ltr'><strong>turo</strong></span> <span class='ocrx_word' id='word_1_43' title='bbox 1356 864 1394 896; x_wconf 86' lang='lat' dir='ltr'><strong>T.</strong></span> 
     </span>
    </p>
   </div>
   <div class='ocr_carea' id='block_1_10' title="bbox 85 971 791 2689">
    <p class='ocr_par' dir='ltr' id='par_1_10' title="bbox 85 971 790 2345">
     <span class='ocr_line' id='line_1_10' title="bbox 127 971 780 1012; baseline -0.005 -7"><span class='ocrx_word' id='word_1_44' title='bbox 127 972 245 1005; x_wconf 76' lang='lat' dir='ltr'><strong>xxm.</strong></span> <span class='ocrx_word' id='word_1_45' title='bbox 270 971 381 1012; x_wconf 82' lang='lat' dir='ltr'><strong>Fingit</strong></span> <span class='ocrx_word' id='word_1_46' title='bbox 402 971 575 1012; x_wconf 86' lang='lat' dir='ltr'><strong>virginem</strong></span> <span class='ocrx_word' id='word_1_47' title='bbox 599 971 780 1008; x_wconf 76' lang='lat' dir='ltr'><strong>rusticam,</strong></span> 
     </span>
     <span class='ocr_line' id='line_1_11' title="bbox 85 1021 783 1063; baseline -0.004 -9"><span class='ocrx_word' id='word_1_48' title='bbox 85 1021 268 1061; x_wconf 84' lang='lat' dir='ltr'><strong>Sabinam,</strong></span> <span class='ocrx_word' id='word_1_49' title='bbox 302 1022 406 1063; x_wconf 86' lang='lat' dir='ltr'><strong>puto,</strong></span> <span class='ocrx_word' id='word_1_50' title='bbox 441 1021 565 1053; x_wconf 71' lang='lat' dir='ltr'><strong>miram</strong></span> <span class='ocrx_word' id='word_1_51' title='bbox 592 1021 708 1052; x_wconf 81' lang='lat' dir='ltr'><strong>decore</strong></span> <span class='ocrx_word' id='word_1_52' title='bbox 726 1021 783 1060; x_wconf 77' lang='lat' dir='ltr'><strong>pio</strong></span> 
     </span>
     <span class='ocr_line' id='line_1_12' title="bbox 87 1070 785 1113; baseline -0.004 -9"><span class='ocrx_word' id='word_1_53' title='bbox 87 1071 184 1113; x_wconf 89' lang='lat' dir='ltr'><strong>(Stat.</strong></span> <span class='ocrx_word' id='word_1_54' title='bbox 208 1070 318 1103; x_wconf 83' lang='lat' dir='ltr'><strong>Theb.</strong></span> <span class='ocrx_word' id='word_1_55' title='bbox 344 1071 384 1110; x_wconf 86' lang='grc'><strong>4,·</strong></span> <span class='ocrx_word' id='word_1_56' title='bbox 407 1070 495 1111; x_wconf 80' lang='lat'><strong>572.)</strong></span> <span class='ocrx_word' id='word_1_57' title='bbox 535 1071 642 1111; x_wconf 90' lang='lat' dir='ltr'><strong>atque</strong></span> <span class='ocrx_word' id='word_1_58' title='bbox 669 1078 712 1102; x_wconf 86' lang='lat' dir='ltr'><strong>ex</strong></span> <span class='ocrx_word' id='word_1_59' title='bbox 734 1070 785 1101; x_wconf 89' lang='lat' dir='ltr'><strong>in—</strong></span> 
     </span>
     <span class='ocr_line' id='line_1_13' title="bbox 85 1120 786 1154; baseline -0.001 -1"><span class='ocrx_word' id='word_1_60' title='bbox 85 1121 170 1154; x_wconf 80' lang='lat' dir='ltr'><strong>tima</strong></span> <span class='ocrx_word' id='word_1_61' title='bbox 192 1120 300 1153; x_wconf 87' lang='lat' dir='ltr'><strong>animi</strong></span> <span class='ocrx_word' id='word_1_62' title='bbox 321 1120 493 1152; x_wconf 83' lang='lat' dir='ltr'><strong>sententia</strong></span> <span class='ocrx_word' id='word_1_63' title='bbox 516 1120 624 1152; x_wconf 82' lang='lat' dir='ltr'>Lares</span> <span class='ocrx_word' id='word_1_64' title='bbox 638 1127 786 1152; x_wconf 82' lang='lat' dir='ltr'><strong>venera-</strong></span> 
     </span>
     <span class='ocr_line' id='line_1_14' title="bbox 85 1168 783 1210; baseline -0.003 -8"><span class='ocrx_word' id='word_1_65' title='bbox 85 1171 203 1202; x_wconf 89' lang='lat' dir='ltr'><strong>turam</strong></span> <span class='ocrx_word' id='word_1_66' title='bbox 240 1168 524 1210; x_wconf 81' lang='lat' dir='ltr'><strong>fertilitatemque</strong></span> <span class='ocrx_word' id='word_1_67' title='bbox 562 1177 647 1209; x_wconf 81' lang='lat' dir='ltr'><strong>agro</strong></span> <span class='ocrx_word' id='word_1_68' title='bbox 685 1177 706 1201; x_wconf 82' lang='lat' dir='ltr'><strong>a</strong></span> <span class='ocrx_word' id='word_1_69' title='bbox 743 1176 783 1200; x_wconf 89' lang='lat' dir='ltr'><strong>se</strong></span> 
     </span>
     <span class='ocr_line' id='line_1_15' title="bbox 88 1215 786 1260; baseline -0.003 -9"><span class='ocrx_word' id='word_1_70' title='bbox 88 1215 182 1251; x_wconf 86' lang='lat' dir='ltr'><strong>culto</strong></span> <span class='ocrx_word' id='word_1_71' title='bbox 204 1219 432 1260; x_wconf 77' lang='lat' dir='ltr'><strong>precatui-am</strong></span> <span class='ocrx_word' id='word_1_72' title='bbox 448 1217 673 1250; x_wconf 87' lang='lat' dir='ltr'><strong>nihilominus</strong></span> <span class='ocrx_word' id='word_1_73' title='bbox 699 1225 786 1259; x_wconf 85' lang='lat' dir='ltr'><strong>que-</strong></span> 
     </span>
     <span class='ocr_line' id='line_1_16' title="bbox 87 1266 784 1309; baseline -0.001 -9"><span class='ocrx_word' id='word_1_74' title='bbox 87 1268 134 1307; x_wconf 92' lang='lat' dir='ltr'><strong>ri,</strong></span> <span class='ocrx_word' id='word_1_75' title='bbox 159 1267 255 1309; x_wconf 87' lang='lat' dir='ltr'><strong>quod</strong></span> <span class='ocrx_word' id='word_1_76' title='bbox 272 1268 397 1308; x_wconf 82' lang='lat' dir='ltr'><strong>exigua</strong></span> <span class='ocrx_word' id='word_1_77' title='bbox 412 1267 594 1300; x_wconf 79' lang='lat' dir='ltr'><strong>dumtaxat</strong></span> <span class='ocrx_word' id='word_1_78' title='bbox 609 1267 703 1299; x_wconf 87' lang='lat' dir='ltr'><strong>dona</strong></span> <span class='ocrx_word' id='word_1_79' title='bbox 719 1266 784 1299; x_wconf 90' lang='lat' dir='ltr'><strong>illis</strong></span> 
     </span>
     <span class='ocr_line' id='line_1_17' title="bbox 87 1316 784 1350; baseline -0.003 0"><span class='ocrx_word' id='word_1_80' title='bbox 87 1317 216 1350; x_wconf 81' lang='lat' dir='ltr'><strong>offerre</strong></span> <span class='ocrx_word' id='word_1_81' title='bbox 247 1316 314 1350; x_wconf 88' lang='lat' dir='ltr'><strong>sibi</strong></span> <span class='ocrx_word' id='word_1_82' title='bbox 342 1325 555 1349; x_wconf 88' lang='lat' dir='ltr'><strong>concessum</strong></span> <span class='ocrx_word' id='word_1_83' title='bbox 584 1318 639 1350; x_wconf 90' lang='lat' dir='ltr'><strong>sit.</strong></span> <span class='ocrx_word' id='word_1_84' title='bbox 686 1317 784 1349; x_wconf 85' lang='lat' dir='ltr'><strong>Hanc</strong></span> 
     </span>
     <span class='ocr_line' id='line_1_18' title="bbox 87 1366 785 1407; baseline -0.003 -7"><span class='ocrx_word' id='word_1_85' title='bbox 87 1366 291 1400; x_wconf 85' lang='lat' dir='ltr'><strong>consolatur</strong></span> <span class='ocrx_word' id='word_1_86' title='bbox 300 1366 492 1405; x_wconf 83' lang='lat' dir='ltr'><strong>affirmans,</strong></span> <span class='ocrx_word' id='word_1_87' title='bbox 511 1367 629 1398; x_wconf 91' lang='lat' dir='ltr'><strong>omnia</strong></span> <span class='ocrx_word' id='word_1_88' title='bbox 644 1367 679 1398; x_wconf 91' lang='lat' dir='ltr'><strong>in</strong></span> <span class='ocrx_word' id='word_1_89' title='bbox 695 1374 785 1407; x_wconf 86' lang='lat' dir='ltr'><strong>puro</strong></span> 
     </span>
     <span class='ocr_line' id='line_1_19' title="bbox 89 1415 786 1455; baseline -0.003 -6"><span class='ocrx_word' id='word_1_90' title='bbox 89 1415 321 1449; x_wconf 85' lang='lat' dir='ltr'><strong>sacrificantis</strong></span> <span class='ocrx_word' id='word_1_91' title='bbox 342 1416 461 1447; x_wconf 89' lang='lat' dir='ltr'><strong>animo</strong></span> <span class='ocrx_word' id='word_1_92' title='bbox 489 1416 554 1447; x_wconf 88' lang='lat' dir='ltr'><strong>sita</strong></span> <span class='ocrx_word' id='word_1_93' title='bbox 580 1424 680 1455; x_wconf 89' lang='lat' dir='ltr'><strong>esse,</strong></span> <span class='ocrx_word' id='word_1_94' title='bbox 720 1424 786 1447; x_wconf 87' lang='lat' dir='ltr'><strong>ne-</strong></span> 
     </span>
     <span class='ocr_line' id='line_1_20' title="bbox 89 1465 786 1507; baseline -0.003 -9"><span class='ocrx_word' id='word_1_95' title='bbox 89 1473 269 1507; x_wconf 87' lang='lat' dir='ltr'><strong>quaquam</strong></span> <span class='ocrx_word' id='word_1_96' title='bbox 295 1465 331 1497; x_wconf 89' lang='lat' dir='ltr'><strong>in</strong></span> <span class='ocrx_word' id='word_1_97' title='bbox 358 1465 582 1497; x_wconf 82' lang='lat' dir='ltr'><strong>victimarum</strong></span> <span class='ocrx_word' id='word_1_98' title='bbox 605 1465 720 1507; x_wconf 86' lang='lat' dir='ltr'><strong>pretio</strong></span> <span class='ocrx_word' id='word_1_99' title='bbox 743 1473 786 1496; x_wconf 93' lang='lat' dir='ltr'><strong>ac</strong></span> 
     </span>
     <span class='ocr_line' id='line_1_21' title="bbox 88 1514 787 1555; baseline -0.001 -8"><span class='ocrx_word' id='word_1_100' title='bbox 88 1523 250 1547; x_wconf 80' lang='lat' dir='ltr'><strong>nomem.</strong></span> <span class='ocrx_word' id='word_1_101' title='bbox 298 1514 440 1555; x_wconf 88' lang='lat' dir='ltr'><strong>(Fictam</strong></span> <span class='ocrx_word' id='word_1_102' title='bbox 469 1516 589 1546; x_wconf 86' lang='lat' dir='ltr'><strong>autem</strong></span> <span class='ocrx_word' id='word_1_103' title='bbox 620 1523 701 1546; x_wconf 91' lang='lat' dir='ltr'><strong>esse</strong></span> <span class='ocrx_word' id='word_1_104' title='bbox 730 1515 787 1545; x_wconf 87' lang='lat' dir='ltr'><strong>to-</strong></span> 
     </span>
     <span class='ocr_line' id='line_1_22' title="bbox 88 1562 784 1604; baseline -0.001 -8"><span class='ocrx_word' id='word_1_105' title='bbox 88 1566 163 1596; x_wconf 88' lang='lat' dir='ltr'><strong>tam</strong></span> <span class='ocrx_word' id='word_1_106' title='bbox 195 1572 341 1596; x_wconf 81' lang='lat' dir='ltr'><strong>scenam</strong></span> <span class='ocrx_word' id='word_1_107' title='bbox 374 1572 417 1595; x_wconf 89' lang='lat' dir='ltr'><strong>ac</strong></span> <span class='ocrx_word' id='word_1_108' title='bbox 447 1562 619 1604; x_wconf 83' lang='lat' dir='ltr'><strong>Phidylen</strong></span> <span class='ocrx_word' id='word_1_109' title='bbox 648 1564 762 1604; x_wconf 84' lang='lat' dir='ltr'><strong>ipsam</strong></span> <span class='ocrx_word' id='word_1_110' title='bbox 776 1588 784 1603; x_wconf 92' lang='lat'><strong>,</strong></span> 
     </span>
     <span class='ocr_line' id='line_1_23' title="bbox 88 1612 785 1655; baseline -0.001 -10"><span class='ocrx_word' id='word_1_111' title='bbox 88 1613 275 1655; x_wconf 83' lang='lat' dir='ltr'><strong>agnovisse</strong></span> <span class='ocrx_word' id='word_1_112' title='bbox 308 1612 450 1644; x_wconf 85' lang='lat' dir='ltr'><strong>videtur</strong></span> <span class='ocrx_word' id='word_1_113' title='bbox 481 1613 588 1645; x_wconf 82' lang='lat' dir='ltr'><strong>etiam</strong></span> <span class='ocrx_word' id='word_1_114' title='bbox 620 1612 785 1652; x_wconf 85' lang='lat' dir='ltr'><strong>Liibker;</strong></span> 
     </span>
     <span class='ocr_line' id='line_1_24' title="bbox 88 1661 790 1704; baseline -0.001 -9"><span class='ocrx_word' id='word_1_115' title='bbox 88 1664 245 1695; x_wconf 79' lang='lat' dir='ltr'><strong>attamen</strong></span> <span class='ocrx_word' id='word_1_116' title='bbox 265 1663 413 1704; x_wconf 88' lang='lat' dir='ltr'><strong>propter</strong></span> <span class='ocrx_word' id='word_1_117' title='bbox 435 1661 583 1693; x_wconf 91' lang='lat' dir='ltr'><strong>aliorum</strong></span> <span class='ocrx_word' id='word_1_118' title='bbox 611 1662 790 1703; x_wconf 86' lang='lat' dir='ltr'><strong>interpre-</strong></span> 
     </span>
     <span class='ocr_line' id='line_1_25' title="bbox 90 1710 789 1753; baseline -0.001 -9"><span class='ocrx_word' id='word_1_119' title='bbox 90 1713 166 1744; x_wconf 86' lang='lat' dir='ltr'><strong>tum</strong></span> <span class='ocrx_word' id='word_1_120' title='bbox 199 1711 349 1753; x_wconf 83' lang='lat' dir='ltr'><strong>ineptias</strong></span> <span class='ocrx_word' id='word_1_121' title='bbox 381 1719 506 1743; x_wconf 84' lang='lat' dir='ltr'><strong>rursus</strong></span> <span class='ocrx_word' id='word_1_122' title='bbox 538 1710 789 1743; x_wconf 89' lang='lat' dir='ltr'><strong>inculcandum</strong></span> 
     </span>
     <span class='ocr_line' id='line_1_26' title="bbox 90 1759 788 1802; baseline -0.001 -9"><span class='ocrx_word' id='word_1_123' title='bbox 90 1760 192 1802; x_wconf 82' lang='lat' dir='ltr'><strong>erat.)</strong></span> <span class='ocrx_word' id='word_1_124' title='bbox 215 1761 267 1792; x_wconf 90' lang='lat' dir='ltr'><strong>De</strong></span> <span class='ocrx_word' id='word_1_125' title='bbox 289 1760 422 1792; x_wconf 84' lang='lat' dir='ltr'><strong>Horatii</strong></span> <span class='ocrx_word' id='word_1_126' title='bbox 443 1759 557 1792; x_wconf 86' lang='lat' dir='ltr'><strong>villica</strong></span> <span class='ocrx_word' id='word_1_127' title='bbox 578 1769 650 1801; x_wconf 90' lang='lat' dir='ltr'><strong>quo</strong></span> <span class='ocrx_word' id='word_1_128' title='bbox 671 1761 788 1793; x_wconf 92' lang='lat' dir='ltr'><strong>minus</strong></span> 
     </span>
     <span class='ocr_line' id='line_1_27' title="bbox 90 1808 789 1851; baseline -0.001 -9"><span class='ocrx_word' id='word_1_129' title='bbox 90 1809 326 1851; x_wconf 83' lang='lat' dir='ltr'><strong>explicemus,</strong></span> <span class='ocrx_word' id='word_1_130' title='bbox 350 1808 467 1841; x_wconf 83' lang='lat' dir='ltr'><strong>obstat</strong></span> <span class='ocrx_word' id='word_1_131' title='bbox 482 1810 666 1851; x_wconf 84' lang='lat' dir='ltr'><strong>imprimis,</strong></span> <span class='ocrx_word' id='word_1_132' title='bbox 692 1809 789 1851; x_wconf 91' lang='lat' dir='ltr'><strong>quod</strong></span> 
     </span>
     <span class='ocr_line' id='line_1_28' title="bbox 91 1857 788 1900; baseline 0 -10"><span class='ocrx_word' id='word_1_133' title='bbox 91 1857 236 1900; x_wconf 82' lang='lat' dir='ltr'><strong>Phidyle</strong></span> <span class='ocrx_word' id='word_1_134' title='bbox 266 1858 411 1890; x_wconf 84' lang='lat' dir='ltr'><strong>arbitrio</strong></span> <span class='ocrx_word' id='word_1_135' title='bbox 439 1867 504 1891; x_wconf 90' lang='lat' dir='ltr'><strong>suo</strong></span> <span class='ocrx_word' id='word_1_136' title='bbox 517 1884 524 1898; x_wconf 93' lang='lat'><strong>,</strong></span> <span class='ocrx_word' id='word_1_137' title='bbox 560 1867 631 1891; x_wconf 89' lang='lat' dir='ltr'><strong>non</strong></span> <span class='ocrx_word' id='word_1_138' title='bbox 655 1859 788 1891; x_wconf 89' lang='lat' dir='ltr'><strong>domini</strong></span> 
     </span>
     <span class='ocr_line' id='line_1_29' title="bbox 90 1907 786 1948; baseline 0 -8"><span class='ocrx_word' id='word_1_139' title='bbox 90 1909 207 1948; x_wconf 88' lang='lat' dir='ltr'><strong>iussu,</strong></span> <span class='ocrx_word' id='word_1_140' title='bbox 252 1916 332 1940; x_wconf 84' lang='lat' dir='ltr'><strong>rem</strong></span> <span class='ocrx_word' id='word_1_141' title='bbox 369 1907 525 1940; x_wconf 89' lang='lat' dir='ltr'><strong>divinam</strong></span> <span class='ocrx_word' id='word_1_142' title='bbox 554 1908 688 1940; x_wconf 78' lang='lat' dir='ltr'><strong>factura</strong></span> <span class='ocrx_word' id='word_1_143' title='bbox 719 1909 786 1940; x_wconf 86' lang='lat' dir='ltr'><strong>est.</strong></span> 
     </span>
     <span class='ocr_line' id='line_1_30' title="bbox 91 1957 789 1990; baseline 0.001 -1"><span class='ocrx_word' id='word_1_144' title='bbox 91 1958 221 1990; x_wconf 86' lang='lat' dir='ltr'><strong>Contra</strong></span> <span class='ocrx_word' id='word_1_145' title='bbox 244 1958 331 1990; x_wconf 88' lang='lat' dir='ltr'><strong>Cato</strong></span> <span class='ocrx_word' id='word_1_146' title='bbox 346 1958 385 1989; x_wconf 88' lang='lat' dir='ltr'><strong>R.</strong></span> <span class='ocrx_word' id='word_1_147' title='bbox 404 1959 442 1990; x_wconf 84' lang='lat' dir='ltr'><strong>R.</strong></span> <span class='ocrx_word' id='word_1_148' title='bbox 463 1957 525 1990; x_wconf 77' lang='lat'><strong>⁴43</strong></span> <span class='ocrx_word' id='word_1_149' title='bbox 543 1967 550 1989; x_wconf 74' lang='grc' dir='ltr'>ε</span> <span class='ocrx_word' id='word_1_150' title='bbox 580 1957 702 1990; x_wconf 89' lang='lat' dir='ltr'><strong>Villica</strong></span> <span class='ocrx_word' id='word_1_151' title='bbox 716 1967 789 1990; x_wconf 79' lang='lat' dir='ltr'><strong>rem</strong></span> 
     </span>
     <span class='ocr_line' id='line_1_31' title="bbox 91 2006 789 2048; baseline 0.001 -10"><span class='ocrx_word' id='word_1_152' title='bbox 91 2007 241 2039; x_wconf 70' lang='lat' dir='ltr'><strong>divinam</strong></span> <span class='ocrx_word' id='word_1_153' title='bbox 260 2015 303 2038; x_wconf 77' lang='lat' dir='ltr'><strong>ne</strong></span> <span class='ocrx_word' id='word_1_154' title='bbox 322 2006 429 2047; x_wconf 73' lang='lat' dir='ltr'><strong>faciat</strong></span> <span class='ocrx_word' id='word_1_155' title='bbox 449 2016 530 2039; x_wconf 79' lang='lat' dir='ltr'><strong>neve</strong></span> <span class='ocrx_word' id='word_1_156' title='bbox 550 2009 702 2047; x_wconf 82' lang='lat' dir='ltr'><strong>mandet,</strong></span> <span class='ocrx_word' id='word_1_157' title='bbox 732 2008 789 2048; x_wconf 72' lang='lat' dir='ltr'><strong>qui</strong></span> 
     </span>
     <span class='ocr_line' id='line_1_32' title="bbox 87 2056 790 2097; baseline 0.001 -9"><span class='ocrx_word' id='word_1_158' title='bbox 87 2065 153 2096; x_wconf 77' lang='lat' dir='ltr'><strong>pro</strong></span> <span class='ocrx_word' id='word_1_159' title='bbox 180 2065 222 2088; x_wconf 79' lang='lat' dir='ltr'><strong>ea</strong></span> <span class='ocrx_word' id='word_1_160' title='bbox 247 2056 370 2097; x_wconf 76' lang='lat' dir='ltr'><strong>faciat,</strong></span> <span class='ocrx_word' id='word_1_161' title='bbox 412 2057 541 2089; x_wconf 77' lang='lat' dir='ltr'><strong>iniussu</strong></span> <span class='ocrx_word' id='word_1_162' title='bbox 572 2058 697 2089; x_wconf 74' lang='lat' dir='ltr'><strong>domini</strong></span> <span class='ocrx_word' id='word_1_163' title='bbox 730 2060 790 2088; x_wconf 80' lang='lat' dir='ltr'><strong>aut</strong></span> 
     </span>
     <span class='ocr_line' id='line_1_33' title="bbox 93 2106 789 2147; baseline 0.001 -10"><span class='ocrx_word' id='word_1_164' title='bbox 93 2106 257 2138; x_wconf 74' lang='lat' dir='ltr'><strong>dominae.</strong></span> <span class='ocrx_word' id='word_1_165' title='bbox 303 2106 393 2137; x_wconf 69' lang='lat' dir='ltr'><strong>Scito</strong></span> <span class='ocrx_word' id='word_1_166' title='bbox 426 2106 595 2138; x_wconf 77' lang='lat' dir='ltr'><strong>domiuum</strong></span> <span class='ocrx_word' id='word_1_167' title='bbox 623 2115 690 2147; x_wconf 79' lang='lat' dir='ltr'><strong>pro</strong></span> <span class='ocrx_word' id='word_1_168' title='bbox 718 2109 789 2138; x_wconf 79' lang='lat' dir='ltr'><strong>tota</strong></span> 
     </span>
     <span class='ocr_line' id='line_1_34' title="bbox 90 2155 789 2196; baseline 0 -9"><span class='ocrx_word' id='word_1_169' title='bbox 90 2155 224 2196; x_wconf 71' lang='lat' dir='ltr'><strong>familia</strong></span> <span class='ocrx_word' id='word_1_170' title='bbox 250 2163 322 2187; x_wconf 81' lang='lat' dir='ltr'><strong>rem</strong></span> <span class='ocrx_word' id='word_1_171' title='bbox 343 2155 492 2187; x_wconf 66' lang='lat' dir='ltr'><strong>divinam</strong></span> <span class='ocrx_word' id='word_1_172' title='bbox 511 2155 634 2196; x_wconf 79' lang='lat' dir='ltr'><strong>facere.</strong></span> <span class='ocrx_word' id='word_1_173' title='bbox 674 2155 789 2196; x_wconf 84' lang='lat' dir='ltr'><strong>(Refe-</strong></span> 
     </span>
     <span class='ocr_line' id='line_1_35' title="bbox 92 2203 788 2245; baseline -0.001 -9"><span class='ocrx_word' id='word_1_174' title='bbox 92 2206 176 2237; x_wconf 84' lang='lat' dir='ltr'><strong>runt</strong></span> <span class='ocrx_word' id='word_1_175' title='bbox 207 2203 363 2236; x_wconf 89' lang='lat' dir='ltr'><strong>nonnulli</strong></span> <span class='ocrx_word' id='word_1_176' title='bbox 396 2204 443 2236; x_wconf 91' lang='lat' dir='ltr'><strong>ad</strong></span> <span class='ocrx_word' id='word_1_177' title='bbox 475 2213 507 2237; x_wconf 86' lang='lat' dir='ltr'><strong>a.</strong></span> <span class='ocrx_word' id='word_1_178' title='bbox 533 2205 631 2245; x_wconf 73' lang='lat'><strong>730..</strong></span> <span class='ocrx_word' id='word_1_179' title='bbox 664 2204 720 2237; x_wconf 90' lang='lat' dir='ltr'><strong>alii</strong></span> <span class='ocrx_word' id='word_1_180' title='bbox 743 2204 788 2235; x_wconf 90' lang='lat' dir='ltr'><strong>ad</strong></span> 
     </span>
     <span class='ocr_line' id='line_1_36' title="bbox 93 2253 788 2296; baseline 0.001 -11"><span class='ocrx_word' id='word_1_181' title='bbox 93 2262 125 2286; x_wconf 87' lang='lat' dir='ltr'><strong>a.</strong></span> <span class='ocrx_word' id='word_1_182' title='bbox 149 2253 246 2293; x_wconf 65' lang='lat'><strong>732„</strong></span> <span class='ocrx_word' id='word_1_183' title='bbox 271 2253 336 2286; x_wconf 87' lang='lat' dir='ltr'><strong>sed</strong></span> <span class='ocrx_word' id='word_1_184' title='bbox 358 2255 499 2295; x_wconf 89' lang='lat' dir='ltr'><strong>tempus</strong></span> <span class='ocrx_word' id='word_1_185' title='bbox 522 2254 788 2296; x_wconf 88' lang='lat' dir='ltr'><strong>compositionis</strong></span> 
     </span>
     <span class='ocr_line' id='line_1_37' title="bbox 92 2303 539 2345; baseline -0.002 -10"><span class='ocrx_word' id='word_1_186' title='bbox 92 2311 240 2345; x_wconf 86' lang='lat' dir='ltr'><strong>prorsus</strong></span> <span class='ocrx_word' id='word_1_187' title='bbox 263 2303 439 2335; x_wconf 87' lang='lat' dir='ltr'><strong>incertum</strong></span> <span class='ocrx_word' id='word_1_188' title='bbox 462 2303 539 2344; x_wconf 84' lang='lat' dir='ltr'><strong>est).</strong></span> 
     </span>
    </p>

    <p class='ocr_par' dir='ltr' id='par_1_11' title="bbox 94 2351 791 2689">
     <span class='ocr_line' id='line_1_38' title="bbox 148 2351 788 2394; baseline 0.002 -10"><span class='ocrx_word' id='word_1_189' title='bbox 148 2353 179 2384; x_wconf 88' lang='grc'><strong>4.</strong></span> <span class='ocrx_word' id='word_1_190' title='bbox 219 2352 372 2394; x_wconf 55' lang='lat' dir='ltr'><strong>sepinas]</strong></span> <span class='ocrx_word' id='word_1_191' title='bbox 409 2351 537 2384; x_wconf 91' lang='lat' dir='ltr'><strong>Solitus</strong></span> <span class='ocrx_word' id='word_1_192' title='bbox 566 2352 788 2385; x_wconf 87' lang='lat' dir='ltr'><strong>adorantium</strong></span> 
     </span>
     <span class='ocr_line' id='line_1_39' title="bbox 94 2401 786 2443; baseline 0.001 -10"><span class='ocrx_word' id='word_1_193' title='bbox 94 2403 216 2443; x_wconf 83' lang='lat' dir='ltr'><strong>gestus</strong></span> <span class='ocrx_word' id='word_1_194' title='bbox 238 2402 309 2434; x_wconf 89' lang='lat' dir='ltr'><strong>iam</strong></span> <span class='ocrx_word' id='word_1_195' title='bbox 331 2401 426 2443; x_wconf 89' lang='lat' dir='ltr'><strong>apud</strong></span> <span class='ocrx_word' id='word_1_196' title='bbox 446 2402 651 2434; x_wconf 86' lang='lat' dir='ltr'><strong>Homerum.</strong></span> <span class='ocrx_word' id='word_1_197' title='bbox 690 2402 786 2434; x_wconf 89' lang='lat' dir='ltr'><strong>Iliad.</strong></span> 
     </span>
     <span class='ocr_line' id='line_1_40' title="bbox 94 2447 790 2495; baseline 0 -13"><span class='ocrx_word' id='word_1_198' title='bbox 94 2461 133 2493; x_wconf 83' lang='grc' dir='ltr'><strong>η,</strong></span> <span class='ocrx_word' id='word_1_199' title='bbox 159 2451 237 2482; x_wconf 78' lang='lat'><strong>⁴77:</strong></span> <span class='ocrx_word' id='word_1_200' title='bbox 267 2449 369 2483; x_wconf 82' lang='grc' dir='ltr'><strong><em>Λαοὶ</em></strong></span> <span class='ocrx_word' id='word_1_201' title='bbox 390 2449 421 2481; x_wconf 84' lang='grc' dir='ltr'><strong>δ’</strong></span> <span class='ocrx_word' id='word_1_202' title='bbox 445 2447 664 2495; x_wconf 63' lang='grc' dir='ltr'><strong><em>ἠρήσαντο,</em></strong></span> <span class='ocrx_word' id='word_1_203' title='bbox 687 2451 790 2483; x_wconf 75' lang='grc' dir='ltr'><strong>θεοῖ-</strong></span> 
     </span>
     <span class='ocr_line' id='line_1_41' title="bbox 95 2495 786 2545; baseline 0 -13"><span class='ocrx_word' id='word_1_204' title='bbox 95 2509 136 2532; x_wconf 86' lang='grc' dir='ltr'><strong>σι</strong></span> <span class='ocrx_word' id='word_1_205' title='bbox 157 2497 198 2531; x_wconf 81' lang='grc' dir='ltr'><strong>δὲ</strong></span> <span class='ocrx_word' id='word_1_206' title='bbox 225 2502 357 2545; x_wconf 77' lang='grc' dir='ltr'><strong><em>χεῖρας</em></strong></span> <span class='ocrx_word' id='word_1_207' title='bbox 383 2495 563 2537; x_wconf 77' lang='grc' dir='ltr'><strong><em>ἀνέσχον.</em></strong></span> <span class='ocrx_word' id='word_1_208' title='bbox 594 2500 721 2532; x_wconf 83' lang='lat' dir='ltr'><strong>Aesch.</strong></span> <span class='ocrx_word' id='word_1_209' title='bbox 752 2501 786 2532; x_wconf 91' lang='lat' dir='ltr'><strong>S.</strong></span> 
     </span>
     <span class='ocr_line' id='line_1_42' title="bbox 97 2547 786 2595; baseline 0 -13"><span class='ocrx_word' id='word_1_210' title='bbox 97 2550 175 2582; x_wconf 84' lang='lat' dir='ltr'><strong>adv.</strong></span> <span class='ocrx_word' id='word_1_211' title='bbox 200 2551 263 2582; x_wconf 86' lang='lat' dir='ltr'><strong>Th.</strong></span> <span class='ocrx_word' id='word_1_212' title='bbox 290 2551 369 2582; x_wconf 76' lang='lat'><strong>⁴72:</strong></span> <span class='ocrx_word' id='word_1_213' title='bbox 400 2547 646 2595; x_wconf 75' lang='grc' dir='ltr'><strong><em>χειροτόνους</em></strong></span> <span class='ocrx_word' id='word_1_214' title='bbox 668 2547 786 2591; x_wconf 82' lang='grc' dir='ltr'><strong><em>λιτάς.</em></strong></span> 
     </span>
     <span class='ocr_line' id='line_1_43' title="bbox 99 2599 786 2641; baseline 0.001 -10"><span class='ocrx_word' id='word_1_215' title='bbox 99 2599 236 2631; x_wconf 73' lang='lat' dir='ltr'><strong>Luci-et.</strong></span> <span class='ocrx_word' id='word_1_216' title='bbox 254 2600 290 2638; x_wconf 84' lang='lat'><strong>5,</strong></span> <span class='ocrx_word' id='word_1_217' title='bbox 317 2599 412 2631; x_wconf 80' lang='grc'><strong>4498.</strong></span> <span class='ocrx_word' id='word_1_218' title='bbox 437 2599 531 2641; x_wconf 87' lang='lat' dir='ltr'><strong>Virg.</strong></span> <span class='ocrx_word' id='word_1_219' title='bbox 548 2600 635 2632; x_wconf 85' lang='lat' dir='ltr'><strong>Aen.</strong></span> <span class='ocrx_word' id='word_1_220' title='bbox 653 2599 685 2639; x_wconf 95' lang='lat'><strong>4,</strong></span> <span class='ocrx_word' id='word_1_221' title='bbox 710 2601 786 2632; x_wconf 77' lang='lat'>205:</span> 
     </span>
     <span class='ocr_line' id='line_1_44' title="bbox 98 2648 791 2689; baseline 0.004 -10"><span class='ocrx_word' id='word_1_222' title='bbox 98 2648 205 2680; x_wconf 73' lang='lat' dir='ltr'><strong>Multa</strong></span> <span class='ocrx_word' id='word_1_223' title='bbox 227 2649 333 2681; x_wconf 80' lang='lat' dir='ltr'><strong>Iovem</strong></span> <span class='ocrx_word' id='word_1_224' title='bbox 354 2649 508 2681; x_wconf 78' lang='lat' dir='ltr'><strong>manibus</strong></span> <span class='ocrx_word' id='word_1_225' title='bbox 527 2649 666 2689; x_wconf 65' lang='lat' dir='ltr'><strong>simplex</strong></span> <span class='ocrx_word' id='word_1_226' title='bbox 679 2658 791 2682; x_wconf 80' lang='lat' dir='ltr'><strong>orasse</strong></span> 
     </span>
    </p>
   </div>
   <div class='ocr_carea' id='block_1_11' title="bbox 831 968 1536 2691">
    <p class='ocr_par' dir='ltr' id='par_1_12' title="bbox 831 968 1535 1694">
     <span class='ocr_line' id='line_1_45' title="bbox 831 968 1532 1010; baseline -0.003 -8"><span class='ocrx_word' id='word_1_227' title='bbox 831 970 968 1010; x_wconf 75' lang='lat' dir='ltr'><strong>supinis.</strong></span> <span class='ocrx_word' id='word_1_228' title='bbox 1008 968 1211 1002; x_wconf 85' lang='lat' dir='ltr'><strong>Pseudotib.</strong></span> <span class='ocrx_word' id='word_1_229' title='bbox 1237 969 1276 1009; x_wconf 85' lang='lat'><strong>3,</strong></span> <span class='ocrx_word' id='word_1_230' title='bbox 1311 968 1348 1007; x_wconf 82' lang='lat'><strong>4,</strong></span> <span class='ocrx_word' id='word_1_231' title='bbox 1383 968 1441 1002; x_wconf 77' lang='lat'><strong>64:</strong></span> <span class='ocrx_word' id='word_1_232' title='bbox 1486 969 1532 1001; x_wconf 83' lang='lat' dir='ltr'><strong>Tu</strong></span> 
     </span>
     <span class='ocr_line' id='line_1_46' title="bbox 831 1018 1528 1059; baseline 0.001 -8"><span class='ocrx_word' id='word_1_233' title='bbox 831 1020 929 1051; x_wconf 83' lang='lat' dir='ltr'><strong>modo</strong></span> <span class='ocrx_word' id='word_1_234' title='bbox 951 1028 1027 1051; x_wconf 83' lang='lat' dir='ltr'><strong>cum</strong></span> <span class='ocrx_word' id='word_1_235' title='bbox 1038 1019 1146 1051; x_wconf 68' lang='lat' dir='ltr'><strong>malta</strong></span> <span class='ocrx_word' id='word_1_236' title='bbox 1160 1018 1299 1050; x_wconf 65' lang='lat' dir='ltr'><strong>brachia</strong></span> <span class='ocrx_word' id='word_1_237' title='bbox 1313 1019 1407 1051; x_wconf 77' lang='lat' dir='ltr'><strong>tende</strong></span> <span class='ocrx_word' id='word_1_238' title='bbox 1416 1027 1528 1059; x_wconf 77' lang='lat' dir='ltr'><strong>prece.</strong></span> 
     </span>
     <span class='ocr_line' id='line_1_47' title="bbox 833 1067 1527 1110; baseline -0.001 -9"><span class='ocrx_word' id='word_1_239' title='bbox 833 1069 889 1101; x_wconf 91' lang='lat' dir='ltr'><strong>Sic</strong></span> <span class='ocrx_word' id='word_1_240' title='bbox 901 1069 1006 1101; x_wconf 83' lang='lat' dir='ltr'><strong>etiam</strong></span> <span class='ocrx_word' id='word_1_241' title='bbox 1019 1067 1210 1110; x_wconf 87' lang='lat' dir='ltr'><strong>supplices.</strong></span> <span class='ocrx_word' id='word_1_242' title='bbox 1232 1067 1396 1109; x_wconf 83' lang='lat' dir='ltr'><strong>Aeschyl.</strong></span> <span class='ocrx_word' id='word_1_243' title='bbox 1409 1069 1527 1101; x_wconf 89' lang='lat' dir='ltr'><strong>Prom.</strong></span> 
     </span>
     <span class='ocr_line' id='line_1_48' title="bbox 833 1114 1531 1160; baseline -0.003 -9"><span class='ocrx_word' id='word_1_244' title='bbox 833 1119 935 1151; x_wconf 80' lang='lat'><strong>⁴005:</strong></span> <span class='ocrx_word' id='word_1_245' title='bbox 973 1117 1279 1160; x_wconf 79' lang='grc' dir='ltr'><strong><em>Γυναικομὶμοις</em></strong></span> <span class='ocrx_word' id='word_1_246' title='bbox 1311 1114 1531 1160; x_wconf 72' lang='grc' dir='ltr'><em>ὑπτιάσμα-</em></span> 
     </span>
     <span class='ocr_line' id='line_1_49' title="bbox 834 1165 1534 1214; baseline -0.001 -14"><span class='ocrx_word' id='word_1_247' title='bbox 834 1177 896 1200; x_wconf 82' lang='grc' dir='ltr'><strong>σιν</strong></span> <span class='ocrx_word' id='word_1_248' title='bbox 918 1165 1053 1214; x_wconf 74' lang='grc' dir='ltr'><strong><em>χερῶν.</em></strong></span> <span class='ocrx_word' id='word_1_249' title='bbox 1092 1169 1232 1208; x_wconf 83' lang='lat' dir='ltr'><strong>Petron.</strong></span> <span class='ocrx_word' id='word_1_250' title='bbox 1252 1168 1312 1199; x_wconf 77' lang='lat'><strong>⁴7:</strong></span> <span class='ocrx_word' id='word_1_251' title='bbox 1337 1167 1499 1199; x_wconf 78' lang='lat' dir='ltr'><strong>Protendo</strong></span> <span class='ocrx_word' id='word_1_252' title='bbox 1514 1183 1534 1190; x_wconf 85' lang='lat'>-</span> 
     </span>
     <span class='ocr_line' id='line_1_50' title="bbox 833 1218 1530 1259; baseline -0.003 -9"><span class='ocrx_word' id='word_1_253' title='bbox 833 1218 879 1250; x_wconf 75' lang='lat' dir='ltr'><strong>ad</strong></span> <span class='ocrx_word' id='word_1_254' title='bbox 921 1227 1031 1259; x_wconf 76' lang='lat' dir='ltr'><strong>yenua</strong></span> <span class='ocrx_word' id='word_1_255' title='bbox 1073 1221 1185 1250; x_wconf 61' lang='lat' dir='ltr'><strong>vestra</strong></span> <span class='ocrx_word' id='word_1_256' title='bbox 1225 1218 1364 1257; x_wconf 74' lang='lat' dir='ltr'><strong>supinas</strong></span> <span class='ocrx_word' id='word_1_257' title='bbox 1398 1225 1530 1249; x_wconf 78' lang='lat' dir='ltr'><strong>manus.</strong></span> 
     </span>
     <span class='ocr_line' id='line_1_51' title="bbox 833 1266 1534 1300; baseline -0.003 0"><span class='ocrx_word' id='word_1_258' title='bbox 833 1267 1012 1300; x_wconf 81' lang='lat' dir='ltr'><strong>Adorandi</strong></span> <span class='ocrx_word' id='word_1_259' title='bbox 1035 1269 1155 1299; x_wconf 84' lang='lat' dir='ltr'><strong>autem</strong></span> <span class='ocrx_word' id='word_1_260' title='bbox 1178 1275 1317 1299; x_wconf 86' lang='lat' dir='ltr'><strong>morem</strong></span> <span class='ocrx_word' id='word_1_261' title='bbox 1333 1267 1384 1299; x_wconf 91' lang='lat' dir='ltr'><strong>sic</strong></span> <span class='ocrx_word' id='word_1_262' title='bbox 1400 1266 1534 1298; x_wconf 86' lang='lat' dir='ltr'><strong>descri-</strong></span> 
     </span>
     <span class='ocr_line' id='line_1_52' title="bbox 833 1315 1535 1350; baseline -0.003 -1"><span class='ocrx_word' id='word_1_263' title='bbox 833 1317 886 1349; x_wconf 90' lang='lat' dir='ltr'><strong>bit</strong></span> <span class='ocrx_word' id='word_1_264' title='bbox 908 1317 1080 1350; x_wconf 77' lang='lat' dir='ltr'><strong>Minucius</strong></span> <span class='ocrx_word' id='word_1_265' title='bbox 1108 1315 1202 1348; x_wconf 76' lang='lat' dir='ltr'><strong>Felix</strong></span> <span class='ocrx_word' id='word_1_266' title='bbox 1224 1317 1262 1348; x_wconf 82' lang='lat'><strong>2:</strong></span> <span class='ocrx_word' id='word_1_267' title='bbox 1299 1316 1460 1348; x_wconf 72' lang='lat' dir='ltr'><strong>Caecilius</strong></span> <span class='ocrx_word' id='word_1_268' title='bbox 1484 1316 1535 1347; x_wconf 78' lang='lat' dir='ltr'><strong>si-</strong></span> 
     </span>
     <span class='ocr_line' id='line_1_53' title="bbox 832 1361 1533 1406; baseline -0.001 -8"><span class='ocrx_word' id='word_1_269' title='bbox 832 1361 985 1398; x_wconf 78' lang='lat' dir='ltr'><strong>mulacro</strong></span> <span class='ocrx_word' id='word_1_270' title='bbox 1007 1365 1179 1406; x_wconf 73' lang='lat' dir='ltr'><strong>Serapidis</strong></span> <span class='ocrx_word' id='word_1_271' title='bbox 1201 1366 1370 1404; x_wconf 74' lang='lat' dir='ltr'><strong>denotato,</strong></span> <span class='ocrx_word' id='word_1_272' title='bbox 1404 1368 1442 1397; x_wconf 75' lang='lat' dir='ltr'><strong>ut</strong></span> <span class='ocrx_word' id='word_1_273' title='bbox 1459 1365 1533 1397; x_wconf 81' lang='lat' dir='ltr'><strong>vol—</strong></span> 
     </span>
     <span class='ocr_line' id='line_1_54' title="bbox 832 1414 1535 1457; baseline 0 -11"><span class='ocrx_word' id='word_1_274' title='bbox 832 1424 895 1457; x_wconf 71' lang='lat' dir='ltr'><strong>qus</strong></span> <span class='ocrx_word' id='word_1_275' title='bbox 915 1415 1177 1455; x_wconf 67' lang='lat' dir='ltr'><strong>superstitiosum</strong></span> <span class='ocrx_word' id='word_1_276' title='bbox 1197 1414 1293 1454; x_wconf 80' lang='lat' dir='ltr'><strong>solet,</strong></span> <span class='ocrx_word' id='word_1_277' title='bbox 1322 1423 1462 1446; x_wconf 78' lang='lat' dir='ltr'><strong>manum</strong></span> <span class='ocrx_word' id='word_1_278' title='bbox 1482 1414 1535 1446; x_wconf 75' lang='lat' dir='ltr'><strong>ori</strong></span> 
     </span>
     <span class='ocr_line' id='line_1_55' title="bbox 834 1464 1531 1504; baseline 0 -8"><span class='ocrx_word' id='word_1_279' title='bbox 834 1465 1028 1504; x_wconf 75' lang='lat' dir='ltr'><strong>admovens,</strong></span> <span class='ocrx_word' id='word_1_280' title='bbox 1076 1464 1223 1496; x_wconf 80' lang='lat' dir='ltr'><strong>osculum</strong></span> <span class='ocrx_word' id='word_1_281' title='bbox 1267 1464 1364 1496; x_wconf 76' lang='lat' dir='ltr'><strong>labiis</strong></span> <span class='ocrx_word' id='word_1_282' title='bbox 1399 1464 1531 1504; x_wconf 72' lang='lat' dir='ltr'><strong>pressit.</strong></span> 
     </span>
     <span class='ocr_line' id='line_1_56' title="bbox 835 1513 1534 1555; baseline -0.001 -9"><span class='ocrx_word' id='word_1_283' title='bbox 835 1513 999 1546; x_wconf 81' lang='lat' dir='ltr'><strong>Mulieres</strong></span> <span class='ocrx_word' id='word_1_284' title='bbox 1026 1514 1077 1546; x_wconf 92' lang='lat' dir='ltr'><strong>sic</strong></span> <span class='ocrx_word' id='word_1_285' title='bbox 1100 1513 1265 1546; x_wconf 86' lang='lat' dir='ltr'><strong>manibus</strong></span> <span class='ocrx_word' id='word_1_286' title='bbox 1288 1514 1423 1555; x_wconf 86' lang='lat' dir='ltr'><strong>supinis</strong></span> <span class='ocrx_word' id='word_1_287' title='bbox 1446 1513 1534 1546; x_wconf 88' lang='lat' dir='ltr'><strong>deos</strong></span> 
     </span>
     <span class='ocr_line' id='line_1_57' title="bbox 836 1563 1534 1595; baseline 0 0"><span class='ocrx_word' id='word_1_288' title='bbox 836 1563 1026 1595; x_wconf 82' lang='lat' dir='ltr'><strong>adorantes</strong></span> <span class='ocrx_word' id='word_1_289' title='bbox 1062 1572 1096 1595; x_wconf 85' lang='lat' dir='ltr'><strong>v.</strong></span> <span class='ocrx_word' id='word_1_290' title='bbox 1134 1564 1262 1595; x_wconf 78' lang='lat' dir='ltr'><strong>Pitture</strong></span> <span class='ocrx_word' id='word_1_291' title='bbox 1296 1564 1327 1594; x_wconf 71' lang='grc' dir='ltr'><strong>α’</strong></span> <span class='ocrx_word' id='word_1_292' title='bbox 1365 1563 1534 1595; x_wconf 73' lang='lat' dir='ltr'><strong>Ercolano</strong></span> 
     </span>
     <span class='ocr_line' id='line_1_58' title="bbox 836 1612 1531 1654; baseline 0 -10"><span class='ocrx_word' id='word_1_293' title='bbox 836 1613 892 1644; x_wconf 88' lang='lat' dir='ltr'><strong>lV.</strong></span> <span class='ocrx_word' id='word_1_294' title='bbox 927 1613 965 1645; x_wconf 84' lang='lat' dir='ltr'><strong>T.</strong></span> <span class='ocrx_word' id='word_1_295' title='bbox 1002 1612 1055 1644; x_wconf 89' lang='grc'><strong>43.</strong></span> <span class='ocrx_word' id='word_1_296' title='bbox 1089 1613 1247 1645; x_wconf 77' lang='lat' dir='ltr'><strong>visconti</strong></span> <span class='ocrx_word' id='word_1_297' title='bbox 1282 1613 1375 1646; x_wconf 75' lang='lat' dir='ltr'><strong>Mon.</strong></span> <span class='ocrx_word' id='word_1_298' title='bbox 1409 1613 1531 1654; x_wconf 73' lang='lat' dir='ltr'><strong>Borqh.</strong></span> 
     </span>
     <span class='ocr_line' id='line_1_59' title="bbox 837 1661 1108 1694; baseline 0 0"><span class='ocrx_word' id='word_1_299' title='bbox 837 1662 936 1694; x_wconf 86' lang='lat' dir='ltr'><strong>Fasc.</strong></span> <span class='ocrx_word' id='word_1_300' title='bbox 961 1662 987 1693; x_wconf 89' lang='lat'><strong>1.</strong></span> <span class='ocrx_word' id='word_1_301' title='bbox 1012 1662 1050 1694; x_wconf 89' lang='lat' dir='ltr'><strong>T.</strong></span> <span class='ocrx_word' id='word_1_302' title='bbox 1076 1661 1108 1694; x_wconf 84' lang='lat'><strong>6.</strong></span> 
     </span>
    </p>

    <p class='ocr_par' dir='ltr' id='par_1_13' title="bbox 836 1710 1536 2346">
     <span class='ocr_line' id='line_1_60' title="bbox 879 1710 1535 1752; baseline 0.002 -9"><span class='ocrx_word' id='word_1_303' title='bbox 879 1712 912 1743; x_wconf 80' lang='lat'><strong>2.</strong></span> <span class='ocrx_word' id='word_1_304' title='bbox 947 1711 1110 1743; x_wconf 75' lang='lat' dir='ltr'><strong>Nascente</strong></span> <span class='ocrx_word' id='word_1_305' title='bbox 1134 1711 1243 1752; x_wconf 82' lang='lat' dir='ltr'><strong>Luna]</strong></span> <span class='ocrx_word' id='word_1_306' title='bbox 1274 1710 1413 1743; x_wconf 77' lang='lat' dir='ltr'><strong>«Solent</strong></span> <span class='ocrx_word' id='word_1_307' title='bbox 1440 1712 1535 1744; x_wconf 91' lang='lat' dir='ltr'><strong>enim</strong></span> 
     </span>
     <span class='ocr_line' id='line_1_61' title="bbox 837 1759 1534 1802; baseline 0 -10"><span class='ocrx_word' id='word_1_308' title='bbox 837 1761 991 1792; x_wconf 86' lang='lat' dir='ltr'><strong>rusticae</strong></span> <span class='ocrx_word' id='word_1_309' title='bbox 1019 1759 1187 1792; x_wconf 83' lang='lat' dir='ltr'><strong>mulieres</strong></span> <span class='ocrx_word' id='word_1_310' title='bbox 1214 1760 1250 1792; x_wconf 92' lang='lat' dir='ltr'><strong>in</strong></span> <span class='ocrx_word' id='word_1_311' title='bbox 1277 1761 1375 1792; x_wconf 91' lang='lat' dir='ltr'><strong>initio</strong></span> <span class='ocrx_word' id='word_1_312' title='bbox 1398 1761 1534 1802; x_wconf 87' lang='lat' dir='ltr'><strong>primae</strong></span> 
     </span>
     <span class='ocr_line' id='line_1_62' title="bbox 838 1808 1533 1850; baseline -0.004 -8"><span class='ocrx_word' id='word_1_313' title='bbox 838 1811 956 1842; x_wconf 91' lang='lat' dir='ltr'><strong>Lunae</strong></span> <span class='ocrx_word' id='word_1_314' title='bbox 969 1809 1015 1841; x_wconf 91' lang='lat' dir='ltr'><strong>ad</strong></span> <span class='ocrx_word' id='word_1_315' title='bbox 1027 1808 1165 1841; x_wconf 90' lang='lat' dir='ltr'><strong>caelum</strong></span> <span class='ocrx_word' id='word_1_316' title='bbox 1175 1809 1358 1842; x_wconf 81' lang='lat' dir='ltr'><strong>effundere</strong></span> <span class='ocrx_word' id='word_1_317' title='bbox 1370 1818 1533 1850; x_wconf 76' lang='lat' dir='ltr'><strong>preces.»</strong></span> 
     </span>
     <span class='ocr_line' id='line_1_63' title="bbox 838 1858 1532 1898; baseline 0 -8"><span class='ocrx_word' id='word_1_318' title='bbox 838 1859 959 1891; x_wconf 75' lang='lat' dir='ltr'><strong>Senot..</strong></span> <span class='ocrx_word' id='word_1_319' title='bbox 997 1858 1067 1891; x_wconf 85' lang='lat' dir='ltr'><strong>Cfr.</strong></span> <span class='ocrx_word' id='word_1_320' title='bbox 1092 1858 1139 1890; x_wconf 91' lang='lat' dir='ltr'><strong>ad</strong></span> <span class='ocrx_word' id='word_1_321' title='bbox 1172 1858 1235 1890; x_wconf 89' lang='lat' dir='ltr'><strong>Od.</strong></span> <span class='ocrx_word' id='word_1_322' title='bbox 1261 1858 1300 1898; x_wconf 88' lang='lat'><strong>3,</strong></span> <span class='ocrx_word' id='word_1_323' title='bbox 1334 1858 1395 1898; x_wconf 87' lang='grc'><strong>49,</strong></span> <span class='ocrx_word' id='word_1_324' title='bbox 1428 1858 1460 1890; x_wconf 85' lang='grc'><strong>9.</strong></span> <span class='ocrx_word' id='word_1_325' title='bbox 1495 1876 1532 1882; x_wconf 85' lang='grc'>-</span> 
     </span>
     <span class='ocr_line' id='line_1_64' title="bbox 836 1905 1532 1949; baseline -0.003 -8"><span class='ocrx_word' id='word_1_326' title='bbox 836 1907 980 1949; x_wconf 77' lang='lat' dir='ltr'><strong>Phidyle]</strong></span> <span class='ocrx_word' id='word_1_327' title='bbox 1005 1908 1103 1940; x_wconf 81' lang='lat' dir='ltr'><strong>Hanc</strong></span> <span class='ocrx_word' id='word_1_328' title='bbox 1126 1908 1278 1940; x_wconf 86' lang='lat' dir='ltr'><strong>formam</strong></span> <span class='ocrx_word' id='word_1_329' title='bbox 1301 1917 1322 1939; x_wconf 89' lang='lat' dir='ltr'><strong>a</strong></span> <span class='ocrx_word' id='word_1_330' title='bbox 1342 1905 1532 1948; x_wconf 81' lang='grc' dir='ltr'><strong><em>Φειδύλος,</em></strong></span> 
     </span>
     <span class='ocr_line' id='line_1_65' title="bbox 838 1955 1535 2000; baseline 0.001 -11"><span class='ocrx_word' id='word_1_331' title='bbox 838 1969 884 2000; x_wconf 82' lang='grc' dir='ltr'><strong>η,</strong></span> <span class='ocrx_word' id='word_1_332' title='bbox 920 1955 1168 1999; x_wconf 80' lang='grc' dir='ltr'><em>(φείδεσθαι,)</em></span> <span class='ocrx_word' id='word_1_333' title='bbox 1200 1966 1327 1999; x_wconf 87' lang='lat' dir='ltr'><strong>parem</strong></span> <span class='ocrx_word' id='word_1_334' title='bbox 1361 1957 1535 1990; x_wconf 85' lang='lat' dir='ltr'><strong>adiectivo</strong></span> 
     </span>
     <span class='ocr_line' id='line_1_66' title="bbox 837 2004 1533 2050; baseline 0 -11"><span class='ocrx_word' id='word_1_335' title='bbox 837 2004 995 2050; x_wconf 82' lang='grc' dir='ltr'><strong><em>ἦδύλος,</em></strong></span> <span class='ocrx_word' id='word_1_336' title='bbox 1019 2018 1057 2049; x_wconf 88' lang='grc' dir='ltr'><strong>η,</strong></span> <span class='ocrx_word' id='word_1_337' title='bbox 1075 2006 1234 2039; x_wconf 87' lang='lat' dir='ltr'><strong>defendit</strong></span> <span class='ocrx_word' id='word_1_338' title='bbox 1253 2008 1375 2039; x_wconf 85' lang='lat' dir='ltr'><strong>contra</strong></span> <span class='ocrx_word' id='word_1_339' title='bbox 1386 2006 1533 2039; x_wconf 89' lang='lat' dir='ltr'><strong>Bentleii</strong></span> 
     </span>
     <span class='ocr_line' id='line_1_67' title="bbox 838 2057 1532 2099; baseline -0.003 -9"><span class='ocrx_word' id='word_1_340' title='bbox 838 2058 1076 2099; x_wconf 86' lang='lat' dir='ltr'><strong>suspicionem</strong></span> <span class='ocrx_word' id='word_1_341' title='bbox 1105 2057 1231 2096; x_wconf 75' lang='lat' dir='ltr'><strong>Phidyli</strong></span> <span class='ocrx_word' id='word_1_342' title='bbox 1259 2057 1396 2089; x_wconf 87' lang='lat' dir='ltr'><strong>Bastius</strong></span> <span class='ocrx_word' id='word_1_343' title='bbox 1422 2057 1532 2098; x_wconf 87' lang='lat' dir='ltr'><strong>Epist.</strong></span> 
     </span>
     <span class='ocr_line' id='line_1_68' title="bbox 838 2104 1536 2148; baseline -0.003 -9"><span class='ocrx_word' id='word_1_344' title='bbox 838 2107 914 2139; x_wconf 82' lang='lat' dir='ltr'><strong>crit.</strong></span> <span class='ocrx_word' id='word_1_345' title='bbox 942 2116 977 2148; x_wconf 91' lang='lat' dir='ltr'><strong>p.</strong></span> <span class='ocrx_word' id='word_1_346' title='bbox 1006 2106 1083 2139; x_wconf 73' lang='lat'><strong>245.</strong></span> <span class='ocrx_word' id='word_1_347' title='bbox 1114 2104 1297 2138; x_wconf 78' lang='grc' dir='ltr'><strong><em>Φείδυλλα</em></strong></span> <span class='ocrx_word' id='word_1_348' title='bbox 1318 2115 1451 2139; x_wconf 89' lang='lat' dir='ltr'><strong>nomen</strong></span> <span class='ocrx_word' id='word_1_349' title='bbox 1481 2107 1536 2138; x_wconf 87' lang='lat' dir='ltr'><strong>est</strong></span> 
     </span>
     <span class='ocr_line' id='line_1_69' title="bbox 838 2154 1535 2189; baseline -0.003 0"><span class='ocrx_word' id='word_1_350' title='bbox 838 2157 989 2189; x_wconf 78' lang='lat' dir='ltr'><strong>feminae</strong></span> <span class='ocrx_word' id='word_1_351' title='bbox 1034 2154 1274 2188; x_wconf 86' lang='lat' dir='ltr'><strong>Atheniensis&#39;</strong></span> <span class='ocrx_word' id='word_1_352' title='bbox 1297 2155 1332 2188; x_wconf 85' lang='lat' dir='ltr'><strong>in</strong></span> <span class='ocrx_word' id='word_1_353' title='bbox 1369 2156 1535 2188; x_wconf 87' lang='lat' dir='ltr'><strong>Boeckhii</strong></span> 
     </span>
     <span class='ocr_line' id='line_1_70' title="bbox 836 2204 1535 2238; baseline -0.001 0"><span class='ocrx_word' id='word_1_354' title='bbox 836 2208 945 2238; x_wconf 85' lang='lat' dir='ltr'><strong>Inscr.</strong></span> <span class='ocrx_word' id='word_1_355' title='bbox 964 2204 1038 2238; x_wconf 88' lang='grc'><strong>453.</strong></span> <span class='ocrx_word' id='word_1_356' title='bbox 1065 2206 1238 2238; x_wconf 84' lang='lat' dir='ltr'><strong>Graecum</strong></span> <span class='ocrx_word' id='word_1_357' title='bbox 1260 2207 1381 2237; x_wconf 90' lang='lat' dir='ltr'><strong>autem</strong></span> <span class='ocrx_word' id='word_1_358' title='bbox 1403 2214 1535 2237; x_wconf 89' lang='lat' dir='ltr'><strong>nomen</strong></span> 
     </span>
     <span class='ocr_line' id='line_1_71' title="bbox 836 2255 1534 2297; baseline 0 -10"><span class='ocrx_word' id='word_1_359' title='bbox 836 2256 1017 2297; x_wconf 68' lang='lat' dir='ltr'><strong>poeticum</strong></span> <span class='ocrx_word' id='word_1_360' title='bbox 1045 2256 1151 2296; x_wconf 80' lang='lat' dir='ltr'><strong>atque</strong></span> <span class='ocrx_word' id='word_1_361' title='bbox 1181 2256 1403 2297; x_wconf 90' lang='lat' dir='ltr'><strong>aptissimum</strong></span> <span class='ocrx_word' id='word_1_362' title='bbox 1426 2255 1534 2288; x_wconf 87' lang='lat' dir='ltr'><strong>rusti-</strong></span> 
     </span>
     <span class='ocr_line' id='line_1_72' title="bbox 838 2303 1530 2346; baseline 0 -10"><span class='ocrx_word' id='word_1_363' title='bbox 838 2314 900 2337; x_wconf 87' lang='lat' dir='ltr'><strong>cae</strong></span> <span class='ocrx_word' id='word_1_364' title='bbox 924 2313 988 2337; x_wconf 90' lang='lat' dir='ltr'><strong>suo</strong></span> <span class='ocrx_word' id='word_1_365' title='bbox 1011 2303 1225 2344; x_wconf 49' lang='lat' dir='ltr'><strong>iurefiibuit</strong></span> <span class='ocrx_word' id='word_1_366' title='bbox 1238 2305 1362 2346; x_wconf 85' lang='lat' dir='ltr'><strong>virgini</strong></span> <span class='ocrx_word' id='word_1_367' title='bbox 1378 2303 1530 2336; x_wconf 84' lang='lat' dir='ltr'><strong>Italicae.</strong></span> 
     </span>
    </p>

    <p class='ocr_par' dir='ltr' id='par_1_14' title="bbox 835 2353 1535 2691">
     <span class='ocr_line' id='line_1_73' title="bbox 881 2353 1532 2395; baseline -0.002 -10"><span class='ocrx_word' id='word_1_368' title='bbox 881 2353 913 2386; x_wconf 87' lang='lat'><strong>3.</strong></span> <span class='ocrx_word' id='word_1_369' title='bbox 947 2353 979 2386; x_wconf 92' lang='lat'><strong>4.</strong></span> <span class='ocrx_word' id='word_1_370' title='bbox 1011 2353 1120 2395; x_wconf 76' lang='lat' dir='ltr'><strong>thuro]</strong></span> <span class='ocrx_word' id='word_1_371' title='bbox 1146 2354 1209 2395; x_wconf 92' lang='lat' dir='ltr'><strong>(De</strong></span> <span class='ocrx_word' id='word_1_372' title='bbox 1231 2354 1405 2395; x_wconf 82' lang='lat' dir='ltr'><strong>scriptura</strong></span> <span class='ocrx_word' id='word_1_373' title='bbox 1427 2353 1532 2384; x_wconf 89' lang='lat' dir='ltr'><strong>huius</strong></span> 
     </span>
     <span class='ocr_line' id='line_1_74' title="bbox 837 2401 1530 2441; baseline -0.003 -6"><span class='ocrx_word' id='word_1_374' title='bbox 837 2403 991 2436; x_wconf 88' lang='lat' dir='ltr'><strong>nominis</strong></span> <span class='ocrx_word' id='word_1_375' title='bbox 1022 2403 1104 2435; x_wconf 82' lang='lat' dir='ltr'><strong>vide</strong></span> <span class='ocrx_word' id='word_1_376' title='bbox 1138 2403 1184 2435; x_wconf 87' lang='lat' dir='ltr'><strong>ad</strong></span> <span class='ocrx_word' id='word_1_377' title='bbox 1212 2403 1276 2435; x_wconf 92' lang='lat' dir='ltr'><strong>Od.</strong></span> <span class='ocrx_word' id='word_1_378' title='bbox 1315 2403 1350 2441; x_wconf 89' lang='grc'><strong>4,</strong></span> <span class='ocrx_word' id='word_1_379' title='bbox 1377 2402 1436 2441; x_wconf 83' lang='grc'><strong>49,</strong></span> <span class='ocrx_word' id='word_1_380' title='bbox 1463 2401 1530 2441; x_wconf 76' lang='grc'><strong>44.)</strong></span> 
     </span>
     <span class='ocr_line' id='line_1_75' title="bbox 839 2451 1534 2491; baseline -0.003 -7"><span class='ocrx_word' id='word_1_381' title='bbox 839 2453 926 2485; x_wconf 89' lang='lat' dir='ltr'><strong>Cato</strong></span> <span class='ocrx_word' id='word_1_382' title='bbox 947 2453 984 2484; x_wconf 87' lang='lat' dir='ltr'><strong>R.</strong></span> <span class='ocrx_word' id='word_1_383' title='bbox 1008 2452 1046 2484; x_wconf 84' lang='lat' dir='ltr'><strong>R.</strong></span> <span class='ocrx_word' id='word_1_384' title='bbox 1077 2451 1157 2485; x_wconf 75' lang='lat'>⁴34:</span> <span class='ocrx_word' id='word_1_385' title='bbox 1182 2453 1381 2491; x_wconf 78' lang='lat' dir='ltr'><strong>Priusquam</strong></span> <span class='ocrx_word' id='word_1_386' title='bbox 1402 2451 1534 2483; x_wconf 78' lang='lat' dir='ltr'><strong>messim</strong></span> 
     </span>
     <span class='ocr_line' id='line_1_76' title="bbox 835 2501 1535 2543; baseline -0.003 -9"><span class='ocrx_word' id='word_1_387' title='bbox 835 2502 959 2543; x_wconf 75' lang='lat' dir='ltr'><strong>facias,</strong></span> <span class='ocrx_word' id='word_1_388' title='bbox 972 2510 1114 2542; x_wconf 78' lang='lat' dir='ltr'><strong>porcam</strong></span> <span class='ocrx_word' id='word_1_389' title='bbox 1123 2502 1384 2542; x_wconf 68' lang='lat' dir='ltr'><strong>praecidaneam</strong></span> <span class='ocrx_word' id='word_1_390' title='bbox 1394 2501 1535 2532; x_wconf 78' lang='lat' dir='ltr'><strong>hocmo-</strong></span> 
     </span>
     <span class='ocr_line' id='line_1_77' title="bbox 837 2550 1532 2592; baseline -0.004 -9"><span class='ocrx_word' id='word_1_391' title='bbox 837 2552 879 2583; x_wconf 83' lang='lat' dir='ltr'><strong>do</strong></span> <span class='ocrx_word' id='word_1_392' title='bbox 892 2552 967 2592; x_wconf 76' lang='lat' dir='ltr'><strong>fieri</strong></span> <span class='ocrx_word' id='word_1_393' title='bbox 982 2555 1126 2592; x_wconf 79' lang='lat' dir='ltr'><strong>oportet:</strong></span> <span class='ocrx_word' id='word_1_394' title='bbox 1153 2551 1265 2584; x_wconf 78' lang='lat' dir='ltr'><strong>Cereri</strong></span> <span class='ocrx_word' id='word_1_395' title='bbox 1274 2559 1383 2591; x_wconf 81' lang='lat' dir='ltr'><strong>porca</strong></span> <span class='ocrx_word' id='word_1_396' title='bbox 1393 2550 1532 2590; x_wconf 77' lang='lat' dir='ltr'><strong>praeci—</strong></span> 
     </span>
     <span class='ocr_line' id='line_1_78' title="bbox 838 2599 1534 2642; baseline -0.004 -9"><span class='ocrx_word' id='word_1_397' title='bbox 838 2601 964 2640; x_wconf 79' lang='lat' dir='ltr'><strong>danea,</strong></span> <span class='ocrx_word' id='word_1_398' title='bbox 975 2603 1080 2641; x_wconf 79' lang='lat' dir='ltr'><strong>porco</strong></span> <span class='ocrx_word' id='word_1_399' title='bbox 1093 2601 1230 2642; x_wconf 77' lang='lat' dir='ltr'><strong>femina,</strong></span> <span class='ocrx_word' id='word_1_400' title='bbox 1246 2601 1448 2640; x_wconf 76' lang='lat' dir='ltr'><strong>priusquam</strong></span> <span class='ocrx_word' id='word_1_401' title='bbox 1461 2599 1534 2640; x_wconf 62' lang='grc' dir='ltr'><strong>ῥηι-</strong></span> 
     </span>
     <span class='ocr_line' id='line_1_79' title="bbox 838 2649 1528 2691; baseline -0.004 -9"><span class='ocrx_word' id='word_1_402' title='bbox 838 2658 895 2691; x_wconf 74' lang='lat' dir='ltr'><strong>9es</strong></span> <span class='ocrx_word' id='word_1_403' title='bbox 908 2651 1110 2690; x_wconf 78' lang='lat' dir='ltr'><strong>condantur,</strong></span> <span class='ocrx_word' id='word_1_404' title='bbox 1128 2667 1147 2673; x_wconf 95' lang='lat'><em>—</em></span> <span class='ocrx_word' id='word_1_405' title='bbox 1162 2667 1181 2673; x_wconf 90' lang='lat'><em>-</em></span> <span class='ocrx_word' id='word_1_406' title='bbox 1202 2650 1310 2688; x_wconf 76' lang='lat' dir='ltr'><strong>thure,</strong></span> <span class='ocrx_word' id='word_1_407' title='bbox 1336 2649 1412 2680; x_wconf 78' lang='lat' dir='ltr'><strong>vino</strong></span> <span class='ocrx_word' id='word_1_408' title='bbox 1434 2649 1528 2689; x_wconf 75' lang='lat' dir='ltr'><strong>Iano,</strong></span> 
     </span>
    </p>
   </div>
  </div>
 </body>
</html>
