1722 2904
565 51 642 84 LlB.
668 52 723 84 111.
771 51 809 83 C.
834 49 950 83 XXIV.

1443 45 1526 88 473

255 154 523 214 Tyrrhenum
551 167 678 198 omne
706 154 792 197 tuis
822 160 865 197 et
892 166 1011 196 mare
1042 151 1287 209 Apulicum.

174 265 178 270 '
198 261 243 304 Si
271 261 362 318 figit
389 260 683 304 adamantinos

251 342 436 385 Summis
465 340 698 385 verticibus
727 340 821 383 dira
847 338 1090 383 Necessitas

199 421 371 472 Clavos,
403 435 488 465 non
517 421 702 465 animum
733 427 871 470 metu,

251 503 344 546 Non
373 502 533 545 mortis
547 501 714 558 laqueis
748 500 954 557 expedies
990 506 1129 557 caput.

198 608 468 664 Campestres
498 606 652 650 melius
682 605 887 665 Scythae,

171 725 203 759 4.
215 726 388 767 ponticum
401 724 545 765 Bbc,Ct,
558 725 720 765 panicum
731 725 766 764 S,
777 724 948 765 publicum
959 725 996 757 T.
1015 723 1202 766 (Apulicum
1218 724 1380 756 fimatur
1394 733 1414 755 a
1430 732 1487 756 se-

128 777 227 818 ptem
240 775 396 809 Pottierii
412 775 524 808 Codd.
535 800 543 814 ,
561 783 631 807 uno
643 774 813 816 Cruquii.)
829 793 866 798 -
883 775 915 807 5.
932 773 981 815 Si]
997 774 1053 806 sic
1066 773 1223 807 malebat
1232 773 1343 807 Bentl.
1356 776 1478 807 contra

128 825 238 858 libros
253 826 370 858 notos.
390 843 427 848 —
455 825 493 857 Si
507 825 643 857 mannis
658 825 894 857 adamantinos
907 825 995 866 Fiqu
1008 825 1185 857 verticibus
1198 825 1276 865 Axt,
1294 826 1397 866 quasi
1412 824 1483 857 ele-

129 876 288 916 gantiore
301 875 574 908 constructione.
592 893 628 897 —
654 874 687 907 6.
702 874 790 907 dura
804 873 961 907 malebat
971 873 1162 907 Bentleius.
1183 892 1220 898 -
1238 875 1270 907 7.
1289 875 1430 907 Glaucum
1445 875 1483 906 T.

87 981 174 1013 item
184 979 399 1019 Val.Max.2,
414 979 447 1019 6,
462 979 535 1018 ⁴0.;
555 988 657 1012 saeva
666 980 709 1012 N.
723 988 784 1012 vo-

87 1030 189 1062 catur
199 1029 263 1062 Od.
279 1028 447 1074 l,35,'⁴7.
466 1047 502 1052 —
519 1029 642 1062 Totam
658 1029 783 1070 imagi-

86 1087 171 1111 nem
187 1078 327 1120 egregie
342 1077 492 1111 illustrat
510 1077 695 1120 speculum
711 1078 783 1111 Od-

86 1129 232 1162 dianum
251 1129 346 1171 apud
360 1128 638 1170 Vermigliolium
654 1129 781 1171 (Iscm‘z.

87 1180 250 1220 Pemqim
270 1179 307 1211 T.
332 1180 358 1211 1.
384 1187 463 1220 pag.
487 1178 542 1211 43.
568 1178 631 1211 Ed.
655 1187 710 1220 pr.
736 1178 780 1211 cf.

86 1236 194 1269 supra
216 1236 296 1269 pag.
323 1228 435 1269 ⁴95.);
470 1227 567 1260 unde
594 1228 661 1260 rite
689 1227 785 1260 colli-

86 1278 179 1318 gitur
203 1275 317 1310 simile
339 1275 482 1318 aliquod
505 1277 590 1309 artis
613 1285 704 1318 opus
726 1276 782 1309 vel

87 1327 195 1359 etiam
214 1325 332 1358 locum
347 1327 473 1368 poetae
491 1327 614 1359 Graeci
630 1326 783 1359 eandem

86 1375 277 1416 imaginem
300 1375 534 1417 praebentem
557 1376 688 1408 Horatii
712 1377 785 1408 ani-

86 1433 147 1457 mo
166 1423 396 1457 obversatum
419 1433 512 1457 esse.
552 1423 640 1457 Illud
663 1427 783 1458 tamen

86 1472 305 1515 probabilius
316 1483 325 1512 ;
338 1482 423 1506 nam
433 1473 489 1506 vel
501 1474 687 1516 speculum
699 1473 784 1506 illud

87 1521 266 1555 horribilis
288 1523 410 1555 nescio
433 1523 519 1563 quid
541 1522 651 1556 habet
673 1522 784 1556 subli-

88 1572 230 1604 mitatis.
268 1589 305 1594 —
340 1572 486 1603 Summis
516 1572 692 1604 verticibus
726 1582 785 1605 ex-

86 1620 179 1662 plica
194 1620 239 1654 de
254 1621 460 1661 verticibus,
486 1622 640 1663 fastigiis,
663 1619 784 1654 ἀετώ-

86 1680 208 1713 μασιν
243 1671 387 1703 aedium
421 1671 477 1712 (ut
514 1672 609 1713 apud
636 1671 782 1705 Martial.

89 1719 125 1759 8,
142 1719 205 1759 36,
222 1720 262 1751 7:
294 1719 436 1752 Aethera
457 1720 504 1751 sic
526 1720 649 1759 intrat,
673 1721 786 1752 nuidis

88 1771 126 1800 ut
147 1769 297 1800 conditus
310 1770 412 1801 astris
424 1770 585 1810 Inferiore
599 1773 687 1802 tonet
700 1770 785 1802 nube

87 1826 221 1850 serenus
234 1823 334 1858 apex.
353 1819 437 1851 etv.
456 1819 491 1850 Μ
507 1827 515 1849 :
542 1819 702 1852 Caesaris
719 1819 787 1852 do-

88 1875 169 1900 mus
181 1868 304 1900 vertice
316 1868 428 1899 sidera
436 1868 562 1908 pulsat.
565 1867 591 1909 )‚
617 1877 687 1901 non
704 1878 787 1902 cum

90 1915 166 1949 aliis
197 1917 242 1949 de
274 1917 448 1959 capitibus
477 1918 659 1958 humanis,
696 1927 788 1959 quo-

91 1974 172 1998 rum
194 1966 325 1999 mirum
347 1965 522 1999 ἐπίθετον
541 1969 638 2000 esset
652 1969 789 2000 summis

89 2013 196 2056 atoue
219 2017 290 2048 tota
312 2016 429 2057 imago
459 2015 683 2055 foedissima3
719 2026 787 2050 nec

90 2063 217 2097 melius
251 2065 480 2098 Sanadonus:
520 2066 550 2098 le
581 2067 662 2107 faite
691 2068 730 2099 de
752 2068 788 2099 la

89 2114 272 2155 grandem,
289 2115 335 2146 les
344 2115 493 2155 fortunes
507 2115 552 2148 les
557 2116 637 2156 plus
647 2117 785 2156 elevem,

90 2172 207 2204 neque
240 2172 326 2195 vero
360 2163 505 2197 Bentleii
541 2166 577 2197 et
610 2166 698 2197 Axtii
732 2166 788 2207 (ad

90 2213 294 2245 Vestritium
317 2214 418 2254 Spur.
444 2222 480 2255 p.
505 2212 572 2254 90.)
612 2215 788 2257 interpre-

91 2262 261 2304 tationem
283 2262 436 2304 probare
458 2271 624 2304 possum:
663 2265 789 2296 «Verti-

91 2320 143 2343 ces
175 2311 262 2343 dixit
299 2312 413 2353 capita
457 2311 658 2351 clavorum,
698 2321 787 2353 quos

91 2361 290 2393 Necessitas
307 2364 390 2392 totos
405 2361 524 2402 infigit.
558 2361 702 2393 Summis
715 2371 789 2394 ver-

92 2409 207 2441 ticibus
239 2410 334 2442 enim
365 2411 420 2442 est
453 2410 609 2449 dativus,
645 2410 679 2442 id
715 2412 785 2451 est,

92 2467 206 2499 usque
240 2459 286 2490 ad
320 2459 435 2500 capita
447 2468 484 2496 »;
531 2460 566 2490 at
598 2467 657 2491 res
694 2468 788 2492 nunc

94 2506 187 2539 clara
204 2510 260 2539 est
276 2517 319 2539 ex
334 2507 479 2548 speculo
495 2507 552 2539 illo
569 2509 728 2541 Etrusco.
748 2527 785 2533 --

830 978 943 1012 moles
959 980 1041 1012 iacit
1056 979 1401 1022 aedesquoexstruit
1414 1005 1422 1019 ,
1449 989 1531 1013 nec-

831 1029 972 1070 opinato
1029 1029 1235 1071 supervenit
1280 1028 1505 1076 Εἱμαρμένη
1520 1054 1528 1068 ,

827 1073 987 1122 Ἀνάγκη
1002 1103 1012 1118 ,
1047 1078 1238 1120 clavosque
1261 1087 1367 1119 suos,
1399 1078 1531 1120 quibus

831 1127 916 1160 nihil
949 1129 1117 1161 resistere
1150 1129 1288 1170 potest,
1328 1129 1364 1161 in
1386 1127 1530 1161 aedium

832 1176 985 1210 culmine
1008 1177 1099 1219 figit,
1125 1177 1270 1210 domino
1291 1177 1399 1210 veluti
1419 1177 1533 1211 accla-

831 1235 956 1259 mans:
982 1227 1176 1268 Hucusque
1200 1236 1269 1259 nec
1291 1226 1402 1266 ultra;
1430 1227 1533 1260 adest

831 1277 903 1308 iam
926 1276 989 1309 tibi
1012 1277 1186 1309 terminus
1205 1275 1317 1309 fatalis
1332 1278 1362 1308 1»
1383 1295 1419 1300 —
1443 1286 1533 1309 mor-

831 1327 873 1358 tis
895 1326 1042 1368 laqueis]
1066 1327 1187 1367 Imago
1211 1327 1266 1359 est
1290 1326 1397 1358 etiam
1411 1326 1532 1368 poesis

831 1375 1021 1410 orientalis.
1076 1375 1245 1409 Proverb.
1285 1376 1323 1408 2⁴
1340 1401 1348 1416 ,
1383 1376 1426 1408 6:
1468 1376 1531 1416 Qui

830 1429 1012 1468 conqreyat
1032 1426 1203 1458 thesauros
1220 1426 1338 1467 linqua
1353 1426 1530 1465 mendacii,

829 1485 938 1508 vanus
969 1479 999 1508 et
1031 1484 1151 1508 amors
1182 1478 1230 1507 est
1261 1478 1294 1507 et
1329 1476 1534 1517 impingetur

831 1525 877 1556 ad
910 1525 1046 1565 laqueos
1088 1524 1229 1565 mortis,
1269 1524 1532 1558 inextricabiles

830 1575 961 1607 retium
984 1575 1061 1607 eius
1089 1582 1213 1607 nexus.
1262 1574 1324 1614 (De
1359 1575 1529 1607 Indorum

831 1625 943 1656 Yamo
958 1649 966 1662 ,
1006 1624 1066 1664 qui
1097 1622 1300 1656 hominibus
1330 1625 1436 1656 morti
1468 1624 1534 1656 ad-

834 1673 936 1705 dictis
971 1671 1119 1713 laqueos
1156 1673 1265 1705 iniicit
1298 1673 1342 1706 cf.
1382 1673 1531 1710 Hoeser,

833 1723 905 1754 [nd.
932 1722 1011 1754 Ged.
1036 1722 1078 1754 Π.
1103 1730 1138 1763 p.
1168 1722 1254 1761 106.)

877 1771 909 1803 9.
937 1771 990 1803 40.
1016 1771 1230 1813 Campestres]
1255 1772 1328 1803 lam
1346 1773 1533 1813 corruptae

835 1829 982 1853 suorum
1016 1819 1240 1861 popularium
1272 1821 1365 1852 vitae
1394 1821 1533 1861 poetice

837 1869 883 1911 (id
917 1869 1013 1910 quod
1047 1869 1193 1901 minime
1227 1868 1532 1907 obliviscendum,

834 1918 936 1951 aliter
970 1919 1067 1951 enim
1089 1919 1228 1951 Tacitus
1258 1927 1341 1950 cum
1368 1919 1535 1950 Romanis

836 1969 1024 2001 committit
1057 1968 1261 2009 Germanos)
1297 1969 1444 2009 opponit
1480 1969 1535 2000 in-

835 2018 1108 2050 nocentissimos
1121 2017 1335 2058 Scytharum
1351 2019 1534 2050 Getarum-

836 2075 906 2107 que
940 2075 1060 2098 mores
1073 2091 1080 2105 ,
1117 2067 1177 2107 qui
1204 2065 1304 2098 locus
1334 2068 1411 2099 erat
1433 2075 1534 2099 com-

836 2116 952 2147 munis
977 2116 1085 2147 etiam
1108 2115 1204 2156 apud
1227 2115 1418 2157 sophistas.
1470 2117 1535 2149 Dio

837 2165 1019 2205 Chrysost.
1057 2164 1114 2195 Or.
1151 2164 1205 2196 69.
1235 2173 1270 2206 p.
1297 2165 1372 2197 7⁴8.
1405 2166 1533 2208 Emp.:

837 2210 985 2245 Σκύθαι
1010 2211 1105 2255 γοῦν
1127 2209 1239 2246 οὐδὲν
1261 2212 1474 2247 κωλύονται
1497 2215 1538 2247 οἱ

836 2260 1001 2304 νομάδες
1022 2260 1121 2305 μήτε
1144 2264 1269 2304 οἰκίας
1288 2259 1444 2305 ἔχοντες
1456 2263 1535 2307 μή·

835 2321 876 2343 τε
899 2310 971 2354 γῆν
1006 2313 1227 2358 σπείροντες
1257 2309 1284 2355 ἢ
1305 2311 1536 2355 φυτεύοντες

836 2359 992 2402 δικαίως
1026 2362 1092 2394 καὶ
1120 2359 1220 2395 κατὰ
1251 2360 1397 2405 νόμους
1428 2362 1537 2396 πολι-

837 2408 1028 2444 τεύεσθαι.
1068 2412 1203 2444 Horum
1218 2413 1431 2453 Scytharum
1457 2422 1537 2445 mo-

838 2469 895 2493 res
918 2460 1051 2502 probos
1074 2462 1180 2502 atque
1204 2461 1384 2503 simplices
1404 2463 1536 2503 optime

838 2510 1045 2542 describunt
1060 2511 1290 2552 Hippocrates
1306 2511 1350 2543 de
1366 2514 1449 2544 a'ere
1466 2513 1534 2543 eet.

95 2557 178 2589 Tota
195 2559 315 2589 autem
338 2558 454 2598 imago
478 2557 529 2589 sic
549 2557 785 2590 informanda:
838 2561 863 2591 Ι.
888 2560 990 2592 Kiihn
1013 2569 1049 2601 p.
1075 2560 1151 2592 556.
1180 2562 1216 2592 et
1238 2561 1413 2601 Scymnus
1429 2561 1537 2593 Chius

96 2607 207 2639 «Dum
240 2607 347 2639 homo
381 2606 436 2638 ille
467 2605 624 2649 locuples
646 2608 787 2641 assidue
838 2617 871 2640 v.
898 2609 974 2642 856.
1000 2607 1063 2642 Ed.
1093 2610 1277 2642 Letronne.
1304 2610 1411 2642 Paris.
1440 2609 1535 2642 ⁴84⁴.
