1722 2904
226 89 308 132 (540

507 194 625 237 Notis
656 193 826 236 condita
857 192 974 235 fastis

744 89 916 122 HORATII
950 88 1175 122 CARMINUM

1623 193 1676 236 45

566 274 739 318 Inclusit
768 273 957 317 volucris
987 273 1094 315 dies.

452 382 547 433 Quo
577 381 682 437 fugit
708 393 864 429 venus,
898 379 1000 429 heu,
1033 392 1177 435 quove
1207 377 1355 422 color?
1386 378 1547 423 decens

451 463 546 514 Quo
577 461 750 504 motus?
780 460 885 518 quid
913 459 1049 503 habes
1079 459 1212 511 illius,
1243 459 1379 512 illius,

508 544 630 594 Quae
661 541 852 599 spirabat
883 555 1057 584 amores
1076 576 1084 590 ‚

564 624 686 674 Quae
717 636 785 665 me
815 628 1046 679 surpuerat
1075 621 1197 673 mihi,
1247 682 1250 683 ⁷

455 728 567 771 Felix
599 735 696 785 post
728 727 946 778 Cinaram,

1617 625 1675 667 20

980 735 1168 786 notaque
1197 735 1240 772 et
1269 728 1423 772 artium

315 862 365 893 ⁴7.
393 869 520 900 quoque
544 860 577 891 d.
607 879 642 882 —
670 860 722 892 48.
747 860 839 891 color
861 859 1000 892 decens?
1025 861 1095 901 Quo
1124 861 1246 900 T,LCt.
1268 880 1304 885 —
1331 861 1383 894 49.
1407 848 1566 903 sperabat
1585 862 1621 894 T.

225 981 352 1021 inquit,
379 980 433 1010 «te
459 987 563 1010 ornas
588 978 669 1010 Cois
692 977 851 1010 vestibus
875 979 926 1010 at-

225 1038 294 1070 que
311 1027 499 1060 unionibus
512 1052 519 1066 ‚
538 1036 609 1068 quo
626 1027 742 1059 iunior
755 1027 921 1060 videaris.

224 1080 346 1119 Neque
377 1078 472 1109 enim
495 1077 720 1118 propositum
743 1078 843 1109 tuum
868 1078 924 1108 at-

224 1128 343 1168 tingis,
386 1135 468 1158 cum
492 1127 574 1166 dies,
610 1126 647 1158 id
675 1127 746 1166 est,
782 1128 925 1168 tempus

223 1177 326 1218 fugax
362 1176 559 1208 condiderit
594 1175 706 1209 semel
757 1175 831 1219 (ein
866 1176 926 1217 su'r

221 1226 368 1268 allemal)
393 1228 429 1258 et
452 1225 652 1265 incluserit,
678 1225 714 1258 id
739 1227 810 1265 est,
838 1234 925 1258 con-

222 1277 382 1317 signarit,
431 1276 465 1308 in
500 1275 613 1315 fastis,
661 1276 722 1317 qui
757 1275 924 1308 omnibus

223 1326 328 1358 nimis
351 1326 424 1358 noti
439 1326 537 1364 sunt,
563 1334 675 1358 annos
690 1327 787 1358 tuos:
814 1325 926 1366 siqui—

222 1375 307 1408 dem
340 1384 484 1414 omnes,
533 1383 687 1416 quorum
726 1376 796 1408 hoc
831 1376 923 1407 scire

222 1426 390 1464 interest,
437 1424 550 1467 probe
594 1426 741 1465 norunt,
794 1424 924 1466 quibus

222 1474 429 1507 consulibus
453 1475 535 1506 nata
559 1474 607 1506 sis
631 1476 789 1516 quotque
811 1483 924 1508 annos

223 1533 405 1557 numeres.
419 1535 435 1552 »
483 1524 623 1557 Condita
660 1525 781 1557 autem
817 1525 923 1566 iungo

222 1583 306 1607 cum
328 1584 361 1607 v.
388 1577 558 1614 tempora,
585 1582 655 1605 non
680 1582 762 1606 cum
783 1583 817 1606 v.
843 1575 921 1614 dies,

223 1624 320 1666 quod
343 1632 448 1656 suum
478 1623 588 1656 habet
614 1623 793 1656 ἐπίθετον
826 1625 924 1657 volu—

222 1675 304 1713 cris,
331 1682 399 1706 nec
424 1673 494 1705 duo
518 1674 660 1715 recipit,
687 1673 774 1706 dum
793 1683 826 1706 v.
845 1678 925 1707 tem-

217 1733 307 1764 pora
331 1732 375 1755 ex
398 1722 548 1755 aliorum
578 1724 742 1764 opinione
774 1723 833 1756 tali
862 1733 924 1756 ca-

222 1774 309 1804 reat.
347 1772 428 1813 (Cfr.
446 1772 643 1814 Hertzberg
660 1773 798 1806 Comm.
816 1775 920 1815 Prop.

221 1831 257 1863 p.
284 1821 359 1854 355.
378 1846 386 1861 ,
422 1822 483 1862 qui
505 1822 598 1854 hanc
622 1822 808 1864 sequitur.)
846 1822 923 1855 Noli

223 1872 377 1912 cogitare
402 1880 486 1904 cum
502 1871 677 1904 nonnullis
694 1871 750 1904 vel
767 1872 812 1904 de
835 1873 922 1905 sim-

221 1920 373 1963 plicibus
407 1920 624 1954 Kalendariis
657 1920 715 1953 vel
749 1921 794 1954 de
827 1922 923 1954 Actis

223 1970 372 2010 diurnis,
391 1971 456 2002 sed
473 1970 517 2003 de
532 1972 643 2003 Fastis
660 1970 920 2004 consularibus.

224 2037 262 2044 —-
280 2020 394 2053 Minus
406 2022 504 2052 recte
517 2022 637 2052 autem
649 2021 794 2062 quidam
807 2030 924 2062 nuper

220 2072 316 2101 notos
341 2070 445 2110 fastos
471 2070 629 2102 confudit
655 2079 738 2103 cum
764 2071 923 2102 'nemori-

222 2119 281 2151 bus
294 2119 390 2160 fastis
413 2119 476 2151 Od.
500 2119 536 2159 3,
561 2120 620 2159 47,
639 2119 672 2152 4.
699 2118 788 2159 et4,
809 2119 869 2160 ⁴4,
887 2119 919 2153 4.

267 2169 307 2200 47
324 2186 343 2192 -
359 2169 412 2200 20.
438 2168 549 2210 venus]
587 2169 754 2210 «pristina
777 2170 837 2201 tua
857 2178 923 2202 ve-

221 2220 344 2251 nustas
369 2220 405 2250 et
428 2219 573 2260 gratia.»
606 2236 645 2242 —
677 2219 807 2261 decens]
831 2219 920 2252 Male

221 2267 305 2301 olim
335 2277 417 2300 cum
451 2278 485 2300 v.
522 2269 613 2300 color
647 2268 919 2310 coniungebant.

222 2317 361 2357 Quintil.
387 2319 423 2357 4,
448 2318 506 2357 40,
530 2318 591 2350 26:
625 2318 782 2358 Corporis
807 2319 923 2350 decens

222 2371 253 2399 et
280 2371 378 2407 aptus
414 2371 539 2407 motus,
577 2368 635 2408 qui
660 2368 784 2399 dicitur
809 2364 922 2413 εῦρυ-

220 2417 331 2459 θμία,
349 2421 395 2449 est
409 2418 626 2449 necessarius.
643 2434 682 2440 —
702 2418 802 2457 illius,
821 2418 919 2460 illius]

221 2468 270 2499 Ex
294 2475 461 2500 sermone
485 2467 626 2508 poetico
650 2467 752 2507 quasi
772 2467 922 2500 confun-

222 2517 353 2548 duntur
376 2517 464 2548 illius
479 2517 581 2556 Lyces
597 2518 630 2548 et
647 2516 737 2548 illius
748 2517 860 2558 faciei.
882 2535 919 2541 -

221 2565 416 2606 surpuerat]
453 2566 691 2607 surripuerat,
718 2567 757 2597 ut
784 2567 854 2598 Sat.
884 2566 918 2606 2,

219 2615 259 2653 3,
289 2615 375 2648 283:
413 2616 559 2655 surpite,
592 2616 732 2647 Lucret.
763 2616 800 2655 2,
832 2615 918 2648 343:

220 2672 374 2704 surpere,
421 2673 463 2696 ex
498 2673 566 2697 usu
600 2665 775 2697 sermonis
810 2665 922 2705 quoti—

974 978 1084 1010 diani:
1112 987 1224 1020 «quae
1248 979 1419 1020 optimam
1442 980 1514 1012 mei
1535 982 1675 1022 partem

973 1027 1094 1060 furtim
1115 1028 1203 1060 mihi
1225 1028 1448 1061 ademerat.»
1485 1028 1575 1063 Male
1592 1031 1674 1073 qui-

974 1077 1057 1109 dam
1081 1078 1356 1120 interpungunt:
1381 1078 1492 1111 mihi?
1511 1079 1621 1112 Felix.

1016 1127 1134 1160 ‘zi-24.
1160 1128 1256 1160 Felioe
1263 1131 1342 1169 post
1357 1128 1528 1172 Cinaram]
1547 1128 1673 1171 «Felix,

973 1177 1127 1209 maxime
1158 1179 1307 1219 propter
1339 1177 1464 1211 laudes
1502 1178 1672 1219 sinceras,

973 1234 1062 1267 quas
1078 1227 1160 1267 post
1177 1227 1342 1260 Cinaram
1367 1227 1441 1268 (Od.
1459 1227 1493 1267 4,
1515 1228 1549 1268 ⁴,
1568 1228 1589 1261 3
1604 1227 1672 1270 sq.)

972 1276 1042 1307 vita
1067 1275 1272 1309 defunctam
1303 1276 1366 1309 tihi
1398 1277 1671 1320 impertiebam,

973 1326 1009 1357 et
1041 1327 1232 1368 propterea
1259 1326 1428 1360 omnihus
1455 1329 1539 1361 nota
1565 1329 1674 1370 atque

972 1376 1156 1416 accepta.»
1206 1375 1304 1410 Multi
1339 1377 1407 1410 tria
1453 1378 1672 1411 constituunt

973 1423 1130 1457 ἐπίθετα
1141 1435 1153 1457 .·
1185 1426 1289 1467 facies
1319 1426 1404 1468 felia:
1435 1430 1581 1468 nomam
1596 1429 1674 1468 Μ
1721 1430 1722 1433 “

973 1474 1135 1507 Cinaram
1166 1478 1198 1508 et
1232 1475 1362 1517 (facies)
1396 1479 1578 1518 gratam
1609 1484 1674 1510 ov·-
1719 1490 1722 1524 ξ

971 1524 1078 1556 tiwn:
1117 1524 1184 1557 sed
1217 1524 1311 1558 malo
1349 1527 1558 1560 construere
1587 1533 1672 1559 cum

971 1573 1151 1606 Bentleio:
1177 1577 1208 1607 ot
1228 1578 1310 1607 nota
1331 1583 1476 1617 quoque
1490 1579 1673 1618 aratam

972 1624 1100 1656 artium
1119 1624 1240 1665 facies,
1264 1624 1310 1657 ab
1326 1624 1493 1658 omnibus
1509 1624 1674 1658 eelem-

972 1675 1025 1713 ta,
1051 1673 1168 1706 utOd.
1185 1674 1224 1714 2,
1242 1674 1283 1713 2,
1301 1674 1340 1706 6:
1363 1675 1471 1707 Notus
1490 1675 1528 1707 in
1546 1675 1674 1717 fratros

971 1724 1077 1755 animi
1106 1724 1253 1764 paterni.
1292 1739 1329 1747 —·
1364 1724 1478 1766 facies]
1510 1725 1670 1759 Donatus

971 1773 1018 1805 ad
1040 1773 1182 1806 Terent.
1206 1773 1294 1806 Eun.
1319 1773 1360 1814 2,
1378 1773 1416 1814 3,
1434 1774 1478 1806 5:
1505 1774 1532 1806 0
1550 1774 1673 1816 sadum

966 1823 1155 1863 pulchram]
1188 1822 1337 1856 «faciem
1367 1823 1476 1856 modo
1497 1832 1570 1856 non
1591 1832 1674 1866 pm-

971 1874 1045 1904 tem
1061 1873 1221 1914 corporis
1244 1872 1346 1914 dicit,
1370 1873 1438 1906 sed
1460 1874 1572 1906 totam
1586 1881 1672 1916 spe—

971 1922 1064 1954 ciem
1079 1947 1087 1962 ,
1106 1930 1198 1963 quae
1213 1923 1362 1964 apparet
1375 1918 1412 1956 et
1426 1923 1617 1956 cernitur.»
1631 1940 1669 1947 —

971 1972 1098 2004 artium
1113 1971 1310 2014 Gruterum]
1336 1973 1454 2011 «Quae
1470 1973 1570 2005 motu
1585 1980 1669 2005 oeu-

970 2020 1086 2053 lorum
1097 2046 1105 2060 ,
1123 2019 1410 2062 superciliorum,
1429 2021 1579 2055 cervicis
1592 2020 1671 2063 pln-

972 2071 1063 2102 cet.»
1088 2071 1209 2102 Senon.
1235 2069 1376 2103 Codicis
1391 2069 1556 2104 Blandin.
1574 2069 1671 2112 apud

971 2121 1009 2152 P.
1027 2119 1203 2152 Nannium
1225 2119 1324 2160 Misc.
1341 2119 1379 2160 3,
1398 2120 1452 2152 ⁴7.
1480 2121 1532 2153 Ac
1546 2118 1670 2153 simili·-

971 2171 1028 2201 ter
1050 2169 1189 2202 Comm.
1219 2169 1351 2211 Cruq.:
1389 2170 1508 2208 «Quae
1536 2167 1667 2209 oculis,

972 2220 1060 2251 nutu
1082 2218 1370 2260 superciliorum,
1401 2219 1550 2252 cervicis
1571 2217 1672 2251 volu-

970 2267 1121 2308 bilitate,
1148 2269 1272 2310 capitis
1294 2269 1422 2310 gratia,
1445 2269 1552 2302 totius
1567 2267 1670 2302 deni-
1707 2303 1709 2317 ἲ

972 2326 1042 2360 que
1066 2318 1224 2360 corporis
1247 2319 1347 2351 motu
1376 2316 1527 2359 placet»
1559 2316 1670 2350 Vide-

971 2368 1029 2399 tur
1052 2368 1172 2400 tamen
1188 2365 1355 2410 amplecti
1369 2375 1442 2400 non
1465 2365 1582 2400 solum
1604 2361 1669 2399 εὖ-
1703 2384 1707 2407 ·,

971 2416 1138 2462 ρυθμίαν
1179 2417 1356 2458 corporis,
1401 2423 1528 2449 vorum
1561 2415 1668 2449 otiam
1702 2414 1705 2433 ³

971 2468 1086 2498 artem
1100 2465 1275 2508 psallendi
1283 2465 1524 2507 canendique.
1543 2465 1614 2498 Cir.
1629 2472 1666 2498 v.

971 2516 1002 2548 7.
1039 2517 1078 2548 ln
1099 2516 1155 2549 his
1177 2516 1272 2548 enim
1295 2514 1428 2548 ultimis
1450 2522 1508 2548 vv.
1530 2515 1667 2548 amicae

970 2565 1078 2598 facies
1090 2566 1127 2597 et
1140 2566 1212 2598 tota
1224 2571 1378 2606 persona
1392 2589 1401 2604 ,
1423 2565 1464 2597 ut
1475 2564 1524 2597 ita
1535 2563 1664 2604 dicam,

971 2614 1207 2648 confunditur.
1233 2632 1271 2638 —
1298 2613 1666 2655 servatura-pm}

972 2664 1108 2697 «donec
1132 2663 1260 2698 effecta
1282 2664 1328 2696 sit
1348 2671 1447 2706 par.»
