1722 2904
206 92 287 132 64-ss

489 196 583 247 Qua
615 195 725 237 ferre
758 207 842 236 non
873 191 1023 235 molles
1053 191 1207 234 viros?

749 90 920 122 HORATII
944 89 1114 121 EPODON

1604 190 1656 232 sio

433 279 636 320 Feremus
667 282 710 318 et
742 282 782 317 te
813 274 880 317 vel
913 288 992 331 per
1021 273 1191 330 Alpium
1221 273 1319 329 iuga

490 356 792 414 Inhospitalem
823 362 865 398 et
897 355 1137 398 Caucasum
1182 366 1184 368 ’

435 439 507 482 Vel
538 437 786 482 Occidentis
817 450 957 493 usque
989 434 1043 477 ad
1074 434 1270 477 ultimum
1300 434 1440 477 sinum

488 521 601 563 Forti
634 532 869 576 sequemur
899 523 1091 574 pectore.

434 605 592 659 Roges.
627 606 747 643 tuum
778 599 925 642 labore
958 598 1063 656 quid
1094 597 1237 641 iuvem
1269 611 1367 641 meo
1386 599 1417 647 ,’

492 682 678 726 imbellis
709 694 759 724 ac
788 681 938 723 firmus
969 694 1123 737 parum
1141 679 1162 720 ἶ)

434 766 587 808 Comes
618 764 783 805 minore
819 776 914 805 sum
945 761 1110 805 futurus
1142 762 1183 803 in
1214 768 1358 810 metu,
1389 783 1391 786 ·

490 846 570 898 Qui
603 845 739 888 maior
769 843 969 887 absentes
1000 843 1156 893 habet,

276 1000 350 1031 Α40.
378 1000 480 1038 Quem
503 997 574 1029 hcd
610 999 646 1029 et
679 995 840 1037 plerique
875 995 1050 1035 Pottierii‚
1089 995 1174 1028 item
1208 993 1328 1027 Aldus.
1366 992 1456 1035 (Qua
1480 993 1558 1026 BST
1581 995 1617 1026 et

255 1051 407 1084 Pottierii
427 1051 439 1082 i
457 1076 463 1088 ,
478 1050 515 1089 3,
530 1049 575 1089 7.)
596 1068 631 1072 ——
660 1049 711 1080 η.
731 1051 761 1080 et
775 1056 846 1080 om.
865 1048 900 1079 d.
922 1065 960 1070 —
980 1046 1031 1078 ⁴5.
1050 1044 1200 1077 laborem
1213 1045 1240 1077 T
1256 1045 1293 1077 et
1305 1043 1461 1076 Pottierii
1475 1050 1615 1075 omnes.

256 1119 293 1124 ——
322 1101 373 1133 ⁴6.
399 1100 528 1132 Inbellis
543 1100 580 1131 T.
603 1117 635 1122 —-
666 1099 718 1130 ⁴7.
736 1099 799 1130 sim
815 1098 959 1130 auctore
975 1097 1015 1128 N.
1041 1095 1184 1128 Heinsio
1200 1092 1391 1127 Bentleius.
1411 1110 1450 1117 —
1481 1092 1534 1126 ⁴8.
1559 1092 1617 1124 ab·

254 1151 352 1183 sentis
373 1152 407 1182 S.
435 1167 472 1173 —
499 1149 625 1182 Deficit
649 1148 682 1180 in
705 1157 739 1179 v.
767 1147 819 1179 ⁴8.
847 1146 933 1179 Cod.
959 1145 1073 1178 Turic.
1099 1153 1214 1185 usque
1238 1143 1285 1176 ad
1306 1142 1418 1186 Epod.
1443 1142 1486 1181 9,
1511 1141 1565 1174 37.

212 1282 460 1315 Andromacha
495 1280 589 1322 apud
625 1280 695 1312 Cic.
733 1280 834 1311 Tusc.
871 1279 909 1317 l,

213 1332 271 1365 44:
303 1332 391 1371 Vidi,
414 1331 527 1363 videre
549 1331 638 1369 quod
659 1338 711 1362 me
728 1337 832 1370 passa
851 1336 913 1360 ae-

211 1390 377 1423 qemwne.
418 1398 453 1403 —
494 1380 727 1420 Inhospitalem
741 1398 761 1403 -
777 1380 913 1412 Cauca-

214 1432 305 1473 sum]
348 1433 388 1463 ut
421 1430 484 1463 Od.
518 1430 554 1469 i,
593 1431 654 1468 22,
692 1429 724 1462 6.
776 1430 912 1461 Seneca

214 1482 357 1522 Thyest.
392 1479 492 1513 ⁴049:
533 1479 740 1520 inhospitalis
773 1478 914 1511 Caucasi

212 1540 330 1571 rupem
358 1539 514 1571 asperam
540 1548 574 1552 —-
615 1529 740 1570 sinum]
765 1528 910 1566 Oceani,

214 1581 259 1613 ad
276 1581 463 1622 Hispaniae
479 1588 580 1612 oram
591 1578 763 1611 ultimam.
789 1579 911 1611 Scuor..

215 1631 285 1663 Csr.
301 1630 363 1662 Od.
378 1631 410 1669 2,
426 1631 458 1668 6,
479 1631 491 1662 4
510 1639 517 1660 ε
543 1629 682 1670 Septimi
706 1629 814 1661 Gades
837 1628 914 1660 adi—

213 1684 287 1712 ture
319 1689 457 1712 mecum.
505 1679 622 1720 Virgil.
657 1681 717 1711 Ge.
753 1679 794 1717 2,
832 1677 911 1709 ⁴⁸23:

214 1730 368 1762 Extremi
389 1729 481 1761 sinus
503 1729 601 1760 orbis.

261 1779 377 1812 ⁴548.
413 1778 528 1820 Roqes]
568 1779 635 1810 «Ex
670 1786 728 1809 me
763 1785 915 1818 quaeres

217 1829 399 1862 fortasse.»
429 1847 465 1851 —-
482 1828 632 1869 Imbellis]
658 1827 720 1859 Od.
739 1827 779 1866 2,
805 1827 845 1865 6,
871 1826 912 1857 7:

215 1881 301 1911 lasso
331 1879 438 1911 maris
466 1882 496 1910 et
532 1879 668 1910 viarum
698 1877 913 1915 Militiaeque.

219 1948 254 1952 —-
279 1931 397 1971 firmus
425 1928 562 1970 parum]
598 1927 643 1959 ad
676 1926 916 1959 valetudinem

216 1979 383 2020 pertinet,
410 1987 478 2019 qua
502 1986 572 2010 non
589 1977 721 2018 optima
737 1975 914 2008 utebatur.

221 2047 256 2052 —
281 2029 410 2060 minore
431 2027 515 2068 sam]
546 2027 652 2059 Certo
676 2027 782 2066 atque
807 2024 917 2057 obfir-

219 2080 315 2110 mato
349 2078 466 2110 animo
501 2076 695 2118 respondet
729 2074 915 2116 superiori,

220 2137 328 2169 quam
374 2128 579 2168 exspectat,
628 2123 915 2165 interrogationi,

221 2178 387 2218 quocirca
434 2176 622 2208 indicativo
668 2174 799 2212 utitur,
847 2182 918 2205 non

220 2227 351 2258 Heinsii
376 2226 612 2258 coniunctivo.
643 2243 678 2247 -—
704 2223 814 2265 habet]
844 2225 919 2255 «te-

222 2278 299 2315 net,
325 2278 510 2317 occupat.»

267 2327 382 2358 49-22.
413 2327 451 2357 Ut
466 2325 623 2366 assidens]
639 2322 802 2364 Aeschyi.
823 2324 918 2364 Sept.

223 2375 301 2407 adV.
339 2375 448 2407 Theb.
487 2375 562 2407 ⁶29⁴.
599 2375 660 2406 D.:
699 2370 921 2419 Δράκοντας

223 2419 275 2465 ὥς
307 2435 362 2465 τις
397 2426 537 2457 τέκνων
556 2420 832 2469 Ὑπερὸέδοικεν
861 2420 921 2453 λε-

223 2476 344 2514 χαίων
374 2471 656 2519 δυσευνάτορας
690 2470 921 2518 Πάντροφος

225 2522 386 2565 πελειάς.
412 2527 526 2565 Atque
544 2524 589 2555 (le
606 2523 774 2564 palumbo
790 2522 848 2554 hic
865 2530 923 2553 co-

225 2575 333 2614 gitare
362 2573 458 2612 licet,
491 2575 528 2605 ut
552 2573 682 2614 gratior
706 2572 765 2603 fiat
790 2573 918 2612 imago.

227 2623 288 2655 Alii
302 2624 345 2655 de
359 2623 546 2655 hirundine
559 2622 812 2663 exposuerunt,
827 2619 922 2652 haud

933 1297 937 1349 l

932 1361 939 1723 ἱ

962 1275 1112 1318 rupibus
1145 1274 1346 1319 praeruptis
1386 1273 1566 1306 nidificare
1601 1281 1663 1306 so-

961 1325 1054 1364 lere,
1072 1333 1163 1367 quos
1186 1325 1222 1357 in
1243 1323 1342 1356 locos
1365 1323 1551 1365 serpentes
1573 1321 1662 1355 alla-

961 1375 999 1408 bi
1024 1375 1087 1407 vix
1108 1374 1269 1416 possunt.
1322 1372 1375 1406 Ad
1405 1374 1515 1405 totam
1539 1373 1661 1405 autem

962 1425 1154 1466 imaginem
1176 1423 1239 1456 cfr.
1258 1423 1391 1456 Moschi
1418 1421 1470 1455 Id.
1486 1420 1510 1454 δ
1521 1445 1531 1462 ,
1547 1422 1585 1454 24
1605 1430 1660 1463 sq.

961 1474 1174 1517 praesertim
1203 1481 1239 1505 V.
1265 1473 1327 1506 25:
1360 1468 1400 1515 (ἦ
1424 1467 1542 1518 ὅρνις)
1572 1466 1661 1504 Οὐδ’

962 1521 1020 1571 ἄρ’
1041 1520 1123 1563 ἔχει
1150 1523 1342 1556 τέκνοισιν
1369 1522 1592 1569 ἐπαρκέσω.
1623 1539 1660 1544 -

966 1576 1026 1609 «Ut
1059 1573 1135 1606 avis
1169 1581 1213 1606 eo
1245 1573 1428 1614 tempore,
1464 1580 1536 1613 quo
1569 1570 1666 1604 fovet

963 1623 1155 1666 implumes
1182 1621 1316 1664 pullos,
1352 1621 1408 1654 his
1438 1619 1592 1660 relictis,
1627 1619 1663 1652 id

970 1676 1044 1713 est,
1069 1681 1152 1705 cum
1175 1680 1238 1705 eos
1260 1679 1366 1704 escae
1381 1670 1559 1712 petendae
1582 1678 1666 1703 eau-

964 1733 1003 1757 sa
1030 1722 1187 1764 reliquit,
1224 1721 1336 1762 magis
1377 1721 1479 1753 timet
1516 1728 1664 1762 serpen-

964 1775 1052 1806 tium
1096 1771 1250 1814 impetus
1286 1771 1322 1803 in
1359 1770 1484 1803 nidum
1520 1777 1661 1803 suum.»

966 1823 1090 1856 Statim
1119 1823 1241 1854 autem
1263 1821 1426 1862 sequitur
1448 1820 1666 1862 comparatio

966 1882 1001 1906 v.
1024 1873 1135 1914 magis
1156 1870 1371 1913 significata3
1395 1869 1566 1902 nimirum
1586 1867 1666 1901 vol-

966 1924 1058 1966 garis
1081 1923 1170 1955 ratio
1187 1930 1271 1955 cum
1286 1920 1429 1954 fuisset:
1456 1919 1579 1952 «timet
1591 1926 1667 1952 ma-

966 1975 1019 2015 gis
1042 1972 1145 2015 pullis
1168 1970 1300 2004 relictis
1325 1977 1436 2012 quam
1461 1978 1546 2002 cum
1559 1977 1666 2011 prae-

967 2031 1049 2057 sens
1073 2023 1128 2055 est
1151 2023 1187 2054 in
1210 2020 1342 2059 nido»;
1366 2019 1460 2052 hanc
1482 2017 1664 2061 praetulit:

969 2073 1073 2112 «etsi,
1107 2071 1191 2105 licet
1212 2070 1320 2109 adsit,
1356 2077 1427 2101 non
1448 2067 1529 2111 plus
1550 2066 1667 2100 auxilii

967 2123 1033 2156 illis
1056 2123 1112 2156 est
1139 2121 1280 2154 latura»
1293 2145 1301 2160 ,
1335 2126 1401 2161 pro
1428 2127 1503 2160 quo
1533 2126 1667 2160 prono-

968 2173 1064 2206 mine
1088 2180 1159 2204 non
1182 2170 1260 2203 sine
1281 2170 1317 2203 vi
1338 2169 1459 2212 posuit
1476 2167 1668 2209 praesenti-
1718 2199 1722 2213 ÷

1082 2221 1162 2263 «qui
1196 2221 1291 2253 circa
1323 2229 1404 2252 eam
1434 2218 1664 2254 versuumn-»3
1717 2218 1722 2255 j

970 2281 1039 2313 qua
1069 2271 1205 2303 ratione
1235 2270 1359 2302 mutua
1388 2268 1517 2301 caritas
1545 2266 1668 2300 matris
1716 2261 1722 2297 l

969 2223 1045 2262 bus,

970 2323 1006 2354 et
1027 2320 1205 2363 pullorum
1220 2319 1353 2362 optime
1368 2317 1588 2360 exprimitur.
1617 2315 1666 2348 Ac
1714 2302 1722 2341 Ϊ

970 2369 1113 2409 similia,
1139 2377 1232 2411 quos
1254 2368 1481 2410 pleonasmos
1495 2365 1581 2398 olim
1602 2373 1668 2397 vo·
1715 2361 1722 2405 ]

971 2420 1119 2457 cabant,
1159 2418 1316 2451 habebat
1347 2414 1567 2449 consuetudo
1600 2415 1668 2447 La·
1712 2436 1722 2463 3-

970 2472 1058 2503 tina:
1098 2468 1207 2502 Plaut.
1234 2467 1363 2500 Pseud.
1389 2466 1426 2505 4,
1463 2466 1501 2505 7,
1536 2464 1598 2498 43:
1637 2467 1678 2496 te*
1711 2471 1722 2503 ’-

969 2522 1059 2561 ipsus
1076 2527 1192 2551 coram
1208 2525 1367 2558 praesens
1383 2517 1592 2557 praesentem
1613 2514 1668 2545 vi-
1711 2514 1722 2551 '⁴

971 2571 1034 2602 det.
1060 2568 1199 2601 Terent.
1217 2565 1365 2608 Adelph.
1384 2565 1423 2605 3,
1448 2565 1486 2604 3,
1511 2563 1567 2596 39:
1593 2563 1668 2596 Non

972 2619 1054 2659 quia
1075 2618 1153 2650 ades
1187 2624 1366 2658 praesens,
1402 2614 1475 2647 dico
1507 2614 1577 2646 hoc.
1611 2611 1664 2645 lb.

229 2682 407 2704 memores
442 2673 504 2704 has
529 2673 562 2704 in
587 2672 707 2709 tec-tis,
746 2670 919 2709 turribus,
973 2668 1010 2708 4,
1047 2669 1084 2707 5,
1121 2666 1188 2700 34:
1227 2666 1308 2699 Cum
1341 2663 1518 2704 harimah·
1549 2661 1669 2695 videbit
1715 2657 1722 2698 ζ
