1722 2904
613 53 748 87 LIBER.
788 53 918 87 CARM.
944 52 1045 86 xvii.

1477 48 1551 91 74⁸

281 159 460 204 Centum
495 157 719 207 iuvencos,
752 155 844 200 sive
875 154 1073 199 mendaci
1106 154 1200 214 lyra

279 239 405 283 Voles
437 238 604 282 sonari:
634 238 696 281 Tu
734 235 911 294 pudica,
943 242 988 279 tu
1021 235 1159 293 proba

1506 236 1559 277 40

279 317 604 363 Perambulabis
637 324 753 360 astra
781 316 903 361 sidus
934 329 1128 360 aureum.

282 400 452 444 lnsamis
480 398 670 443 Helenae
700 398 852 442 Castor
879 396 1071 441 offensus
1100 397 1240 441 vicem

279 483 515 538 Fraterque
546 479 687 536 magni
716 478 924 529 Castoris,
956 478 1054 522 victi
1086 491 1239 535 prece,

281 561 489 619 Adempta
519 560 604 603 vati
639 558 871 602 reddidere
905 557 1077 602 lumina.

199 680 254 714 39.
277 679 424 713 menois
446 687 466 711 e
489 686 564 711 var.
590 677 672 711 lect.
698 676 786 710 Cod.
811 675 935 709 Battel.
960 675 1020 719 (ω)
1042 675 1154 709 Bentl.
1195 694 1231 700 -
1269 677 1323 710 42.
1348 678 1452 710 vicem
1474 688 1515 711 ex

158 739 231 763 uno
263 727 426 763 Mechlin.
458 727 632 760 Torrentii
666 725 867 759 Bentleius:
912 726 985 760 vico
1015 726 1133 766 Bb'l'c,
1179 726 1326 760 Bentleii
1367 736 1514 767 omnes,

158 778 319 812 LctFuJ.
345 778 398 819 (Ut
418 785 502 817 nos,
527 774 796 817 Dillenburger.)
827 792 863 799 —
889 775 944 809 44.
968 777 1107 809 reddere
1128 777 1166 809 T.

117 889 285 924 Similiter
318 887 441 923 catull.
466 888 526 929 42,
553 888 617 921 ⁴9:
658 886 815 920 «Moecha

109 940 249 982 putida,
274 939 374 972 redde
392 939 591 971 codicillos.»
613 956 632 961 -
646 955 665 961 -
679 938 745 970 Sed
765 937 815 968 nil

111 990 324 1033 proficimus,
347 988 429 1021 nihil
459 991 621 1021 movetur.
648 988 814 1020 Mutanda

116 1043 165 1073 est
191 1039 282 1071 ratio
313 1038 494 1079 modusque
519 1037 624 1077 vobis,
662 1037 701 1069 Si
734 1037 814 1077 quid

115 1090 278 1131 proficere
292 1088 437 1128 amplius
443 1087 578 1128 potestis
589 1096 601 1118 .-
625 1087 769 1119 «Pudica
784 1089 815 1119 ct

112 1138 243 1180 proba,
268 1137 581 1171 roddecodiciuos.»
605 1137 679 1169 Nec
694 1138 813 1168 tamen

116 1188 273 1221 imitatus
295 1188 351 1220 est
372 1187 535 1219 Horatius
559 1184 747 1219 Catullum.

158 1286 202 1320 42
216 1304 238 1311 -
251 1285 307 1319 44.
330 1285 482 1327 Insmnis]
507 1285 620 1324 Quam
642 1285 682 1316 ut
697 1284 814 1316 minus

117 1337 252 1369 castum
291 1334 479 1368 infamarat
511 1334 733 1366 Stesichorus
767 1334 811 1374 (a.

117 1385 201 1418 Chr.
219 1384 283 1417 630
294 1383 415 1425 -555.)
434 1380 548 1416 Ἰλίου
563 1383 713 1428 πέρσει,
738 1391 816 1415 car-

117 1434 214 1468 mine
237 1433 305 1475 lyri
352 1433 464 1474 epico.
511 1434 658 1471 Postea,
682 1433 722 1464 ut
736 1441 817 1464 nar-

116 1485 196 1516 rant
218 1483 292 1524 (cfr.
344 1482 415 1515 lato
444 1482 594 1515 Phaedr.
625 1490 704 1524 pag.
734 1481 812 1514 243.

117 1533 320 1566 A.1socrat.
338 1531 414 1565 Hel.
435 1533 521 1565 Enc.
545 1531 577 1573 g.
602 1531 657 1565 64.
682 1533 815 1564 Pausa-

117 1582 194 1615 nias
227 1582 266 1622 3,
297 1582 356 1622 49,
391 1581 445 1614 43.
491 1582 556 1614 Dio
580 1582 663 1614 Chr.
689 1581 743 1613 44.
774 1589 811 1622 p.

119 1632 194 1664 487.
229 1631 350 1673 Emp.)
390 1631 437 1663 oh
471 1631 508 1663 id
549 1630 718 1664 delictum
750 1639 815 1662 oc-

119 1681 285 1713 caecatus
313 1678 504 1723 ἐγκώμιον
533 1679 687 1713 Helenae
718 1688 816 1712 com-

118 1730 237 1771 posuit
266 1728 428 1771 pluribus
462 1730 604 1770 hymnis
627 1731 811 1768 constans,

119 1780 155 1811 in
177 1787 249 1820 quo
271 1777 502 1822 παλινῳδίαν
532 1780 661 1812 cecinit
679 1779 736 1811 his
759 1779 815 1811 in-

119 1824 175 1861 ter
195 1827 282 1861 alios
304 1828 509 1862 versiculis:
535 1824 615 1862 Οὐκ
636 1823 713 1861 ἔστ’
726 1822 815 1862 ἔτυ-

118 1887 195 1920 μος
223 1875 339 1921 λόγος
371 1871 500 1919 οὗτος·
525 1875 613 1911 Οὐδ’
647 1874 742 1919 ἔβας
773 1878 815 1911 ἐν

119 1927 257 1970 νηυσὶν
271 1926 516 1970 ἐϋσσέλμοις,
534 1924 619 1961 Οῦδ*
634 1927 716 1961 ἵκεο
731 1929 817 1974 πέρ-

42 2008 48 2012 .
119 1987 227 2021 γαμα
249 1977 399 2023 Τροίας.
432 1978 651 2011 Schneidew.
675 1977 752 2010 Del.
775 1986 813 2019 p.

121 2026 197 2059 330.
242 2027 357 2068 Bergk
380 2028 463 2068 Lyr.
489 2036 568 2069 pag.
597 2027 673 2061 64⁴.
706 2028 817 2059 Finxit

120 2077 242 2108 autem
274 2085 295 2108 a
327 2077 453 2117 Paride
488 2077 641 2110 Helenae
678 2078 816 2109 tantum

121 2126 311 2167 imaginem
339 2125 523 2170 (εἴδωλον)
546 2127 815 2160 Lacedaemone

121 2175 261 2207 Troiam
284 2175 477 2209 abductam
500 2185 592 2210 esse.
629 2176 700 2209 Ct’r.
724 2177 817 2208 Gee-

69 2243 74 2246 -
122 2223 207 2256 lium
245 2224 290 2256 de
327 2226 516 2258 Stesichori
558 2226 736 2259 Palinodia
781 2226 817 2258 in

122 2273 244 2306 Museo
266 2274 434 2307 Rhenano
463 2275 559 2308 4838.
584 2276 609 2307 1.
634 2284 670 2317 p.
695 2275 727 2308 8.
768 2276 818 2308 Ex

124 2323 255 2355 Horatii
293 2322 372 2356 loco
410 2323 521 2365 liquet
552 2326 695 2365 poetam
731 2333 819 2366 apo-

123 2372 269 2414 strophe
303 2372 349 2404 ad
382 2373 572 2406 Dioscuros
606 2374 696 2406 facta
733 2382 819 2415 pre-

124 2422 249 2454 catum>
270 2429 373 2462 esse,
415 2423 454 2454 ut
489 2422 555 2454 sibi
581 2423 816 2464 ignoscerent,

125 2478 216 2512 quae
260 2471 295 2503 in
341 2479 465 2503 eorum
509 2480 671 2505 sororem
716 2480 820 2505 com-

126 2519 290 2552 misisset.
315 2519 369 2552 Ad
392 2519 616 2554 clementiam
639 2521 721 2554 ssexi
737 2529 818 2554 cum

126 2570 267 2608 essent,
323 2569 439 2602 visum
483 2569 538 2602 ille
584 2571 818 2612 recuperavit.

128 2617 294 2651 Ceterum
338 2617 457 2658 Plato,
507 2620 705 2659 Isocrates,
755 2620 820 2653 Dio

862 888 1158 929 Chrysostomus,
1191 888 1382 922 Pausanias
1406 887 1559 922 Helenae

863 937 928 978 ipsi
965 936 1030 970 soli
1078 937 1268 970 Stesichori
1306 939 1343 971 et
1387 947 1560 971 excaeca-

862 987 996 1019 tionem
1045 988 1081 1019 et
1128 987 1350 1020 sanationem
1388 988 1558 1020 tribuunt.

864 1036 934 1069 Ct’r.
965 1036 1071 1069 Estre
1105 1037 1187 1069 Hor.
1224 1038 1279 1070 Pr.
1314 1045 1396 1079 pag.
1436 1037 1491 1070 30.
1521 1057 1558 1061 —

860 1085 975 1127 vicem]
993 1086 1049 1118 Sic
1060 1086 1259 1119 Bentleium
1274 1089 1420 1120 secutus
1435 1088 1561 1129 scripsi

863 1144 946 1167 cum
969 1135 1056 1168 Cod.
1082 1135 1322 1169 Mechliniensi
1350 1137 1446 1178 apud
1473 1138 1560 1169 Tor-

863 1185 1018 1217 rentium
1042 1187 1079 1218 et
1100 1194 1171 1218 uno
1194 1186 1296 1218 Feae.
1339 1186 1409 1219 Cfr.
1434 1187 1562 1228 Zumpt

863 1235 1018 1266 Gramm.
1056 1235 1131 1267 Lat.
1156 1234 1188 1276 S.
1213 1234 1289 1268 453.
1336 1236 1428 1268 Cum
1458 1235 1561 1268 nobis

863 1293 934 1316 non
968 1284 1184 1317 crediderint
1214 1285 1443 1326 Bernhardy,
1489 1286 1561 1317 Re-

863 1332 936 1375 gel,
960 1334 1064 1373 Iahn,
1090 1334 1255 1367 addenda
1277 1336 1361 1367 sunt
1384 1333 1559 1376 exempla.

864 1382 974 1416 Plaut.
999 1383 1139 1416 Trucul.
1164 1393 1199 1416 v,
1226 1384 1312 1416 ⁴55:
1338 1385 1431 1424 Quae
1452 1384 1488 1416 in
1501 1392 1563 1416 nos

862 1433 1014 1474 illosque,
1040 1442 1083 1466 ea
1103 1433 1220 1466 omm’a
1234 1433 1292 1465 tibi
1313 1434 1412 1474 dicis,
1437 1435 1563 1466 Dinar-

863 1482 937 1522 chc,
971 1483 1016 1514 Et
1044 1486 1197 1515 nostram
1224 1486 1256 1516 et
1284 1483 1419 1515 illorum
1444 1483 1559 1515 vicem.

864 1531 952 1564 Rud.
988 1532 1028 1570 3,
1056 1533 1092 1571 5,
1132 1532 1197 1565 34:
1250 1533 1312 1565 Vos
1338 1533 1564 1573 respondetote

862 1582 959 1614 istinc
980 1582 1125 1614 istarum
1144 1582 1260 1615 vicem.
1292 1583 1364 1616 Cic.
1394 1582 1439 1614 ad
1463 1583 1559 1615 Fam.

865 1631 904 1671 4,
921 1631 959 1671 9,
980 1631 1018 1663 2:
1043 1635 1195 1664 nostram
1212 1633 1564 1672 vicemultusestipse

862 1689 940 1712 sese.
957 1680 1131 1723 Sulpicius
1146 1681 1193 1714 ad
1209 1682 1281 1715 Cic.
1297 1682 1391 1714 Fam.
1405 1681 1439 1721 4,
1456 1682 1494 1714 5:
1510 1682 1563 1714 An

862 1730 952 1762 iuius
971 1731 1094 1771 vicem,
1117 1732 1232 1770 credo,
1257 1730 1371 1763 doles?
1403 1732 1446 1763 D.
1471 1732 1562 1763 Bru-

863 1780 921 1812 tus
940 1780 1036 1812 Fam.
1059 1780 1118 1821 44,
1144 1781 1208 1813 49ε
1231 1789 1342 1813 meam
1361 1783 1393 1812 et
1412 1783 1561 1812 vestram

862 1830 967 1862 vicem
998 1830 1134 1862 timeam
1164 1838 1292 1862 neceese
1335 1833 1392 1862 est.
1449 1830 1558 1862 Tacit.

864 1880 951 1911 Hist.
977 1879 1013 1918 4,
1038 1879 1103 1911 29:
1154 1880 1286 1920 imperii
1315 1879 1421 1912 vicem
1452 1879 1557 1912 doleo.

863 1927 966 1970 Apul.
983 1929 1065 1961 Met.
1082 1929 1121 1969 9,
1147 1928 1211 1962 ⁴4:
1239 1929 1389 1961 ‹at-eim
1407 1929 1564 1961 vicem--

862 1978 1118 2019 ingemiscerem.
1149 1977 1315 2010 Similiter
1336 1979 1473 2010 Graeci.
1503 1978 1560 2010 Si-

865 2027 999 2060 monid.
1016 2029 1158 2069 Amorg.
1176 2029 1196 2060 7
1209 2053 1217 2068 ,
1236 2028 1312 2060 403.
1339 2027 1557 2061 Schneidew.

864 2077 977 2118 Bergk
1011 2077 1043 2109 6.
1071 2086 1107 2119 p.
1134 2077 1217 2110 506:
1260 2073 1369 2123 Ἀνὴρ
1401 2075 1433 2109 δ’
1468 2071 1563 2109 ὅταν

864 2123 1035 2168 μάλιστα
1085 2124 1274 2169 θυμηδεΐν
1326 2123 1424 2173 δοκῇ
1467 2126 1560 2159 Κατ’

865 2173 975 2208 οἶκον
1009 2171 1037 2217 ἧ
1068 2173 1163 2208 θεοῦ
1189 2178 1334 2223 μοῖραν
1356 2172 1384 2218 ἢ
1406 2171 1561 2222 ἀνθρώ-

866 2235 941 2258 που
964 2222 1078 2270 χάριν
1099 2223 1180 2257 κτλ.
1212 2226 1295 2258 Est:
1322 2226 1474 2258 «sororis
1497 2234 1564 2259 no-

867 2276 962 2308 mine
974 2301 982 2314 ‚
998 2283 1065 2316 pro
1080 2283 1202 2307 sorore
1217 2283 1318 2307 sua.»
1342 2274 1504 2316 Plerique
1519 2283 1563 2307 ex

867 2332 934 2356 usu
964 2324 1169 2365 posterioris
1199 2324 1390 2357 Latinitatis
1422 2324 1560 2365 (Minue.

869 2372 939 2406 Fel.
956 2372 998 2406 40
1014 2382 1021 2404 :
1046 2373 1193 2405 omnivm»
1213 2376 1364 2406 nostrum
1382 2374 1454 2406 vice
1474 2382 1564 2415 qau-

869 2422 956 2464 deo.)
989 2421 1182 2455 ablativum
1203 2415 1409 2455 accusativo'
1429 2421 1564 2455 substi-

870 2473 1024 2505 tuerunt.
1074 2472 1215 2505 Minime
1259 2480 1344 2504 vero
1390 2473 1563 2505 teretiori-

870 2521 938 2555 bus
972 2521 1117 2555 auribus
1150 2520 1292 2564 placere
1319 2523 1437 2564 potest
1459 2522 1563 2556 nimis

870 2570 992 2604 similis
1025 2571 1208 2613 utriusque
1242 2570 1407 2605 versiculi
1451 2572 1563 2604 exitus

869 2621 958 2661 vice,
978 2629 1088 2661 prece.
