1722 2904
181 95 263 138 7122

720 99 892 132 HORATII
916 99 1088 133 EPODON

297 202 406 244 Dum
438 203 584 259 pecori
615 201 742 259 lupus
773 210 814 246 et
843 204 983 247 nautis
1017 204 1193 248 infestus
1224 205 1359 249 Orion

351 282 560 326 Turbaret
590 282 817 326 hibernum
849 298 966 328 mare
986 320 994 336 ,

295 364 580 421 intonsosque
611 365 791 421 agitaret
820 365 1026 423 Apollinis
1057 380 1163 410 aura
1193 367 1390 425 capillos,

349 447 458 489 Fore
489 445 602 489 hunc
633 460 825 489 amorem
855 453 1063 489 mutuum.

1579 450 1630 492 ⁴0

293 527 331 571 O
362 511 546 569 dolitura
577 540 674 569 mea
703 526 884 569 multum
913 527 1067 571 virtute
1097 529 1282 572 Neaera!

349 609 455 650 Nam
486 608 521 650 si
552 607 656 664 quid
688 608 730 649 in
760 607 913 652 Flacco
944 609 1023 651 viri
1054 616 1145 660 est,

292 691 383 733 Non
415 688 522 731 feret
549 688 748 731 assiduas
779 689 933 746 potiori
964 697 1007 733 te
1037 690 1142 735 dare
1173 698 1346 743 nocteS,

351 770 400 812 Et
430 775 610 826 quaeret
627 769 773 812 ‘iratus
803 783 977 827 parem,

292 852 380 894 Nec
411 850 543 893 semel
575 850 766 894 offensae
797 850 922 894 cedet
954 853 1191 896 constantia
1220 853 1404 905 formae,

1578 855 1592 898 ‘l
1603 857 1628 898 5

267 953 299 985 8.
329 952 488 983 Tur-haret
510 950 654 991 BbSTc,
681 952 774 983 LCt:
809 952 964 985 Turbarit
986 962 1005 985 e
1022 963 1067 993 χ,
1091 953 1202 987 altero
1229 955 1315 988 Cod.
1342 956 1474 989 Barthii
1496 957 1583 990 Adv.

223 1003 280 1040 37,
309 1002 361 1033 45.
390 1001 556 1041 (Pottierii
580 1000 618 1040 4,
645 1001 680 1040 9,
707 1001 772 1042 45.)
800 1002 835 1034 et
858 1002 920 1034 Ed.
946 1003 1095 1036 Locheri
1117 1003 1296 1038 Bentleius
1312 1030 1319 1044 ,
1345 1006 1414 1039 FM.
1441 1006 1493 1048 (Ut
1508 1015 1584 1046 nOS,

219 1052 263 1090 J.)
291 1068 326 1073 —
353 1051 385 1082 9.
412 1051 558 1091 agitaret
580 1050 694 1090 BbSc,
720 1051 810 1083 LCt:
843 1052 986 1093 agitarit
1008 1053 1050 1093 T,
1088 1062 1108 1085 e
1133 1053 1245 1087 Codd.
1271 1054 1379 1087 modo
1402 1063 1584 1088 memora-

223 1102 265 1132 tis
282 1100 479 1140 Bentleius,
499 1101 567 1134 FM.
590 1119 626 1124 —
654 1102 706 1133 ⁴2.
731 1101 858 1133 uirium
874 1105 921 1134 est
934 1102 970 1134 T.
993 1121 1029 1125 —
1056 1102 1108 1136 ⁴4.
1128 1104 1261 1144 quaerit
1274 1105 1312 1137 Β.
1337 1122 1369 1128 -
1399 1105 1452 1138 45.
1472 1107 1586 1147 offensi

222 1150 332 1182 Bentl.
357 1152 393 1182 et
417 1151 498 1182 ante
523 1159 606 1182 eum
623 1150 815 1191 GogaviuS,
840 1151 951 1184 iratae
972 1161 991 1184 e
1013 1151 1119 1193 gloss.
1139 1153 1227 1186 Cod.
1250 1154 1403 1186 Pottierii
1426 1156 1583 1196 quartus.

178 1243 296 1274 addita
316 1242 404 1274 vitis.
434 1260 470 1265 —-
491 1242 607 1282 pecori
638 1242 746 1284 lupus]
772 1242 883 1274 «infe-

179 1293 256 1325 stus
273 1291 397 1324 soret.»
420 1291 599 1324 Similibus
615 1293 884 1336 asseverationi—

178 1341 248 1374 bus
261 1342 370 1374 utitur
387 1342 480 1382 Virg.
497 1339 568 1373 Ecl.
588 1342 608 1373 5
621 1366 628 1380 ,
644 1341 685 1373 76
698 1350 778 1383 sqq.
793 1343 880 1374 Aen.

180 1392 218 1430 4,
235 1391 298 1423 607
315 1399 394 1432 sqq.
419 1409 454 1414 -
487 1390 648 1422 Turbaret
673 1393 709 1423 et
736 1392 883 1433 agitaret

178 1441 372 1482 requiritur
388 1449 408 1472 a
423 1449 480 1472 vv.
495 1441 575 1472 Nox
589 1444 663 1472 erat
679 1442 714 1473 et
729 1441 879 1482 iurabas,

178 1492 284 1532 atque
317 1490 479 1531 cogitatio
510 1489 700 1531 utrobique
732 1491 881 1523 vertitur

177 1541 212 1572 in
239 1541 402 1581 tempore
437 1539 658 1581 imperfecto.
707 1540 772 1579 Qui
805 1544 880 1573 tur-

177 1590 299 1621 barit—
315 1589 476 1630 ayitaffit,
518 1589 761 1622 coniunctivos
795 1599 881 1631 per-

178 1639 260 1671 fecti
283 1647 348 1680 pro
365 1639 598 1671 coniunctivis
622 1638 727 1670 futuri
751 1640 877 1680 exacti,

177 1688 394 1730 praeferunt,
413 1689 518 1721 unice
534 1688 730 1730 respiciunt
743 1698 776 1721 v.
794 1690 877 1731 sore.

180 1756 216 1761 --
236 1738 351 1779 Orion]
370 1738 432 1769 Od.
453 1738 566 1778 4,28,
593 1738 647 1770 24.
675 1738 711 1778 3,
737 1739 795 1779 27,
824 1739 877 1771 48.

178 1787 288 1829 Epod.
317 1787 376 1826 40,
403 1787 455 1819 40.
486 1805 521 1810 —-
556 1787 720 1830 Intonsos]
746 1788 810 1821 Od.
839 1789 876 1828 4,

177 1838 214 1869 24
231 1863 238 1877 ,
264 1838 297 1869 2.
326 1855 362 1859 —
389 1836 546 1878 ayitaret]
571 1837 692 1878 Cogita
716 1838 761 1870 de
777 1838 881 1880 Apol-

176 1885 254 1919 linis
279 1885 411 1927 capillis
435 1885 547 1927 longis
571 1887 606 1918 et
628 1887 760 1928 passis,
795 1896 879 1920 sua-

175 1937 267 1968 viter
301 1935 346 1968 ab
382 1944 467 1968 aura
501 1936 607 1968 motis
642 1935 877 1978 (durchwallt,

175 1985 439 2027 durchfdchelt),
477 1986 515 2017 ut
549 1986 604 2018 est
636 1986 671 2018 in
703 1986 878 2020 nonnullis

176 2035 321 2076 picturis
350 2034 514 2076 antiquis.
544 2053 580 2058 —
605 2035 682 2068 Non
705 2035 781 2068 sine
802 2037 877 2068 arte

176 2083 389 2125 imaginibus
414 2093 456 2116 ex
479 2092 602 2116 rerum
630 2085 756 2116 natura
786 2086 879 2127 peti-

176 2134 218 2166 tis
243 2134 385 2166 tertiam
408 2133 565 2174 adiungit
587 2133 874 2175 mythologicam.

176 2183 332 2215 Cunctae
367 2184 489 2216 autem
522 2182 711 2216 manifesto
743 2183 878 2224 signifi-

176 2234 276 2264 cant:
323 2231 487 2264 «iurabas
522 2233 557 2264 te
592 2232 627 2264 in
660 2233 877 2274 perpetuum

175 2282 261 2314 mihi
274 2281 348 2313 fore
362 2280 541 2313 fidelemm
555 2274 764 2323 neutiquam
777 2291 875 2322 ver0,

174 2332 214 2362 ut
246 2330 392 2372 quidam
427 2331 590 2372 opinatus
625 2332 697 2370 est,
738 2331 877 2363 duabus

174 2379 352 2421 prioribus
368 2380 436 2412 hoc
453 2379 636 2412 dumtaxat
651 2379 738 2412 diei:
767 2381 878 2412 «iura-

175 2429 240 2462 bas
264 2431 298 2462 te
324 2430 357 2461 in
380 2430 596 2471 perpetuum
619 2430 692 2461 tam
713 2437 877 2462 aversam

175 2479 250 2512 fore
278 2478 446 2512 rivalibus
480 2479 588 2519 meis,
630 2487 739 2520 quam
773 2478 876 2521 lupus

173 2529 399 2561 insidiaretur
422 2529 562 2569 pecori,
588 2530 624 2561 et
640 2529 744 2561 Orion
762 2530 876 2561 nautis

173 2578 320 2611 infestus
341 2579 475 2617 esset;=›
501 2578 603 2609 tertia
623 2577 771 2610 demum
788 2581 876 2620 poe-

173 2628 229 2659 tae
255 2627 363 2660 fidem
387 2626 431 2659 ab
456 2627 571 2659 amica
595 2626 777 2668 sponderi.

219 2677 336 2709 44-44.
379 2677 404 2708 Ο
428 2676 591 2718 dolitura]
617 2675 706 2710 «Ubi
736 2676 875 2709 videbis

932 1246 990 1270 me
1006 1247 1153 1280 prorsus
1167 1241 1391 1274 renuntiasse
1406 1242 1466 1274 tuo
1481 1242 1629 1277 amori.»

933 1286 1060 1322 Catuli..
1081 1288 1120 1328 8,
1158 1288 1217 1325 ⁴4⁷:
1254 1289 1297 1322 At
1329 1293 1367 1322 tu
1388 1290 1530 1331 dolebis,
1553 1300 1632 1325 cum

930 1337 1103 1379 royaberis
1123 1339 1236 1378 nulla,
1261 1340 1422 1380 Scelesta,
1456 1344 1562 1374 nocto.
1591 1359 1627 1364 ——

930 1395 1007 1419 mea
1022 1387 1152 1429 virtute]
1177 1389 1233 1421 est
1246 1388 1467 1431 simpliciter,
1495 1399 1631 1432 «quan—

930 1437 1008 1468 tum
1022 1436 1058 1470 in
1073 1445 1132 1469 me
1148 1438 1237 1470 est.»
1261 1438 1318 1470 Sic
1326 1437 1436 1471 Plaut.
1450 1439 1580 1473 Bacch.
1594 1439 1628 1480 4,

930 1485 968 1526 4,
986 1486 1048 1519 23:
1074 1487 1203 1520 occasio
1216 1504 1233 1511 -
1245 1489 1351 1521 -Moa
1368 1488 1492 1522 virtute
1507 1492 1627 1530 parta.

930 1534 998 1569 Mil.
1017 1534 1109 1567 Glor.
1135 1535 1173 1576 3,
1199 1537 1237 1577 4,
1264 1536 1344 1570 442ε
1369 1541 1430 1571 tua
1451 1541 1483 1571 te
1504 1539 1631 1572 exvir-

929 1588 996 1617 tute
1029 1588 1060 1617 et
1091 1594 1168 1618 mea
1197 1587 1294 1620 Meae
1327 1587 1416 1620 domi
1449 1588 1626 1629 accipiam.

931 1635 1100 1676 «Omnes,
1130 1636 1259 1677 inquit,
1290 1637 1386 1670 vires
1409 1645 1510 1671 meas
1531 1638 1569 1671 in
1593 1638 1630 1671 id

929 1684 1130 1726 intendam,
1155 1686 1196 1719 ut
1217 1685 1388 1727 perfidiae
1412 1687 1495 1720 tuae
1517 1687 1554 1719 te
1568 1694 1630 1720 ve-

929 1734 1117 1767 hementer
1147 1735 1363 1777 poeniteat.»
1397 1755 1434 1761 -
1479 1737 1627 1780 Neaera]

928 1784 1065 1817 Eodem
1092 1786 1251 1819 Neaerae
1282 1786 1425 1819 nomine
1455 1794 1544 1819 usus
1573 1789 1629 1821 est

929 1842 1012 1866 cum
1035 1834 1199 1867 Horatius
1222 1834 1286 1867 Od.
1303 1835 1342 1875 3,
1367 1835 1429 1876 44,
1454 1836 1525 1877 2⁴..
1550 1837 1627 1870 tum

928 1883 1213 1917 Pseudotibullus
1227 1883 1328 1927 (libro
1335 1885 1419 1927 111.).
1433 1901 1472 1909 -—
1488 1886 1579 1919 Nam
1589 1887 1628 1927 εἰ]

930 1934 1039 1966 «Nam
1062 1934 1092 1966 si
1113 1943 1152 1966 re
1169 1943 1254 1967 vera
1277 1935 1313 1967 in
1335 1942 1395 1967 me
1410 1933 1543 1977 aliquid
1557 1936 1629 1969 vir—

928 1983 1011 2016 tutis
1035 1984 1070 2016 et
1093 1983 1312 2016 constantiae
1333 1985 1404 2024 est,
1429 1990 1500 2017 non
1516 1984 1629 2018 feram

928 2034 963 2065 te
993 2041 1139 2075 semper
1168 2033 1357 2074 gratificari
1390 2033 1490 2067 rivali
1522 2043 1625 2075 meo,

928 2082 988 2122 qui
1019 2082 1114 2123 apud
1143 2084 1177 2115 te
1204 2083 1319 2123 potior
1344 2083 1400 2116 est
1430 2083 1506 2125 (Od.
1523 2083 1563 2124 3,
1587 2083 1642 2124 9,·

927 2131 992 2172 Q),
1029 2131 1094 2164 sed
1130 2139 1302 2173 quaeram
1335 2131 1450 2177 aliam,
1472 2132 1628 2175 puellam

928 2180 1014 2213 mihi
1030 2189 1170 2221 parom,
1188 2181 1412 2222 unanimam,
1429 2181 1540 2215 fidam
1554 2190 1629 2215 me—
1670 2214 1672 2217 ,

927 2230 1066 2271 liusque
1090 2231 1203 2262 amori
1226 2238 1308 2264 meo
1336 2239 1625 2273 responsuram.»

930 2298 965 2303 -
1002 2280 1081 2322 viri]
1115 2281 1192 2312 Ter.
1219 2281 1308 2313 Eun.
1335 2281 1372 2320 4,
1403 2281 1442 2321 2,
1477 2280 1536 2314 74:
1574 2281 1629 2314 Eu

926 2333 1053 2371 noster,
1079 2329 1349 2370 laudoftandem
1359 2330 1549 2370 perdolata·
1570 2331 1626 2363 vir

927 2387 970 2411 es.
994 2397 1029 2402 -
1042 2379 1175 2422 parem]
1206 2379 1335 2412 eadem
1357 2379 1624 2421 significatione,

927 2437 999 2470 qua
1025 2430 1185 2472 Propert.
1205 2430 1242 2470 4,
1275 2430 1311 2470 4,
1341 2429 1402 2462 32:
1437 2430 1519 2463 Sitis
1539 2433 1571 2463 ot
1591 2431 1628 2462 in

927 2481 996 2510 tuto
1029 2487 1157 2519 semper
1193 2487 1308 2511 moro
1340 2487 1461 2519 pares,
1505 2478 1626 2512 «bene

927 2523 1152 2568 conso‘ciati»,
1178 2536 1220 2560 ac
1242 2536 1366 2561 rursus
1390 2529 1427 2568 4,
1453 2529 1493 2568 ὅ,
1518 2529 1550 2561 2.

972 2628 1024 2659 45.
1052 2627 1103 2659 46.
1139 2626 1228 2669 Nec]
1253 2627 1355 2659 «Nec
1377 2626 1407 2660 si
1436 2625 1624 2668 aliquando

926 2678 1026 2710 certo
1050 2685 1091 2708 ac
1114 2684 1200 2708 vero
1223 2675 1344 2709 dolore
1375 2675 1523 2711 affectus
1547 2683 1621 2714 ero,
