1722 2904
184 109 267 150 366

467 213 608 255 Pierio
640 213 849 255 recreatis
881 219 1015 254 antro.

703 108 875 142 HORATII
900 109 1124 142 CARMlNUM

1583 213 1637 254 40

355 320 438 361 Vos
469 319 566 362 lene
597 318 898 362 consiliumet
927 317 1038 360 datis
1069 324 1111 360 et
1141 317 1240 360 dato

354 400 578 449 Gaudetis,
613 399 762 461 almae.
824 399 1009 449 Scimus,
1043 405 1089 440 ut
1120 398 1273 455 impios

413 481 581 524 Titanas
613 476 931 538 immanemque
962 486 1146 522 turmam

468 561 664 604 Fulmine
697 561 917 604 sustulerit
948 560 1141 610 caduco,

354 668 435 719 Qui
467 674 624 710 terram
655 667 857 716 inertem,
891 666 966 724 qui
997 680 1117 709 mare
1147 673 1360 723 temperat

748 743 783 750 „-

1585 666 1639 707 45

274 837 326 869 43.
353 836 485 868 turbam
509 836 570 868 bT.
601 854 636 858 —
662 835 716 868 44.
742 835 881 876 caduco]
906 844 1043 867 corusco
1058 810 1178 868 VBentl.
1205 835 1295 867 coni.

185 992 286 1031 bant,
317 991 580 1024 substituerunt
602 990 687 1023 falsa
711 990 767 1023 vel
790 991 889 1023 abdi—

185 1042 248 1081 dit.
282 1041 337 1074 vel
367 1041 526 1080 reddidit,
552 1040 598 1072 ad
624 1040 720 1081 quod
747 1042 890 1082 postre-

185 1101 284 1123 mum
309 1091 462 1123 verbum
487 1089 641 1122 conferri
664 1091 782 1131 potest
803 1091 886 1122 Tac.

185 1143 273 1173 Ann.
295 1141 331 1179 4,
360 1141 418 1172 47;
439 1140 634 1180 praetorias
648 1140 813 1179 cohortes,
836 1157 855 1163 -
869 1156 890 1163 -

186 1199 272 1230 quae
282 1193 357 1230 post
367 1190 506 1222 sedecim
518 1198 626 1221 annos
635 1189 812 1229 penatibus
822 1189 890 1221 suis

184 1240 386 1277 reddantur,
405 1240 473 1271 cet.
501 1238 571 1271 Sed
586 1240 765 1279 Augustus
779 1239 886 1280 (Suet.

186 1290 260 1321 Oct.
274 1289 287 1320 4
295 1289 339 1330 3.)
349 1291 523 1321 veteranos
532 1288 788 1328 municipalibus
796 1288 890 1330 ayris

186 1337 390 1377 collocavit,
428 1339 464 1370 et
498 1340 588 1370 teste
623 1338 735 1370 Dione
766 1338 888 1370 Cassio

185 1388 239 1427 53,
266 1389 319 1420 25.
339 1396 433 1419 anno
450 1387 525 1419 729.
545 1387 715 1428 optimam
733 1388 807 1428 agri
824 1388 889 1419 Sa-

186 1437 363 1470 lassorum
386 1439 526 1478 partem
550 1436 766 1478 quibusdam
782 1446 889 1478 prae—

186 1487 407 1519 torianorum
419 1486 528 1525 dedit,
544 1485 605 1517 ubi
618 1486 760 1518 condita
772 1488 890 1527 Augu-

187 1537 240 1568 sta
265 1536 445 1568 Praetoria
463 1536 508 1576 (h.
525 1535 652 1577 Aona),
678 1536 764 1568 item
790 1535 885 1576 (ibid.

187 1585 226 1618 C.
244 1585 312 1626 26.)
337 1584 506 1616 militibus
533 1584 689 1617 dimissis
715 1584 888 1626 oppidum

186 1635 222 1667 in
244 1635 439 1674 Lusitania,
466 1636 661 1675 Augustam
684 1635 888 1667 Emeritiam

188 1685 233 1725 (h.
247 1683 408 1725 Μονίάα),
430 1684 660 1716 condendum
677 1684 791 1722 dedit;
818 1693 888 1717 non

187 1734 291 1774 igitur
322 1741 387 1765 suo
418 1734 569 1774 quisque
601 1733 732 1775 oppido
756 1734 889 1766 redde-

187 1783 311 1820 batur;
330 1782 395 1814 alia
409 1783 572 1815 condicio
585 1785 682 1815 certe
696 1785 774 1815 erat
787 1792 891 1825 prae-

189 1833 420 1865 torianorum.
455 1833 506 1864 De
530 1832 771 1866 hibernaculis
788 1832 890 1865 deni-

187 1890 258 1923 que
272 1880 364 1913 male
381 1881 539 1914 nonnulli
554 1883 638 1915 sunt
653 1882 887 1924 interpretati,

188 1940 280 1973 quae
303 1930 544 1964 desideratam
566 1933 649 1973 post
667 1930 810 1973 longam
826 1932 892 1964 mi-

188 1982 297 2014 litiam
326 1990 369 2013 ac
397 1983 609 2022 perpetuam
639 1982 798 2022 quietem
820 1981 890 2013 mi-

189 2032 284 2064 nime
308 2030 572 2072 praebuissent.
598 2030 638 2062 Id
654 2039 798 2071 quoque
815 2039 892 2063 mo-

190 2081 365 2119 nendum,
401 2079 482 2112 lect.
509 2080 636 2112 abdidit
663 2079 708 2112 de
740 2080 890 2113 fortissi-

189 2131 288 2164 simis
312 2128 483 2162 militibus
500 2137 699 2170 eorumque
719 2131 889 2171 praemiis

189 2180 402 2221 usurpatum
426 2179 547 2210 nescio
571 2178 656 2219 quid
689 2178 825 2220 inglorii
846 2188 889 2212 ac

189 2237 299 2271 prope
323 2228 545 2269 ignominiosi
567 2227 715 2260 habere.

233 2278 286 2311 40.
322 2277 585 2318 Pierio-antro]
622 2277 684 2309 ubi
708 2278 890 2311 Musarum

190 2335 366 2360 recessus.
405 2327 503 2359 Pind.
540 2327 642 2368 Pyth.
679 2327 715 2366 6.
752 2327 806 2360 48.
844 2327 890 2360 de

189 2375 433 2415 Thrasybulo:
458 2374 606 2422 δρέπων
621 2376 774 2417 Σοφίαν
795 2374 827 2408 δ’
849 2375 891 2409 ἐν

188 2428 353 2467 μυχοῖσι
389 2423 586 2470 Πιερίδων.
645 2425 890 2468 Eloquentiam

190 2476 312 2506 autem
350 2474 538 2515 studiaque
576 2474 731 2507 liberalia
770 2476 892 2516 Augu-

191 2526 287 2555 stum
315 2523 443 2564 cupide
468 2531 510 2555 ac
533 2523 809 2558 laboriosissime
833 2533 893 2556 ex-

192 2572 368 2611 ercuisse,
403 2573 580 2613 poeticam
614 2582 757 2615 quoque
791 2582 892 2607 sum-

195 2621 318 2654 matim
355 2621 509 2662 attigisse
557 2622 661 2654 tradit
703 2623 890 2655 Suetonius

194 2669 248 2701 84.
285 2670 339 2702 85.

982 990 1036 1022 44.
1071 990 1142 1022 lene
1174 989 1363 1031 consilium]
1400 990 1640 1023 «moderatio-
1700 967 1701 970 Ἰ

932 1048 1023 1072 nem
1060 1041 1097 1071 et
1134 1038 1403 1078 clementiam»,
1444 1048 1516 1081 qua
1553 1048 1639 1073 sane

939 1089 1151 1122 Octavianus
1175 1097 1261 1122 usus
1277 1090 1333 1121 est
1353 1090 1435 1130 post
1449 1090 1640 1122 Antonium

939 1147 1163 1180 oppressum.
1182 1138 1265 1179 (Cfr.
1285 1138 1384 1171 Pind.
1404 1139 1509 1180 Pyth.
1526 1140 1560 1179 5,
1577 1140 1614 1172 64
1631 1149 1637 1170 ;

940 1186 1083 1229 (Apollo)
1112 1185 1248 1220 δίδωσί
1268 1197 1309 1220 τε
1332 1187 1485 1221 Μοῖσαν
1506 1183 1567 1230 οἷς
1588 1183 1641 1220 ἄν

938 1235 1051 1283 ἐθέλῃ
1070 1233 1279 1279 Ἀπόλεμον
1302 1233 1457 1281 ἀγαγών
1469 1233 1532 1279 Ἐς
1547 1247 1643 1284 πρα-

938 1285 1049 1328 πίδας
1071 1283 1283 1330 εὐνομίαν.)
1310 1306 1346 1311 --
1373 1288 1554 1321 Consilium
1573 1296 1642 1320 au-

938 1338 1012 1368 tem
1042 1337 1077 1369 h.
1109 1336 1131 1369 l.
1164 1336 1388 1378 trisyllabum
1411 1346 1478 1379 per
1506 1346 1640 1371 συνεκ-

938 1384 1138 1429 φώνησιν,
1174 1389 1214 1421 ut
1245 1387 1310 1420 Od.
1332 1387 1370 1428 3,
1400 1387 1439 1427 6,
1469 1387 1501 1420 6.
1536 1387 1640 1428 prin-

937 1437 1071 1477 cipium.
1114 1437 1215 1469 Conf.
1233 1437 1303 1469 Sat.
1329 1438 1367 1476 4,
1391 1437 1428 1476 8,
1453 1435 1508 1470 43.
1533 1438 1571 1477 2,
1597 1437 1639 1476 2,

938 1487 992 1519 2⁴.
1018 1487 1056 1526 2,
1082 1486 1119 1526 s,
1146 1487 1178 1518 4.
1203 1487 1297 1528 virg.
1321 1487 1409 1519 Aen.
1435 1487 1475 1526 2,
1499 1485 1577 1520 442.

981 1560 1035 1594 42.
1062 1560 1231 1602 Gaudetis]
1258 1561 1361 1602 «quia
1385 1559 1571 1594 consilium
1591 1560 1638 1594 ab

937 1611 1095 1651 Augusto
1118 1610 1299 1651 sapienter
1313 1610 1504 1652 acceptum
1525 1609 1640 1644 bonos

938 1659 1009 1691 iam
1032 1658 1142 1692 habet
1164 1660 1348 1692 eventus.»
1375 1677 1413 1682 —
1430 1659 1505 1692 lam
1526 1657 1640 1701 lyrica

937 1708 1079 1741 licentia
1106 1709 1204 1740 varia
1235 1709 1479 1742 monstrorum
1508 1717 1640 1750 genera

938 1758 996 1790 hic
1012 1757 1291 1798 confunduntur,
1317 1766 1360 1790 ac
1375 1758 1405 1790 si
1423 1758 1497 1790 Iovi
1511 1757 1639 1800 disque

939 1807 1069 1840 ceteris
1090 1805 1227 1839 bellum
1241 1815 1313 1839 una
1327 1805 1530 1840 intulissent
1545 1807 1642 1840 Cen-

938 1857 1077 1897 timani,
1102 1857 1262 1897 Titanes,
1288 1856 1453 1897 Gigantes
1468 1857 1642 1899 anguipe-

940 1906 1021 1946 des‚
1047 1906 1238 1948 Typhoeus
1260 1906 1317 1938 his
1332 1906 1527 1948 posterior,
1550 1905 1640 1939 Aloi-

940 1955 1023 1994 dae,
1051 1956 1229 1988 Centauri.
1255 1955 1327 1988 Cfr.
1345 1955 1489 1988 Hesiod.
1506 1955 1638 1998 Theog.

939 2005 1014 2038 680.
1051 2003 1212 2046 Apollod.
1239 2005 1276 2045 4,
1303 2004 1339 2044 4,
1373 2005 1405 2037 6.
1440 2005 1641 2038 Antimachi

939 2055 993 2087 Fr.
1008 2053 1062 2087 43.
1077 2053 1239 2086 Diibner:
1259 2053 1447 2098 Γηγενέας
1466 2062 1509 2087 τε
1521 2051 1641 2096 θεοὺς

939 2103 1303 2149 προτερηγενέας
1330 2113 1371 2136 τε
1398 2099 1573 2147 Τιτῆνας.
1601 2122 1638 2128 -

940 2153 1110 2186 Ceterum
1145 2153 1190 2185 de
1220 2153 1426 2186 discrimine
1455 2154 1550 2187 inter
1579 2154 1641 2187 Gi-

939 2202 1204 2244 gantomachias
1213 2203 1538 2236 etTitanomachias
1544 2202 1640 2245 apud

939 2252 1063 2294 poetas
1087 2252 1123 2284 et
1144 2251 1300 2284 artifices
1316 2251 1380 2284 cfr.
1400 2252 1560 2285 Gerhard
1579 2253 1642 2286 Va-

939 2309 1079 2343 senqem.
1105 2301 1203 2334 Tom.
1229 2301 1254 2333 1.
1280 2309 1316 2343 p.
1341 2300 1418 2334 204.

983 2374 1038 2408 43.
1056 2373 1111 2407 44.
1136 2374 1381 2415 immanemque
1401 2376 1560 2419 timeon]
1581 2377 1640 2410 'ri-

940 2427 1063 2457 tanum
1085 2421 1386 2468 ἐπεξηγητικῶς,
1410 2427 1450 2458 ut
1463 2435 1498 2459 v.
1517 2424 1550 2460 4.
1564 2427 1641 2469 fidi-

940 2474 1000 2507 bus
1032 2474 1230 2514 citharaque
1261 2475 1389 2508 PM.
1428 2491 1463 2498 —
1499 2475 1638 2517 caduco]

943 2523 1149 2556 «celerrime
1173 2524 1329 2566 desuper
1350 2525 1540 2557 irruente.»
1570 2525 1639 2558 Ga-

941 2574 1019 2606 dere
1040 2573 1138 2606 haud
1159 2582 1240 2606 raro
1264 2574 1371 2606 etiam
1392 2573 1438 2607 de
1460 2573 1503 2606 iis
1525 2573 1640 2619 fulmi-

941 2622 1059 2662 nibus,
1074 2631 1166 2663 quae
1179 2622 1308 2655 feriunt
1320 2633 1327 2662 ;
1345 2622 1491 2656 Bentleii
1501 2631 1638 2656 cor-mco

942 2673 1038 2704 esset
1051 2671 1227 2705 ἐπίθετον
1243 2680 1342 2706 mere
1358 2680 1505 2712 ornans,
1527 2672 1637 2705 immo
