1722 2904
158 34 238 75 730

705 38 876 71 HORATll
898 37 1069 71 EPODON

269 139 542 183 Adulteretur
572 148 613 183 et
643 141 841 185 columba
871 142 1024 193 miluo,

215 220 401 264 Credula
430 235 512 265 nec
541 236 668 265 ravos
699 223 874 266 timeant
903 230 1095 267 armenta
1125 224 1294 274 leones,

267 303 477 360 Ametque
508 302 622 346 salsa
652 303 760 346 levis
790 304 936 348 hircus
966 319 1170 363 aequora.

213 385 348 435 Haec,
381 390 424 427 et
445 398 559 442 quae
579 391 781 442 poterunt
800 385 966 429 reditus
987 385 1244 430 abscindere
1264 386 1434 434 dulces,
1550 387 1604 429 30

1581 388 1600 409 μ

269 465 426 508 Eamus
457 466 594 508 omnis
626 473 850 510 exsecrata
879 467 1050 517 civitas,

208 548 290 588 Aut
318 560 419 603 pars
451 546 623 589 indocili
653 546 807 590 melior
835 561 988 605 grege3
1019 548 1159 592 mollis
1188 555 1231 592 et
1257 562 1416 605 exspes

268 627 502 670 [nominata
531 627 767 684 perprimat
795 628 977 672 cubilia!

241 759 282 790 V.
308 757 361 790 32.
388 757 490 790 deest
512 766 578 791 suo
601 757 680 791 loco
703 760 738 791 in
765 759 790 791 B
816 761 852 791 et
874 759 1002 801 legitur
1027 761 1108 802 post
1134 769 1167 792 v.
1185 760 1239 792 39.
1261 779 1297 783 —
1323 760 1376 793 33.
1401 763 1560 801 ravosB,

197 809 363 850 quattuor
374 807 562 848 Blandinii,
589 809 767 850 Cruquius
784 811 819 841 et
830 808 1013 841 Bentleius
1028 818 1035 840 :
1059 811 1167 851 slavos
1182 809 1281 843 bSTc
1296 835 1303 849 ,
1330 811 1464 843 «maior
1478 819 1562 852 pars

200 857 336 890 Codd.»
360 857 529 896 Bentleii,
556 858 666 897 tFMJ,
690 867 805 890 saevos
826 868 871 901 yv
885 882 894 898 ,
920 859 1075 891 Pottierii
1097 859 1239 899 tertius,
1263 859 1372 901 fulvos
1393 859 1515 893 Lamb.

152 976 226 1007 tulit
249 976 288 1007 cle
309 975 471 1016 sanquine
493 975 607 1016 fetwn.
637 994 673 998 -
697 975 852 1016 Credula]

153 1034 314 1058 «summa
338 1025 409 1056 iam
433 1024 562 1057 fiducia
585 1024 745 1066 praedita
768 1034 854 1066 pro-

152 1076 233 1116 pter
265 1074 408 1107 leonum
439 1074 787 1107 mansuetudinem.»
814 1092 850 1097 -

151 1125 263 1164 ravos]
290 1123 420 1157 «oculis
444 1125 538 1157 ravis
555 1125 590 1156 et
604 1124 772 1156 atrociter
786 1122 854 1156 ful-

153 1173 352 1214 gentibus.»
375 1174 488 1206 Varro
511 1175 550 1206 R.
568 1174 607 1206 R.
625 1174 664 1213 2,
690 1174 722 1206 2.
748 1173 854 1205 docet

153 1223 282 1255 arietes
317 1232 398 1256 esse
435 1223 569 1256 debere
601 1224 696 1255 ravis
727 1223 851 1263 oculis,

155 1274 240 1314 Cap.
255 1273 287 1304 9.
307 1282 434 1305 canem
448 1273 661 1315 nigrantibus
672 1276 733 1305 aut
746 1273 850 1305 ravis.

151 1322 214 1355 Alii
244 1323 464 1364 interpretati
487 1324 570 1356 sunt
592 1323 638 1355 de
667 1322 767 1364 pellis
791 1331 854 1355 co-

151 1372 244 1412 lore,
269 1374 309 1404 ut
332 1374 387 1405 est
409 1373 504 1415 apud
525 1373 643 1414 Eurip.
659 1374 763 1405 Herc.
782 1372 849 1404 fur.

152 1422 233 1454 360:
270 1421 444 1463 λέοντος,
469 1420 628 1469 Πυρσοῦ
644 1441 664 1447 -
679 1439 700 1445 -
714 1420 849 1469 θηρός.

152 1471 222 1504 Cfr.
242 1472 305 1505 Od.
324 1473 362 1511 3,
379 1473 438 1512 27,
457 1473 494 1505 3:
519 1474 646 1505 Rava-
661 1473 753 1512 lupa.
780 1473 853 1504 Ho-

152 1522 262 1554 ratius
284 1522 427 1554 videtur
444 1523 665 1564 expressisse
689 1522 853 1554 Homeri-

152 1580 235 1603 cum
249 1572 323 1613 (Od.
338 1570 370 1611 λ,
390 1571 478 1612 644.)
504 1572 672 1617 χαροποί
691 1581 732 1603 τε
749 1570 852 1603 λέον-

152 1630 224 1661 τες.
271 1621 383 1654 Gloss.
409 1621 540 1654 Pbilox.
571 1631 694 1662 ravus,
731 1630 852 1667 χαρο-

150 1670 234 1711 πός.
273 1672 404 1703 Firmat
426 1672 517 1703 hanc
539 1671 620 1704 lect.
648 1671 734 1705 Cod.
760 1672 851 1704 anti-

148 1722 262 1762 quiss.
287 1722 325 1753 B.
351 1720 508 1754 Aliorum
529 1723 635 1764 slavos
657 1722 693 1754 h.
718 1721 740 1754 l.
760 1722 851 1754 otio-

149 1779 230 1803 sum
254 1772 309 1803 est
331 1779 399 1803 nec
422 1772 507 1804 satis
529 1769 663 1817 κύριον
685 1780 750 1813 pro
779 1771 850 1812 ful-

147 1830 216 1853 vos.
255 1821 359 1862 (Virg.
385 1823 472 1853 Aen.
490 1822 530 1861 2,
556 1822 646 1863 722.)
671 1820 754 1860 Alii,
788 1822 849 1863 qui

149 1880 220 1904 non
251 1871 363 1911 magis
390 1881 424 1903 v,
453 1880 555 1903 ravos
589 1870 847 1912 intelligebant,

149 1921 408 1953 substituerunt
422 1929 548 1960 saevos,
566 1922 605 1952 ut
621 1920 730 1953 C2dd.
749 1921 845 1952 Leid.

153 1989 187 1993 —
213 1970 303 2011 levis]
330 1969 436 2003 «levis
453 1969 582 2012 (λεῖος)
602 1970 715 2003 factus
739 1970 850 2002 instar

148 2020 272 2061 piscis,
313 2028 394 2052 eum
430 2021 555 2052 natura
589 2019 733 2053 villosus
768 2021 847 2052 sit.»

147 2070 288 2102 Dictum
312 2070 367 2101 est
388 2078 455 2110 per
477 2066 687 2115 πρόληψιν.

192 2120 233 2151 35
245 2137 264 2142 -
276 2118 329 2151 40.
357 2120 446 2151 Haec
461 2137 480 2142 -
494 2137 514 2142 -
529 2120 722 2159 exsecrata]
761 2119 847 2151 «His

146 2169 238 2202 votis
262 2177 344 2200 cum
368 2169 611 2201 exsecratione
629 2169 845 2210 conceptis.»

148 2219 210 2250 Vv.
237 2222 413 2250 cvsecrata
434 2219 553 2251 civitas
578 2227 661 2250 cum
683 2219 717 2250 vi
740 2227 848 2259 repe-

148 2268 207 2300 tita
224 2269 307 2300 sunt
322 2276 366 2299 ex
380 2277 413 2299 v.
433 2268 485 2300 48.
508 2285 543 2290 —
561 2268 695 2300 indocili
706 2285 724 2290 -
734 2268 848 2308 φερε]

149 2316 278 2358 «volgo
317 2318 481 2358 imperito
496 2343 503 2357 ,
544 2318 600 2349 cui
638 2317 847 2359 persuaderi

147 2368 270 2408 nequit
295 2365 422 2400 melius
446 2376 526 2400 esse
551 2366 752 2408 relinquere
781 2376 847 2409 pa-

148 2417 251 2448 triam
267 2426 375 2458 quam
391 2418 601 2450 servitutem
617 2417 767 2455 servire;
789 2417 847 2449 hic

147 2475 231 2506 grex
260 2466 527 2508 (contemptim)
559 2466 782 2506 effeminatus
812 2468 848 2498 ct

147 2517 294 2556 propter
331 2516 488 2548 animum
533 2515 713 2548 abiectum
751 2517 847 2548 omni

147 2573 210 2605 spe
235 2565 381 2598 meliore
406 2565 595 2598 destitutus
620 2565 783 2598 desidem
798 2567 847 2597 at-

905 984 986 1008 mae
1020 976 1179 1017 pigritiae
1214 977 1309 1009 notio
1347 977 1439 1010 inest
1476 977 1511 1010 in
1544 986 1602 1010 vv.

900 1026 1091 1066 perprimat
1105 1025 1247 1066 cubilia,
1275 1025 1524 1060 «somniculosi
1542 1027 1605 1059 ho-

904 1076 1018 1108 mines
1051 1076 1226 1117 perpetuo
1261 1084 1304 1108 ea
1337 1077 1504 1117 premant
1537 1076 1605 1110 do-

904 1125 1024 1166 mique
1049 1124 1270 1158 desideant.»
1302 1124 1458 1167 (proprie
1481 1126 1605 1159 durch—

902 1175 1020 1216 layern
1026 1184 1039 1214 ,·
1054 1175 1272 1207 «Forcbraten
1286 1175 1354 1216 auf
1361 1176 1604 1208 doenPolster..

902 1224 1018 1265 Voss.)
1046 1242 1083 1249 -
1108 1224 1221 1265 tollite]
1244 1225 1285 1256 ut
1306 1224 1394 1266 Epp.
1411 1222 1456 1265 '⁴‚
1482 1225 1536 1264 ⁴2,
1561 1225 1600 1258 3:

904 1273 989 1306 Tolle
1003 1274 1172 1314 querelas;
1192 1272 1365 1315 «pellite»,
1382 1275 1422 1306 ut
1433 1283 1478 1306 ex
1489 1273 1600 1308 Gloss.

901 1322 1035 1356 habent
1051 1323 1163 1356 Codd.
1177 1322 1321 1365 aliquot.
1335 1322 1534 1356 Archiloch.
1545 1325 1600 1357 Fr.

901 1374 941 1413 8,
965 1373 997 1405 9.
1021 1373 1147 1405 Schn.:
1173 1369 1272 1405 ἀλλὰ
1293 1370 1459 1412 τάχιστα
1481 1371 1601 1416 Τλῆτε

902 1424 1121 1466 γυναικεῖον
1158 1422 1301 1463 πένθος
1336 1419 1600 1466 ἀπωσάμενοι.

905 1491 941 1496 —-
951 1472 1166 1505 Felicissime
1179 1473 1299 1505 autem
1312 1471 1484 1518 gloriosae
1497 1473 1603 1506 huius

901 1522 1003 1563 fugae
1016 1521 1237 1555 celeritatem
1252 1522 1338 1564 ipsis
1354 1523 1513 1556 numeris
1528 1524 1601 1556 tam

899 1571 1113 1611 volubilibus
1128 1572 1304 1613 expressit
1314 1573 1431 1614 poeta.
1449 1589 1487 1596 -
1499 1581 1604 1614 prae-

900 1625 951 1654 ter
965 1640 985 1646 -
997 1622 1117 1664 volate]
1139 1620 1346 1654 «celerrime
1361 1623 1603 1663 praeternavi-

900 1673 979 1712 gate
992 1672 1129 1704 Etrusci
1144 1671 1253 1704 maris
1278 1670 1393 1711 litora,
1420 1673 1459 1704 ut
1474 1679 1602 1714 perve-

900 1722 1002 1753 niatis
1025 1721 1060 1753 in
1076 1721 1258 1753 Oceanum
1275 1719 1524 1754 Atlanticum.»
1547 1721 1600 1754 De

900 1770 1001 1803 solito
1024 1779 1149 1803 earum
1177 1771 1320 1804 navium
1351 1779 1475 1811 cursu,
1506 1779 1599 1812 quae

900 1819 1025 1853 Gallias
1046 1822 1083 1852 et
1103 1820 1289 1862 Hispanias
1310 1821 1475 1862 petentes
1491 1828 1599 1862 prae-

899 1869 1134 1902 tervehebant
1147 1871 1267 1902 ruinas
1275 1871 1319 1903 Et
1333 1870 1500 1902 desolatae
1511 1879 1601 1903 moe-

898 1921 958 1952 nia
986 1920 1085 1961 foeda
1115 1920 1234 1961 Cosae,
1262 1937 1282 1944 ·
1308 1938 1328 1944 -
1358 1921 1528 1962 §quatum
1556 1919 1599 1952 ab

898 1970 1036 2002 Hercule
1055 1973 1192 2010 portum
1227 1969 1320 2011 (sive
1344 1970 1538 2012 Cosanum)
1563 1970 1601 2002 et

898 2022 1041 2061 portum
1064 2021 1267 2052 Lunensem
1300 2018 1483 2062 (carrara)
1514 2019 1598 2053 vide

899 2069 1013 2102 Rutilii
1035 2070 1259 2102 Itinerarium
1283 2070 1321 2108 ⁴,
1345 2069 1422 2102 285.

941 2118 978 2152 4⁴
999 2137 1019 2142 -
1034 2118 1088 2151 42.
1131 2119 1383 2160 circumeam]
1419 2119 1459 2151 ut
1495 2118 1593 2151 ovid.

898 2170 978 2202 Met.
1006 2169 1066 2208 ⁴5,
1102 2168 1183 2200 739:
1226 2169 1441 2211 circumfluus
1473 2169 1592 2200 onmis.

899 2218 1054 2250 Haerent
1076 2218 1287 2259 interpretes
1319 2218 1355 2249 in
1388 2226 1447 2250 vv.
1476 2217 1597 2250 distin-

898 2269 1025 2308 ctione,
1045 2277 1127 2300 cum
1140 2267 1195 2300 alii
1211 2267 1368 2302 habeant
1379 2267 1408 2309 l)
1422 2268 1593 2306 nostram,

899 2326 990 2359 quae
1026 2317 1094 2349 hoc
1127 2316 1322 2358 significat:
1364 2318 1453 2349 «Nos
1483 2320 1597 2349 manet

899 2368 1048 2399 Oceanus
1077 2368 1332 2408 circwmvayus,
1366 2361 1594 2412 ἀψόῤῥοος,

898 2413 1023 2448 πάντα
1064 2414 1235 2456 κυκλῶν,
1286 2416 1346 2457 qui
1389 2424 1435 2448 ex
1477 2415 1595 2457 prisca

899 2467 1082 2498 hominum
1099 2466 1262 2508 opinione
1284 2467 1398 2498 totum
1419 2466 1596 2497 ten-arum

898 2516 1024 2548 orbem
1062 2515 1299 2554 circumfluit;
1339 2515 1394 2556 (ut
1426 2512 1591 2555 Aeschyl.

899 2567 1015 2597 Prom.
1035 2564 1114 2597 ⁴38:
1142 2561 1220 2597 Τοῦ
1236 2564 1321 2610 περὶ
1335 2560 1466 2596 πᾶσάν
1486 2562 1524 2595 θ’
1541 2562 1595 2594 εἰ·

148 2622 217 2653 que
235 2615 422 2648 infaustam
437 2616 546 2648 vitam
563 2613 676 2656 agat.»
696 2634 730 2638 —
749 2616 850 2648 Sum·
899 2612 1134 2656 λισσομένου
1151 2611 1273 2646 Χθόν’
1291 2609 1492 2656 ἀκοιμήτῳ
1506 2608 1595 2658 ῥεύ-
