<?xml version="1.0" encoding="UTF-8"?>
<!DOCTYPE html PUBLIC "-//W3C//DTD XHTML 1.0 Transitional//EN"
    "http://www.w3.org/TR/xhtml1/DTD/xhtml1-transitional.dtd">
<html xmlns="http://www.w3.org/1999/xhtml" xml:lang="en" lang="en">
 <head>
  <title>
</title>
<meta http-equiv="Content-Type" content="text/html;charset=utf-8" />
  <meta name='ocr-system' content='tesseract 3.04.00' />
  <meta name='ocr-capabilities' content='ocr_page ocr_carea ocr_par ocr_line ocrx_word'/>
</head>
<body>
  <div class='ocr_page' id='page_1' title='image "./qhoratiusflaccus12horauoft_0013.png"; bbox 0 0 1722 2904; ppageno 0'>
   <div class='ocr_carea' id='block_1_1' title="bbox 631 110 792 145">
    <p class='ocr_par' dir='ltr' id='par_1_1' title="bbox 631 110 792 145">
     <span class='ocr_line' id='line_1_1' title="bbox 631 110 792 145; baseline -0.012 0"><span class='ocrx_word' id='word_1_1' title='bbox 631 112 711 145; x_wconf 76' lang='lat' dir='ltr'>un.</span> <span class='ocrx_word' id='word_1_2' title='bbox 734 110 792 145; x_wconf 88' lang='lat'>111.</span> 
     </span>
    </p>
   </div>
   <div class='ocr_carea' id='block_1_2' title="bbox 838 80 946 144">
    <p class='ocr_par' dir='ltr' id='par_1_2' title="bbox 838 80 946 144">
     <span class='ocr_line' id='line_1_2' title="bbox 838 80 946 144; baseline -0.009 0"><span class='ocrx_word' id='word_1_3' title='bbox 838 112 877 144; x_wconf 88' lang='lat' dir='ltr'>c.</span> <span class='ocrx_word' id='word_1_4' title='bbox 902 80 946 143; x_wconf 67' lang='grc' dir='ltr'>ιζ</span> 
     </span>
    </p>
   </div>
   <div class='ocr_carea' id='block_1_3' title="bbox 314 213 1124 272">
    <p class='ocr_par' dir='ltr' id='par_1_3' title="bbox 314 213 1124 272">
     <span class='ocr_line' id='line_1_3' title="bbox 314 213 1124 272; baseline -0.005 -12"><span class='ocrx_word' id='word_1_5' title='bbox 314 217 378 260; x_wconf 89' lang='lat' dir='ltr'>Sit</span> <span class='ocrx_word' id='word_1_6' title='bbox 401 215 558 261; x_wconf 87' lang='lat' dir='ltr'>maior:</span> <span class='ocrx_word' id='word_1_7' title='bbox 588 228 730 272; x_wconf 86' lang='lat' dir='ltr'>aequa</span> <span class='ocrx_word' id='word_1_8' title='bbox 757 213 854 272; x_wconf 85' lang='lat' dir='ltr'>lege</span> <span class='ocrx_word' id='word_1_9' title='bbox 881 214 1124 258; x_wconf 78' lang='lat' dir='ltr'><strong>Necessitas</strong></span> 
     </span>
    </p>
   </div>
   <div class='ocr_carea' id='block_1_4' title="bbox 365 295 1003 353">
    <p class='ocr_par' dir='ltr' id='par_1_4' title="bbox 365 295 1003 353">
     <span class='ocr_line' id='line_1_4' title="bbox 365 295 1003 353; baseline -0.003 -13"><span class='ocrx_word' id='word_1_10' title='bbox 365 297 549 340; x_wconf 81' lang='lat' dir='ltr'><strong>Sortitur</strong></span> <span class='ocrx_word' id='word_1_11' title='bbox 575 295 764 353; x_wconf 54' lang='lat' dir='ltr'>insignes</span> <span class='ocrx_word' id='word_1_12' title='bbox 788 301 838 338; x_wconf 83' lang='lat' dir='ltr'>et</span> <span class='ocrx_word' id='word_1_13' title='bbox 866 295 1003 346; x_wconf 79' lang='lat' dir='ltr'>imos3</span> 
     </span>
    </p>
   </div>
   <div class='ocr_carea' id='block_1_5' title="bbox 1472 293 1530 335">
    <p class='ocr_par' dir='ltr' id='par_1_5' title="bbox 1472 293 1530 335">
     <span class='ocr_line' id='line_1_5' title="bbox 1472 293 1530 335; baseline 0 0"><span class='ocrx_word' id='word_1_14' title='bbox 1472 293 1530 335; x_wconf 72' lang='lat'>⁴5</span> 
     </span>
    </p>
   </div>
   <div class='ocr_carea' id='block_1_6' title="bbox 422 377 1233 433">
    <p class='ocr_par' dir='ltr' id='par_1_6' title="bbox 422 377 1233 433">
     <span class='ocr_line' id='line_1_6' title="bbox 422 377 1233 433; baseline -0.004 -13"><span class='ocrx_word' id='word_1_15' title='bbox 422 377 563 421; x_wconf 90' lang='lat' dir='ltr'>Omne</span> <span class='ocrx_word' id='word_1_16' title='bbox 590 389 727 433; x_wconf 81' lang='lat' dir='ltr'>capax</span> <span class='ocrx_word' id='word_1_17' title='bbox 754 382 899 419; x_wconf 89' lang='lat' dir='ltr'>movet</span> <span class='ocrx_word' id='word_1_18' title='bbox 926 389 1035 418; x_wconf 89' lang='lat' dir='ltr'>urna</span> <span class='ocrx_word' id='word_1_19' title='bbox 1064 388 1233 418; x_wconf 85' lang='lat' dir='ltr'>nomen.</span> 
     </span>
    </p>
   </div>
   <div class='ocr_carea' id='block_1_7' title="bbox 307 480 1182 698">
    <p class='ocr_par' dir='ltr' id='par_1_7' title="bbox 307 480 1182 698">
     <span class='ocr_line' id='line_1_7' title="bbox 307 480 1117 538; baseline -0.004 -13"><span class='ocrx_word' id='word_1_20' title='bbox 307 482 544 525; x_wconf 85' lang='lat' dir='ltr'>Destrictus</span> <span class='ocrx_word' id='word_1_21' title='bbox 575 481 693 525; x_wconf 87' lang='lat' dir='ltr'>ensis</span> <span class='ocrx_word' id='word_1_22' title='bbox 721 481 792 525; x_wconf 91' lang='lat' dir='ltr'>cui</span> <span class='ocrx_word' id='word_1_23' title='bbox 822 493 955 538; x_wconf 90' lang='lat' dir='ltr'>super</span> <span class='ocrx_word' id='word_1_24' title='bbox 987 480 1117 537; x_wconf 90' lang='lat' dir='ltr'>impia</span> 
     </span>
     <span class='ocr_line' id='line_1_8' title="bbox 310 559 1182 620; baseline -0.003 -14"><span class='ocrx_word' id='word_1_25' title='bbox 310 562 488 606; x_wconf 88' lang='lat' dir='ltr'>Cervice</span> <span class='ocrx_word' id='word_1_26' title='bbox 517 561 698 620; x_wconf 85' lang='lat' dir='ltr'>pendet,</span> <span class='ocrx_word' id='word_1_27' title='bbox 729 575 815 604; x_wconf 92' lang='lat' dir='ltr'>non</span> <span class='ocrx_word' id='word_1_28' title='bbox 844 559 1014 604; x_wconf 84' lang='lat' dir='ltr'>Siculae</span> <span class='ocrx_word' id='word_1_29' title='bbox 1044 559 1182 617; x_wconf 89' lang='lat' dir='ltr'>dapes</span> 
     </span>
     <span class='ocr_line' id='line_1_9' title="bbox 363 641 1108 698; baseline 0.004 -14"><span class='ocrx_word' id='word_1_30' title='bbox 363 641 545 686; x_wconf 83' lang='lat' dir='ltr'>Dulcem</span> <span class='ocrx_word' id='word_1_31' title='bbox 576 641 857 686; x_wconf 86' lang='lat' dir='ltr'>elaborabunt</span> <span class='ocrx_word' id='word_1_32' title='bbox 885 654 1108 698; x_wconf 84' lang='lat' dir='ltr'>saporem.</span> 
     </span>
    </p>
   </div>
   <div class='ocr_carea' id='block_1_8' title="bbox 425 721 1179 779">
    <p class='ocr_par' dir='ltr' id='par_1_8' title="bbox 425 721 1179 779">
     <span class='ocr_line' id='line_1_10' title="bbox 425 721 1179 779; baseline -0.001 -14"><span class='ocrx_word' id='word_1_33' title='bbox 425 724 518 766; x_wconf 88' lang='lat' dir='ltr'>Non</span> <span class='ocrx_word' id='word_1_34' title='bbox 546 723 692 767; x_wconf 87' lang='lat' dir='ltr'>avium</span> <span class='ocrx_word' id='word_1_35' title='bbox 720 721 999 779; x_wconf 83' lang='lat' dir='ltr'>citharaeque</span> <span class='ocrx_word' id='word_1_36' title='bbox 1028 729 1179 765; x_wconf 90' lang='lat' dir='ltr'>cantus</span> 
     </span>
    </p>
   </div>
   <div class='ocr_carea' id='block_1_9' title="bbox 170 866 566 904">
    <p class='ocr_par' dir='ltr' id='par_1_9' title="bbox 170 866 566 918">
     <span class='ocr_line' id='line_1_11' title="bbox 170 866 566 904; baseline -0.003 -5"><span class='ocrx_word' id='word_1_37' title='bbox 170 867 224 899; x_wconf 81' lang='grc'>47.</span> <span class='ocrx_word' id='word_1_38' title='bbox 247 867 428 900; x_wconf 65' lang='lat' dir='ltr'>muricem</span> <span class='ocrx_word' id='word_1_39' title='bbox 449 866 566 904; x_wconf 82' lang='lat' dir='ltr'>cd,ct.</span> 
     </span>
    </p>
   </div>
   <div class='ocr_carea' id='block_1_10' title="bbox 82 987 782 2701">
    <p class='ocr_par' dir='ltr' id='par_1_10' title="bbox 83 987 781 1076">
     <span class='ocr_line' id='line_1_12' title="bbox 84 987 781 1030; baseline -0.003 -9"><span class='ocrx_word' id='word_1_40' title='bbox 84 989 185 1030; x_wconf 81' lang='lat' dir='ltr'>quasi</span> <span class='ocrx_word' id='word_1_41' title='bbox 206 990 329 1021; x_wconf 79' lang='lat' dir='ltr'>vetere</span> <span class='ocrx_word' id='word_1_42' title='bbox 350 997 390 1020; x_wconf 90' lang='lat' dir='ltr'>re</span> <span class='ocrx_word' id='word_1_43' title='bbox 413 987 553 1029; x_wconf 89' lang='lat' dir='ltr'>publica</span> <span class='ocrx_word' id='word_1_44' title='bbox 588 989 781 1020; x_wconf 78' lang='lat' dir='ltr'>etiamtunc</span> 
     </span>
     <span class='ocr_line' id='line_1_13' title="bbox 83 1037 780 1076; baseline -0.004 -4"><span class='ocrx_word' id='word_1_45' title='bbox 83 1039 262 1072; x_wconf 69' lang='lat' dir='ltr'>manente.</span> <span class='ocrx_word' id='word_1_46' title='bbox 287 1037 358 1071; x_wconf 74' lang='lat' dir='ltr'>Cir.</span> <span class='ocrx_word' id='word_1_47' title='bbox 375 1038 482 1070; x_wconf 81' lang='lat' dir='ltr'>Tacit.</span> <span class='ocrx_word' id='word_1_48' title='bbox 498 1038 589 1070; x_wconf 80' lang='lat' dir='ltr'>Anu.</span> <span class='ocrx_word' id='word_1_49' title='bbox 608 1038 645 1076; x_wconf 95' lang='grc'>4,</span> <span class='ocrx_word' id='word_1_50' title='bbox 664 1038 717 1069; x_wconf 90' lang='grc'>45.</span> <span class='ocrx_word' id='word_1_51' title='bbox 734 1037 780 1070; x_wconf 86' lang='lat' dir='ltr'>ad</span> 
     </span>
    </p>

    <p class='ocr_par' dir='ltr' id='par_1_11' title="bbox 82 1135 780 1466">
     <span class='ocr_line' id='line_1_14' title="bbox 127 1135 780 1178; baseline 0 -9"><span class='ocrx_word' id='word_1_52' title='bbox 127 1137 181 1170; x_wconf 73' lang='lat'>⁴2.</span> <span class='ocrx_word' id='word_1_53' title='bbox 220 1136 274 1169; x_wconf 84' lang='grc'>43.</span> <span class='ocrx_word' id='word_1_54' title='bbox 318 1135 501 1176; x_wconf 73' lang='lat' dir='ltr'>meliorque</span> <span class='ocrx_word' id='word_1_55' title='bbox 534 1136 645 1178; x_wconf 70' lang='lat' dir='ltr'>sarna]</span> <span class='ocrx_word' id='word_1_56' title='bbox 686 1137 780 1169; x_wconf 82' lang='lat' dir='ltr'>«etsi</span> 
     </span>
     <span class='ocr_line' id='line_1_15' title="bbox 83 1187 780 1227; baseline -0.003 -8"><span class='ocrx_word' id='word_1_57' title='bbox 83 1187 192 1219; x_wconf 84' lang='lat' dir='ltr'>homo</span> <span class='ocrx_word' id='word_1_58' title='bbox 212 1194 343 1225; x_wconf 79' lang='lat' dir='ltr'>novus,</span> <span class='ocrx_word' id='word_1_59' title='bbox 379 1194 445 1227; x_wconf 88' lang='lat' dir='ltr'>per</span> <span class='ocrx_word' id='word_1_60' title='bbox 472 1194 512 1218; x_wconf 87' lang='lat' dir='ltr'>se</span> <span class='ocrx_word' id='word_1_61' title='bbox 543 1187 664 1218; x_wconf 87' lang='lat' dir='ltr'>tamen</span> <span class='ocrx_word' id='word_1_62' title='bbox 695 1194 780 1227; x_wconf 87' lang='lat' dir='ltr'>spe-</span> 
     </span>
     <span class='ocr_line' id='line_1_16' title="bbox 83 1234 780 1277; baseline -0.001 -9"><span class='ocrx_word' id='word_1_63' title='bbox 83 1237 198 1268; x_wconf 68' lang='lat' dir='ltr'>ctatus</span> <span class='ocrx_word' id='word_1_64' title='bbox 217 1236 377 1277; x_wconf 77' lang='lat' dir='ltr'>praestet</span> <span class='ocrx_word' id='word_1_65' title='bbox 399 1234 575 1267; x_wconf 89' lang='lat' dir='ltr'>nobilibus</span> <span class='ocrx_word' id='word_1_66' title='bbox 590 1244 633 1267; x_wconf 88' lang='lat' dir='ltr'>ac</span> <span class='ocrx_word' id='word_1_67' title='bbox 654 1237 780 1276; x_wconf 89' lang='lat' dir='ltr'>poten-</span> 
     </span>
     <span class='ocr_line' id='line_1_17' title="bbox 83 1284 780 1325; baseline -0.001 -8"><span class='ocrx_word' id='word_1_68' title='bbox 83 1285 213 1318; x_wconf 79' lang='lat' dir='ltr'>tibus.»</span> <span class='ocrx_word' id='word_1_69' title='bbox 238 1302 276 1308; x_wconf 91' lang='lat'><em>-</em></span> <span class='ocrx_word' id='word_1_70' title='bbox 293 1284 486 1325; x_wconf 62' lang='lat' dir='ltr'>conanda]</span> <span class='ocrx_word' id='word_1_71' title='bbox 502 1284 569 1316; x_wconf 75' lang='lat' dir='ltr'>«de</span> <span class='ocrx_word' id='word_1_72' title='bbox 584 1284 780 1317; x_wconf 85' lang='lat' dir='ltr'>honoribus</span> 
     </span>
     <span class='ocr_line' id='line_1_18' title="bbox 83 1333 779 1375; baseline -0.001 -8"><span class='ocrx_word' id='word_1_73' title='bbox 83 1342 167 1367; x_wconf 88' lang='lat' dir='ltr'>cum</span> <span class='ocrx_word' id='word_1_74' title='bbox 202 1333 512 1375; x_wconf 82' lang='lat' dir='ltr'>competitoribus,</span> <span class='ocrx_word' id='word_1_75' title='bbox 555 1333 779 1366; x_wconf 84' lang='lat' dir='ltr'>nihilominus</span> 
     </span>
     <span class='ocr_line' id='line_1_19' title="bbox 82 1382 779 1426; baseline 0 -10"><span class='ocrx_word' id='word_1_76' title='bbox 82 1383 160 1426; x_wconf 85' lang='lat' dir='ltr'>pari</span> <span class='ocrx_word' id='word_1_77' title='bbox 181 1382 389 1415; x_wconf 85' lang='lat' dir='ltr'>condicione</span> <span class='ocrx_word' id='word_1_78' title='bbox 418 1383 542 1415; x_wconf 86' lang='lat' dir='ltr'>Fatum</span> <span class='ocrx_word' id='word_1_79' title='bbox 568 1384 602 1415; x_wconf 90' lang='lat' dir='ltr'>ei</span> <span class='ocrx_word' id='word_1_80' title='bbox 625 1385 779 1416; x_wconf 86' lang='lat' dir='ltr'>mortem</span> 
     </span>
     <span class='ocr_line' id='line_1_20' title="bbox 83 1431 271 1466; baseline -0.005 -1"><span class='ocrx_word' id='word_1_81' title='bbox 83 1431 271 1466; x_wconf 74' lang='lat' dir='ltr'>destinat.-</span> 
     </span>
    </p>

    <p class='ocr_par' dir='ltr' id='par_1_12' title="bbox 83 1481 781 1721">
     <span class='ocr_line' id='line_1_21' title="bbox 126 1481 780 1523; baseline 0 -9"><span class='ocrx_word' id='word_1_82' title='bbox 126 1481 181 1515; x_wconf 87' lang='grc'>44.</span> <span class='ocrx_word' id='word_1_83' title='bbox 219 1481 414 1523; x_wconf 68' lang='lat' dir='ltr'>Necessitas]</span> <span class='ocrx_word' id='word_1_84' title='bbox 451 1483 653 1514; x_wconf 80' lang='lat' dir='ltr'>Necessitas</span> <span class='ocrx_word' id='word_1_85' title='bbox 686 1483 780 1514; x_wconf 87' lang='lat' dir='ltr'>tam-</span> 
     </span>
     <span class='ocr_line' id='line_1_22' title="bbox 83 1530 777 1572; baseline 0.001 -10"><span class='ocrx_word' id='word_1_86' title='bbox 83 1530 293 1572; x_wconf 87' lang='lat' dir='ltr'>quamdea</span> <span class='ocrx_word' id='word_1_87' title='bbox 324 1531 527 1563; x_wconf 84' lang='lat' dir='ltr'>etiamOd</span> <span class='ocrx_word' id='word_1_88' title='bbox 553 1532 590 1571; x_wconf 96' lang='grc'>4</span> <span class='ocrx_word' id='word_1_89' title='bbox 614 1531 675 1570; x_wconf 86' lang='lat'>35,</span> <span class='ocrx_word' id='word_1_90' title='bbox 708 1532 777 1569; x_wconf 87' lang='grc'>47.;</span> 
     </span>
     <span class='ocr_line' id='line_1_23' title="bbox 83 1579 780 1621; baseline 0.003 -9"><span class='ocrx_word' id='word_1_91' title='bbox 83 1579 187 1621; x_wconf 77' lang='lat' dir='ltr'>longe</span> <span class='ocrx_word' id='word_1_92' title='bbox 213 1580 335 1612; x_wconf 80' lang='lat' dir='ltr'>tamen</span> <span class='ocrx_word' id='word_1_93' title='bbox 362 1580 477 1612; x_wconf 88' lang='lat' dir='ltr'>rarius</span> <span class='ocrx_word' id='word_1_94' title='bbox 504 1589 525 1612; x_wconf 90' lang='lat' dir='ltr'>a</span> <span class='ocrx_word' id='word_1_95' title='bbox 547 1581 677 1613; x_wconf 84' lang='lat' dir='ltr'>Latinis</span> <span class='ocrx_word' id='word_1_96' title='bbox 700 1590 780 1614; x_wconf 89' lang='lat' dir='ltr'>me-</span> 
     </span>
     <span class='ocr_line' id='line_1_24' title="bbox 84 1630 781 1676; baseline 0.001 -15"><span class='ocrx_word' id='word_1_97' title='bbox 84 1630 243 1661; x_wconf 72' lang='lat' dir='ltr'>moratur</span> <span class='ocrx_word' id='word_1_98' title='bbox 274 1637 382 1670; x_wconf 89' lang='lat' dir='ltr'>quam</span> <span class='ocrx_word' id='word_1_99' title='bbox 411 1638 431 1661; x_wconf 93' lang='lat' dir='ltr'>a</span> <span class='ocrx_word' id='word_1_100' title='bbox 460 1630 603 1662; x_wconf 88' lang='lat' dir='ltr'>Graecis</span> <span class='ocrx_word' id='word_1_101' title='bbox 632 1630 781 1676; x_wconf 80' lang='grc' dir='ltr'><strong><em>Εἱμαρ-</em></strong></span> 
     </span>
     <span class='ocr_line' id='line_1_25' title="bbox 83 1674 778 1721; baseline 0.004 -11"><span class='ocrx_word' id='word_1_102' title='bbox 83 1679 182 1720; x_wconf 76' lang='grc' dir='ltr'>μένη</span> <span class='ocrx_word' id='word_1_103' title='bbox 202 1677 261 1711; x_wconf 87' lang='lat' dir='ltr'>vel</span> <span class='ocrx_word' id='word_1_104' title='bbox 277 1674 450 1721; x_wconf 73' lang='grc' dir='ltr'>Ἇνάγκη.</span> <span class='ocrx_word' id='word_1_105' title='bbox 497 1680 646 1711; x_wconf 88' lang='lat' dir='ltr'>Pausan.</span> <span class='ocrx_word' id='word_1_106' title='bbox 671 1681 711 1719; x_wconf 76' lang='lat'>2,</span> <span class='ocrx_word' id='word_1_107' title='bbox 739 1680 778 1719; x_wconf 93' lang='grc'>4,</span> 
     </span>
    </p>

    <p class='ocr_par' dir='ltr' id='par_1_13' title="bbox 83 1723 781 1869">
     <span class='ocr_line' id='line_1_26' title="bbox 83 1723 781 1785; baseline 0.002 -26.101"><span class='ocrx_word' id='word_1_108' title='bbox 83 1726 203 1769; x_wconf 76' lang='grc' dir='ltr'><strong><em>6;(ε’ν</em></strong></span> <span class='ocrx_word' id='word_1_109' title='bbox 223 1725 277 1770; x_wconf 73' lang='grc' dir='ltr'>τῷ</span> <span class='ocrx_word' id='word_1_110' title='bbox 293 1723 582 1785; x_wconf 70' lang='grc' dir='ltr'><strong><em>Ἀκροκορίνθῳ)</em></strong></span> <span class='ocrx_word' id='word_1_111' title='bbox 601 1725 781 1772; x_wconf 78' lang='grc' dir='ltr'><strong><em>Ἀνάγκης</em></strong></span> 
     </span>
     <span class='ocr_line' id='line_1_27' title="bbox 83 1752 781 1823; baseline 0.003 -14"><span class='ocrx_word' id='word_1_112' title='bbox 83 1752 151 1809; x_wconf 72' lang='grc' dir='ltr'><strong><em>καὶ</em></strong></span> <span class='ocrx_word' id='word_1_113' title='bbox 172 1776 268 1818; x_wconf 86' lang='grc' dir='ltr'><strong><em>Βίας</em></strong></span> <span class='ocrx_word' id='word_1_114' title='bbox 289 1775 395 1809; x_wconf 74' lang='grc' dir='ltr'><strong><em>ἐστὶν</em></strong></span> <span class='ocrx_word' id='word_1_115' title='bbox 417 1774 537 1823; x_wconf 82' lang='grc' dir='ltr'><strong><em>ἱερόν·</em></strong></span> <span class='ocrx_word' id='word_1_116' title='bbox 572 1777 718 1811; x_wconf 72' lang='grc' dir='ltr'><strong><em>εσιένσι</em></strong></span> <span class='ocrx_word' id='word_1_117' title='bbox 738 1777 781 1811; x_wconf 80' lang='grc' dir='ltr'>δὲ</span> 
     </span>
     <span class='ocr_line' id='line_1_28' title="bbox 84 1821 573 1869; baseline 0.002 -11"><span class='ocrx_word' id='word_1_118' title='bbox 84 1825 135 1866; x_wconf 76' lang='grc' dir='ltr'>ἐς</span> <span class='ocrx_word' id='word_1_119' title='bbox 145 1821 244 1860; x_wconf 62' lang='lat' dir='ltr'>aare&gt;</span> <span class='ocrx_word' id='word_1_120' title='bbox 266 1822 314 1858; x_wconf 75' lang='grc' dir='ltr'>οὗ</span> <span class='ocrx_word' id='word_1_121' title='bbox 338 1828 573 1869; x_wconf 76' lang='grc' dir='ltr'><strong><em>νομίζουσιν</em></strong></span> 
     </span>
    </p>

    <p class='ocr_par' dir='ltr' id='par_1_14' title="bbox 84 1875 782 2211">
     <span class='ocr_line' id='line_1_29' title="bbox 129 1875 777 1917; baseline 0.003 -10"><span class='ocrx_word' id='word_1_122' title='bbox 129 1875 183 1907; x_wconf 85' lang='grc'>46.</span> <span class='ocrx_word' id='word_1_123' title='bbox 217 1878 327 1907; x_wconf 76' lang='lat' dir='ltr'>movet</span> <span class='ocrx_word' id='word_1_124' title='bbox 355 1876 456 1917; x_wconf 78' lang='lat' dir='ltr'>urna]</span> <span class='ocrx_word' id='word_1_125' title='bbox 487 1876 551 1909; x_wconf 91' lang='lat' dir='ltr'>Od.</span> <span class='ocrx_word' id='word_1_126' title='bbox 575 1877 616 1916; x_wconf 78' lang='lat'>2,</span> <span class='ocrx_word' id='word_1_127' title='bbox 646 1877 686 1916; x_wconf 89' lang='lat'>3,</span> <span class='ocrx_word' id='word_1_128' title='bbox 723 1877 777 1909; x_wconf 79' lang='lat'>26.</span> 
     </span>
     <span class='ocr_line' id='line_1_30' title="bbox 85 1902 781 1970; baseline 0.004 -14"><span class='ocrx_word' id='word_1_129' title='bbox 85 1924 128 1956; x_wconf 82' lang='lat' dir='ltr'>fl.</span> <span class='ocrx_word' id='word_1_130' title='bbox 151 1922 176 1956; x_wconf 93' lang='lat' dir='ltr'>l.</span> <span class='ocrx_word' id='word_1_131' title='bbox 199 1923 426 1970; x_wconf 73' lang='grc' dir='ltr'><strong><em>Εἱμαρμένη</em></strong></span> <span class='ocrx_word' id='word_1_132' title='bbox 455 1926 530 1966; x_wconf 91' lang='lat' dir='ltr'>ipsa</span> <span class='ocrx_word' id='word_1_133' title='bbox 554 1902 679 1958; x_wconf 65' lang='lat' dir='ltr'>mo⁷rtis</span> <span class='ocrx_word' id='word_1_134' title='bbox 701 1935 781 1959; x_wconf 89' lang='lat' dir='ltr'>sor-</span> 
     </span>
     <span class='ocr_line' id='line_1_31' title="bbox 84 1973 777 2015; baseline 0.003 -9"><span class='ocrx_word' id='word_1_135' title='bbox 84 1975 140 2007; x_wconf 76' lang='lat' dir='ltr'>tes</span> <span class='ocrx_word' id='word_1_136' title='bbox 162 1973 271 2006; x_wconf 87' lang='lat' dir='ltr'>ducit.</span> <span class='ocrx_word' id='word_1_137' title='bbox 302 1975 359 2006; x_wconf 90' lang='lat' dir='ltr'>Sic</span> <span class='ocrx_word' id='word_1_138' title='bbox 372 1976 579 2008; x_wconf 83' lang='lat' dir='ltr'>Ammianus</span> <span class='ocrx_word' id='word_1_139' title='bbox 594 1976 701 2008; x_wconf 75' lang='lat' dir='ltr'>Marc.</span> <span class='ocrx_word' id='word_1_140' title='bbox 720 1975 777 2015; x_wconf 97' lang='grc'>44,</span> 
     </span>
     <span class='ocr_line' id='line_1_32' title="bbox 86 2023 782 2065; baseline 0.003 -10"><span class='ocrx_word' id='word_1_141' title='bbox 86 2023 149 2055; x_wconf 86' lang='grc'>44;</span> <span class='ocrx_word' id='word_1_142' title='bbox 187 2024 351 2056; x_wconf 72' lang='lat' dir='ltr'>Adrastea</span> <span class='ocrx_word' id='word_1_143' title='bbox 384 2025 505 2065; x_wconf 65' lang='lat' dir='ltr'>regina</span> <span class='ocrx_word' id='word_1_144' title='bbox 538 2033 721 2057; x_wconf 73' lang='lat' dir='ltr'>causarum</span> <span class='ocrx_word' id='word_1_145' title='bbox 750 2028 782 2057; x_wconf 76' lang='lat' dir='ltr'>ct</span> 
     </span>
     <span class='ocr_line' id='line_1_33' title="bbox 84 2070 781 2113; baseline 0.004 -10"><span class='ocrx_word' id='word_1_146' title='bbox 84 2070 218 2104; x_wconf 73' lang='lat' dir='ltr'>arbitra</span> <span class='ocrx_word' id='word_1_147' title='bbox 237 2082 352 2104; x_wconf 79' lang='lat' dir='ltr'>rerum</span> <span class='ocrx_word' id='word_1_148' title='bbox 371 2082 413 2104; x_wconf 86' lang='lat' dir='ltr'>ac</span> <span class='ocrx_word' id='word_1_149' title='bbox 427 2074 645 2113; x_wconf 65' lang='lat' dir='ltr'>disceptatrix</span> <span class='ocrx_word' id='word_1_150' title='bbox 658 2083 781 2106; x_wconf 71' lang='lat' dir='ltr'>uniam</span> 
     </span>
     <span class='ocr_line' id='line_1_34' title="bbox 84 2121 778 2161; baseline 0.001 -8"><span class='ocrx_word' id='word_1_151' title='bbox 84 2121 223 2153; x_wconf 60' lang='lat' dir='ltr'>soranam</span> <span class='ocrx_word' id='word_1_152' title='bbox 237 2125 410 2161; x_wconf 70' lang='lat' dir='ltr'>temperat.</span> <span class='ocrx_word' id='word_1_153' title='bbox 436 2123 572 2154; x_wconf 81' lang='lat' dir='ltr'>Seneca</span> <span class='ocrx_word' id='word_1_154' title='bbox 588 2123 692 2154; x_wconf 84' lang='lat' dir='ltr'>Herc.</span> <span class='ocrx_word' id='word_1_155' title='bbox 710 2122 778 2155; x_wconf 79' lang='lat' dir='ltr'>fur.</span> 
     </span>
     <span class='ocr_line' id='line_1_35' title="bbox 86 2169 739 2211; baseline 0.005 -10"><span class='ocrx_word' id='word_1_156' title='bbox 86 2169 169 2201; x_wconf 71' lang='lat'>⁴92:</span> <span class='ocrx_word' id='word_1_157' title='bbox 193 2170 316 2210; x_wconf 72' lang='lat' dir='ltr'>Recipit</span> <span class='ocrx_word' id='word_1_158' title='bbox 333 2171 475 2211; x_wconf 74' lang='lat' dir='ltr'>populos</span> <span class='ocrx_word' id='word_1_159' title='bbox 494 2180 585 2203; x_wconf 72' lang='lat' dir='ltr'>ma</span> <span class='ocrx_word' id='word_1_160' title='bbox 609 2172 739 2204; x_wconf 77' lang='lat' dir='ltr'>citatos.</span> 
     </span>
    </p>

    <p class='ocr_par' dir='ltr' id='par_1_15' title="bbox 85 2218 782 2701">
     <span class='ocr_line' id='line_1_36' title="bbox 129 2218 782 2262; baseline 0.005 -12"><span class='ocrx_word' id='word_1_161' title='bbox 129 2218 183 2250; x_wconf 76' lang='grc' dir='ltr'>Π.</span> <span class='ocrx_word' id='word_1_162' title='bbox 206 2219 401 2261; x_wconf 53' lang='lat' dir='ltr'>Deetrictus]</span> <span class='ocrx_word' id='word_1_163' title='bbox 424 2221 475 2252; x_wconf 93' lang='lat' dir='ltr'>De</span> <span class='ocrx_word' id='word_1_164' title='bbox 498 2221 671 2262; x_wconf 85' lang='lat' dir='ltr'>scriptura</span> <span class='ocrx_word' id='word_1_165' title='bbox 694 2229 782 2253; x_wconf 89' lang='lat' dir='ltr'>con-</span> 
     </span>
     <span class='ocr_line' id='line_1_37' title="bbox 85 2265 782 2311; baseline 0.003 -12"><span class='ocrx_word' id='word_1_166' title='bbox 85 2265 163 2300; x_wconf 80' lang='lat' dir='ltr'>sule</span> <span class='ocrx_word' id='word_1_167' title='bbox 192 2267 406 2302; x_wconf 85' lang='lat' dir='ltr'>Liibkerum.</span> <span class='ocrx_word' id='word_1_168' title='bbox 450 2269 552 2301; x_wconf 81' lang='lat' dir='ltr'>Addo</span> <span class='ocrx_word' id='word_1_169' title='bbox 582 2270 782 2311; x_wconf 85' lang='lat' dir='ltr'>inscriptio-</span> 
     </span>
     <span class='ocr_line' id='line_1_38' title="bbox 86 2318 781 2359; baseline 0.004 -11"><span class='ocrx_word' id='word_1_170' title='bbox 86 2324 171 2348; x_wconf 84' lang='lat' dir='ltr'>nem</span> <span class='ocrx_word' id='word_1_171' title='bbox 203 2318 327 2350; x_wconf 85' lang='lat' dir='ltr'>aetatis</span> <span class='ocrx_word' id='word_1_172' title='bbox 363 2319 563 2359; x_wconf 82' lang='lat' dir='ltr'>Augusteae</span> <span class='ocrx_word' id='word_1_173' title='bbox 600 2319 633 2350; x_wconf 91' lang='lat' dir='ltr'>in</span> <span class='ocrx_word' id='word_1_174' title='bbox 671 2319 781 2351; x_wconf 86' lang='lat' dir='ltr'>lahnii</span> 
     </span>
     <span class='ocr_line' id='line_1_39' title="bbox 86 2365 780 2409; baseline 0.003 -11"><span class='ocrx_word' id='word_1_175' title='bbox 86 2365 284 2406; x_wconf 83' lang='lat' dir='ltr'>specimine</span> <span class='ocrx_word' id='word_1_176' title='bbox 306 2375 341 2408; x_wconf 92' lang='lat' dir='ltr'>p.</span> <span class='ocrx_word' id='word_1_177' title='bbox 366 2368 436 2406; x_wconf 63' lang='lat'>27„</span> <span class='ocrx_word' id='word_1_178' title='bbox 467 2367 529 2399; x_wconf 88' lang='lat' dir='ltr'>ubi</span> <span class='ocrx_word' id='word_1_179' title='bbox 559 2369 615 2400; x_wconf 87' lang='lat' dir='ltr'>est</span> <span class='ocrx_word' id='word_1_180' title='bbox 634 2368 780 2409; x_wconf 90' lang='lat' dir='ltr'>Priapus</span> 
     </span>
     <span class='ocr_line' id='line_1_40' title="bbox 85 2417 780 2458; baseline 0.006 -13"><span class='ocrx_word' id='word_1_181' title='bbox 85 2421 177 2446; x_wconf 65' lang='lat' dir='ltr'>rma</span> <span class='ocrx_word' id='word_1_182' title='bbox 196 2423 389 2448; x_wconf 65' lang='lat' dir='ltr'>nmmo-to.</span> <span class='ocrx_word' id='word_1_183' title='bbox 409 2433 445 2439; x_wconf 93' lang='lat'><strong>—</strong></span> <span class='ocrx_word' id='word_1_184' title='bbox 465 2417 588 2455; x_wconf 78' lang='lat' dir='ltr'>«Quid,</span> <span class='ocrx_word' id='word_1_185' title='bbox 606 2417 703 2457; x_wconf 85' lang='lat' dir='ltr'>quod</span> <span class='ocrx_word' id='word_1_186' title='bbox 719 2418 780 2458; x_wconf 84' lang='lat' dir='ltr'>qui</span> 
     </span>
     <span class='ocr_line' id='line_1_41' title="bbox 88 2463 779 2506; baseline 0.006 -12"><span class='ocrx_word' id='word_1_187' title='bbox 88 2463 234 2495; x_wconf 79' lang='lat' dir='ltr'>externa</span> <span class='ocrx_word' id='word_1_188' title='bbox 257 2465 392 2497; x_wconf 84' lang='lat' dir='ltr'>tantum</span> <span class='ocrx_word' id='word_1_189' title='bbox 406 2464 502 2497; x_wconf 90' lang='lat' dir='ltr'>bona</span> <span class='ocrx_word' id='word_1_190' title='bbox 515 2465 699 2506; x_wconf 88' lang='lat' dir='ltr'>possident</span> <span class='ocrx_word' id='word_1_191' title='bbox 709 2491 716 2504; x_wconf 92' lang='grc'>,</span> <span class='ocrx_word' id='word_1_192' title='bbox 734 2475 779 2498; x_wconf 92' lang='lat' dir='ltr'>ne</span> 
     </span>
     <span class='ocr_line' id='line_1_42' title="bbox 87 2509 781 2553; baseline 0.007 -11"><span class='ocrx_word' id='word_1_193' title='bbox 87 2509 183 2542; x_wconf 85' lang='lat' dir='ltr'>beati</span> <span class='ocrx_word' id='word_1_194' title='bbox 220 2512 365 2552; x_wconf 84' lang='lat' dir='ltr'>quidem</span> <span class='ocrx_word' id='word_1_195' title='bbox 406 2515 506 2553; x_wconf 85' lang='lat' dir='ltr'>sunt,</span> <span class='ocrx_word' id='word_1_196' title='bbox 552 2513 781 2547; x_wconf 81' lang='lat' dir='ltr'>infelicissimi</span> 
     </span>
     <span class='ocr_line' id='line_1_43' title="bbox 87 2560 782 2599; baseline 0.006 -8"><span class='ocrx_word' id='word_1_197' title='bbox 87 2568 193 2599; x_wconf 85' lang='lat' dir='ltr'>vero,</span> <span class='ocrx_word' id='word_1_198' title='bbox 228 2561 258 2594; x_wconf 87' lang='lat' dir='ltr'>si</span> <span class='ocrx_word' id='word_1_199' title='bbox 280 2560 458 2595; x_wconf 88' lang='lat' dir='ltr'>scelerum</span> <span class='ocrx_word' id='word_1_200' title='bbox 479 2563 694 2595; x_wconf 81' lang='lat' dir='ltr'>conscientia</span> <span class='ocrx_word' id='word_1_201' title='bbox 716 2571 782 2595; x_wconf 88' lang='lat' dir='ltr'>an-</span> 
     </span>
     <span class='ocr_line' id='line_1_44' title="bbox 87 2610 780 2651; baseline 0.004 -9"><span class='ocrx_word' id='word_1_202' title='bbox 87 2611 226 2650; x_wconf 77' lang='lat' dir='ltr'>guntur.</span> <span class='ocrx_word' id='word_1_203' title='bbox 240 2622 257 2639; x_wconf 79' lang='grc' dir='ltr'><strong><em>ι</em></strong></span> <span class='ocrx_word' id='word_1_204' title='bbox 303 2610 479 2651; x_wconf 85' lang='lat' dir='ltr'>Significat</span> <span class='ocrx_word' id='word_1_205' title='bbox 522 2612 643 2644; x_wconf 85' lang='lat' dir='ltr'>notam</span> <span class='ocrx_word' id='word_1_206' title='bbox 686 2610 780 2645; x_wconf 85' lang='lat' dir='ltr'>illam</span> 
     </span>
     <span class='ocr_line' id='line_1_45' title="bbox 89 2657 781 2701; baseline 0.004 -10"><span class='ocrx_word' id='word_1_207' title='bbox 89 2657 135 2690; x_wconf 85' lang='lat' dir='ltr'>de</span> <span class='ocrx_word' id='word_1_208' title='bbox 167 2658 334 2692; x_wconf 84' lang='lat' dir='ltr'>Damocle</span> <span class='ocrx_word' id='word_1_209' title='bbox 372 2661 408 2692; x_wconf 88' lang='lat' dir='ltr'>et</span> <span class='ocrx_word' id='word_1_210' title='bbox 444 2660 611 2701; x_wconf 84' lang='lat' dir='ltr'>Dionysio</span> <span class='ocrx_word' id='word_1_211' title='bbox 646 2661 781 2694; x_wconf 84' lang='lat' dir='ltr'>maiore</span> 
     </span>
    </p>
   </div>
   <div class='ocr_carea' id='block_1_11' title="bbox 1471 723 1527 764">
    <p class='ocr_par' dir='ltr' id='par_1_16' title="bbox 1471 723 1527 764">
     <span class='ocr_line' id='line_1_46' title="bbox 1471 723 1527 764; baseline 0 0"><span class='ocrx_word' id='word_1_212' title='bbox 1471 723 1527 764; x_wconf 73' lang='lat'>20</span> 
     </span>
    </p>
   </div>
   <div class='ocr_carea' id='block_1_12' title="bbox 823 987 1529 1868">
    <p class='ocr_par' dir='ltr' id='par_1_17' title="bbox 823 987 1529 1522">
     <span class='ocr_line' id='line_1_47' title="bbox 830 987 1524 1029; baseline 0.003 -9"><span class='ocrx_word' id='word_1_213' title='bbox 830 987 1139 1020; x_wconf 86' lang='lat' dir='ltr'>narratiunculam.</span> <span class='ocrx_word' id='word_1_214' title='bbox 1181 989 1254 1021; x_wconf 90' lang='lat' dir='ltr'>Cic.</span> <span class='ocrx_word' id='word_1_215' title='bbox 1279 990 1381 1022; x_wconf 85' lang='lat' dir='ltr'>Tusc.</span> <span class='ocrx_word' id='word_1_216' title='bbox 1406 991 1445 1029; x_wconf 87' lang='lat'>5,</span> <span class='ocrx_word' id='word_1_217' title='bbox 1470 991 1524 1022; x_wconf 72' lang='lat'>2⁴.</span> 
     </span>
     <span class='ocr_line' id='line_1_48' title="bbox 829 1037 1529 1080; baseline 0.001 -10"><span class='ocrx_word' id='word_1_218' title='bbox 829 1038 970 1070; x_wconf 83' lang='lat' dir='ltr'>Persius</span> <span class='ocrx_word' id='word_1_219' title='bbox 1000 1037 1040 1077; x_wconf 86' lang='lat'>3,</span> <span class='ocrx_word' id='word_1_220' title='bbox 1077 1037 1141 1070; x_wconf 80' lang='grc' dir='ltr'>4οε</span> <span class='ocrx_word' id='word_1_221' title='bbox 1183 1039 1226 1070; x_wconf 78' lang='lat' dir='ltr'>Ec</span> <span class='ocrx_word' id='word_1_222' title='bbox 1257 1040 1368 1080; x_wconf 67' lang='lat' dir='ltr'>maqis</span> <span class='ocrx_word' id='word_1_223' title='bbox 1396 1041 1529 1071; x_wconf 74' lang='lat' dir='ltr'>auratis</span> 
     </span>
     <span class='ocr_line' id='line_1_49' title="bbox 823 1086 1528 1129; baseline 0.004 -11"><span class='ocrx_word' id='word_1_224' title='bbox 823 1087 971 1127; x_wconf 71' lang='lat' dir='ltr'>pendens</span> <span class='ocrx_word' id='word_1_225' title='bbox 991 1086 1206 1127; x_wconf 74' lang='lat' dir='ltr'>laquearibus</span> <span class='ocrx_word' id='word_1_226' title='bbox 1231 1088 1317 1119; x_wconf 77' lang='lat' dir='ltr'>crisis</span> <span class='ocrx_word' id='word_1_227' title='bbox 1337 1089 1528 1129; x_wconf 66' lang='lat' dir='ltr'>Purpureas</span> 
     </span>
     <span class='ocr_line' id='line_1_50' title="bbox 827 1136 1525 1179; baseline 0.004 -12"><span class='ocrx_word' id='word_1_228' title='bbox 827 1136 938 1168; x_wconf 78' lang='lat' dir='ltr'>subter</span> <span class='ocrx_word' id='word_1_229' title='bbox 958 1137 1100 1167; x_wconf 78' lang='lat' dir='ltr'>cervices</span> <span class='ocrx_word' id='word_1_230' title='bbox 1127 1137 1247 1168; x_wconf 74' lang='lat' dir='ltr'>ter-mit</span> <span class='ocrx_word' id='word_1_231' title='bbox 1279 1137 1376 1169; x_wconf 83' lang='lat' dir='ltr'>cet.?</span> <span class='ocrx_word' id='word_1_232' title='bbox 1410 1139 1525 1179; x_wconf 79' lang='lat' dir='ltr'>Atque</span> 
     </span>
     <span class='ocr_line' id='line_1_51' title="bbox 828 1184 1524 1226; baseline 0.004 -10"><span class='ocrx_word' id='word_1_233' title='bbox 828 1186 931 1226; x_wconf 88' lang='lat' dir='ltr'>quasi</span> <span class='ocrx_word' id='word_1_234' title='bbox 953 1186 988 1217; x_wconf 90' lang='lat' dir='ltr'>in</span> <span class='ocrx_word' id='word_1_235' title='bbox 1010 1184 1241 1226; x_wconf 77' lang='lat' dir='ltr'>proverbium</span> <span class='ocrx_word' id='word_1_236' title='bbox 1261 1185 1357 1218; x_wconf 81' lang='lat' dir='ltr'>abiit.</span> <span class='ocrx_word' id='word_1_237' title='bbox 1384 1186 1471 1219; x_wconf 81' lang='lat' dir='ltr'>Plut.</span> <span class='ocrx_word' id='word_1_238' title='bbox 1490 1189 1524 1219; x_wconf 89' lang='lat' dir='ltr'>S.</span> 
     </span>
     <span class='ocr_line' id='line_1_52' title="bbox 828 1230 1526 1280; baseline 0.001 -13"><span class='ocrx_word' id='word_1_239' title='bbox 828 1236 870 1267; x_wconf 77' lang='lat' dir='ltr'>N.</span> <span class='ocrx_word' id='word_1_240' title='bbox 886 1235 927 1265; x_wconf 90' lang='lat' dir='ltr'>V.</span> <span class='ocrx_word' id='word_1_241' title='bbox 945 1234 985 1266; x_wconf 80' lang='lat'>9:</span> <span class='ocrx_word' id='word_1_242' title='bbox 1009 1230 1063 1274; x_wconf 84' lang='grc' dir='ltr'>ὠς</span> <span class='ocrx_word' id='word_1_243' title='bbox 1077 1252 1098 1258; x_wconf 84' lang='grc'>-</span> <span class='ocrx_word' id='word_1_244' title='bbox 1112 1252 1132 1258; x_wconf 91' lang='lat'>-</span> <span class='ocrx_word' id='word_1_245' title='bbox 1148 1230 1244 1280; x_wconf 74' lang='grc' dir='ltr'>ὑπὲρ</span> <span class='ocrx_word' id='word_1_246' title='bbox 1265 1234 1440 1278; x_wconf 82' lang='grc' dir='ltr'><strong><em>κεφαλῆς</em></strong></span> <span class='ocrx_word' id='word_1_247' title='bbox 1455 1234 1526 1269; x_wconf 81' lang='grc' dir='ltr'>τοῦ</span> 
     </span>
     <span class='ocr_line' id='line_1_53' title="bbox 828 1284 1524 1329; baseline 0.004 -14"><span class='ocrx_word' id='word_1_248' title='bbox 828 1284 1007 1322; x_wconf 80' lang='grc' dir='ltr'><strong><em>σχοινίου</em></strong></span> <span class='ocrx_word' id='word_1_249' title='bbox 1022 1285 1279 1329; x_wconf 73' lang='grc' dir='ltr'><strong><em>κρεμαμένου.</em></strong></span> <span class='ocrx_word' id='word_1_250' title='bbox 1303 1285 1379 1318; x_wconf 87' lang='lat' dir='ltr'>lob.</span> <span class='ocrx_word' id='word_1_251' title='bbox 1398 1287 1452 1324; x_wconf 85' lang='grc'>45,</span> <span class='ocrx_word' id='word_1_252' title='bbox 1468 1287 1524 1318; x_wconf 74' lang='lat'>2⁴:</span> 
     </span>
     <span class='ocr_line' id='line_1_54' title="bbox 827 1333 1529 1375; baseline 0.004 -11"><span class='ocrx_word' id='word_1_253' title='bbox 827 1333 961 1365; x_wconf 69' lang='lat' dir='ltr'>Sonans</span> <span class='ocrx_word' id='word_1_254' title='bbox 993 1334 1133 1365; x_wconf 73' lang='lat' dir='ltr'>terror-is</span> <span class='ocrx_word' id='word_1_255' title='bbox 1165 1343 1295 1375; x_wconf 75' lang='lat' dir='ltr'>semper</span> <span class='ocrx_word' id='word_1_256' title='bbox 1326 1336 1361 1367; x_wconf 79' lang='lat' dir='ltr'>in</span> <span class='ocrx_word' id='word_1_257' title='bbox 1389 1335 1529 1367; x_wconf 67' lang='lat' dir='ltr'>aen-ibus</span> 
     </span>
     <span class='ocr_line' id='line_1_55' title="bbox 827 1383 1527 1424; baseline 0.003 -10"><span class='ocrx_word' id='word_1_258' title='bbox 827 1383 941 1422; x_wconf 76' lang='lat' dir='ltr'>impii;</span> <span class='ocrx_word' id='word_1_259' title='bbox 969 1385 1017 1422; x_wconf 80' lang='lat' dir='ltr'>et,</span> <span class='ocrx_word' id='word_1_260' title='bbox 1049 1391 1125 1414; x_wconf 76' lang='lat' dir='ltr'>cum</span> <span class='ocrx_word' id='word_1_261' title='bbox 1148 1392 1225 1422; x_wconf 75' lang='lat' dir='ltr'>paz:</span> <span class='ocrx_word' id='word_1_262' title='bbox 1245 1384 1300 1422; x_wconf 68' lang='lat' dir='ltr'>sic,</span> <span class='ocrx_word' id='word_1_263' title='bbox 1324 1384 1378 1416; x_wconf 79' lang='lat' dir='ltr'>ille</span> <span class='ocrx_word' id='word_1_264' title='bbox 1399 1393 1527 1424; x_wconf 75' lang='lat' dir='ltr'>semper</span> 
     </span>
     <span class='ocr_line' id='line_1_56' title="bbox 826 1432 1528 1474; baseline 0.004 -11"><span class='ocrx_word' id='word_1_265' title='bbox 826 1432 967 1463; x_wconf 75' lang='lat' dir='ltr'>insidias</span> <span class='ocrx_word' id='word_1_266' title='bbox 1001 1432 1212 1472; x_wconf 52' lang='lat' dir='ltr'>sna-spicatum</span> <span class='ocrx_word' id='word_1_267' title='bbox 1250 1434 1528 1474; x_wconf 66' lang='lat' dir='ltr'>circumspectans</span> 
     </span>
     <span class='ocr_line' id='line_1_57' title="bbox 826 1481 1155 1522; baseline 0 -9"><span class='ocrx_word' id='word_1_268' title='bbox 826 1482 974 1521; x_wconf 71' lang='lat' dir='ltr'>undique</span> <span class='ocrx_word' id='word_1_269' title='bbox 993 1481 1155 1522; x_wconf 63' lang='lat' dir='ltr'>gladium.</span> 
     </span>
    </p>

    <p class='ocr_par' dir='ltr' id='par_1_18' title="bbox 828 1529 1529 1868">
     <span class='ocr_line' id='line_1_58' title="bbox 873 1529 1528 1572; baseline 0.003 -10"><span class='ocrx_word' id='word_1_270' title='bbox 873 1531 927 1563; x_wconf 89' lang='grc'>48.</span> <span class='ocrx_word' id='word_1_271' title='bbox 962 1530 1095 1562; x_wconf 75' lang='lat' dir='ltr'>Siculae</span> <span class='ocrx_word' id='word_1_272' title='bbox 1124 1529 1237 1572; x_wconf 75' lang='lat' dir='ltr'>dapes]</span> <span class='ocrx_word' id='word_1_273' title='bbox 1270 1532 1528 1571; x_wconf 66' lang='lat' dir='ltr'>«conquisiti-sss·-</span> 
     </span>
     <span class='ocr_line' id='line_1_59' title="bbox 828 1580 1527 1622; baseline 0.003 -11"><span class='ocrx_word' id='word_1_274' title='bbox 828 1588 904 1611; x_wconf 83' lang='lat' dir='ltr'>mac</span> <span class='ocrx_word' id='word_1_275' title='bbox 924 1580 1085 1619; x_wconf 74' lang='lat' dir='ltr'>epulae»,</span> <span class='ocrx_word' id='word_1_276' title='bbox 1113 1582 1152 1611; x_wconf 91' lang='lat' dir='ltr'>ut</span> <span class='ocrx_word' id='word_1_277' title='bbox 1174 1580 1220 1612; x_wconf 87' lang='lat' dir='ltr'>de</span> <span class='ocrx_word' id='word_1_278' title='bbox 1243 1580 1400 1622; x_wconf 83' lang='lat' dir='ltr'>Dionysii</span> <span class='ocrx_word' id='word_1_279' title='bbox 1423 1590 1527 1614; x_wconf 90' lang='lat' dir='ltr'>men-</span> 
     </span>
     <span class='ocr_line' id='line_1_60' title="bbox 830 1629 1524 1672; baseline 0.004 -12"><span class='ocrx_word' id='word_1_280' title='bbox 830 1637 870 1660; x_wconf 89' lang='lat' dir='ltr'>sa</span> <span class='ocrx_word' id='word_1_281' title='bbox 894 1629 966 1660; x_wconf 89' lang='lat' dir='ltr'>Cic.</span> <span class='ocrx_word' id='word_1_282' title='bbox 991 1629 1094 1661; x_wconf 90' lang='lat' dir='ltr'>Tusc.</span> <span class='ocrx_word' id='word_1_283' title='bbox 1120 1630 1158 1668; x_wconf 86' lang='lat'>5,</span> <span class='ocrx_word' id='word_1_284' title='bbox 1182 1630 1236 1661; x_wconf 73' lang='lat'>2⁴.</span> <span class='ocrx_word' id='word_1_285' title='bbox 1263 1629 1360 1662; x_wconf 81' lang='lat' dir='ltr'>Plato</span> <span class='ocrx_word' id='word_1_286' title='bbox 1376 1630 1422 1663; x_wconf 89' lang='lat' dir='ltr'>de</span> <span class='ocrx_word' id='word_1_287' title='bbox 1438 1631 1524 1672; x_wconf 84' lang='lat' dir='ltr'>Rep.</span> 
     </span>
     <span class='ocr_line' id='line_1_61' title="bbox 829 1677 1525 1724; baseline 0.004 -15"><span class='ocrx_word' id='word_1_288' title='bbox 829 1677 862 1709; x_wconf 87' lang='grc'>3.</span> <span class='ocrx_word' id='word_1_289' title='bbox 895 1686 932 1718; x_wconf 89' lang='lat' dir='ltr'>p.</span> <span class='ocrx_word' id='word_1_290' title='bbox 966 1677 1042 1710; x_wconf 86' lang='grc'>404.</span> <span class='ocrx_word' id='word_1_291' title='bbox 1075 1679 1139 1710; x_wconf 90' lang='lat' dir='ltr'>D.:</span> <span class='ocrx_word' id='word_1_292' title='bbox 1183 1678 1431 1724; x_wconf 77' lang='grc' dir='ltr'><strong><em>Συρακοσίαν</em></strong></span> <span class='ocrx_word' id='word_1_293' title='bbox 1464 1678 1525 1719; x_wconf 79' lang='grc' dir='ltr'>δέ,</span> 
     </span>
     <span class='ocr_line' id='line_1_62' title="bbox 829 1724 1525 1785; baseline 0.007 -28"><span class='ocrx_word' id='word_1_294' title='bbox 829 1738 859 1757; x_wconf 91' lang='grc' dir='ltr'><em>ω</em></span> <span class='ocrx_word' id='word_1_295' title='bbox 882 1724 990 1765; x_wconf 82' lang='grc' dir='ltr'>φίλε,</span> <span class='ocrx_word' id='word_1_296' title='bbox 1025 1725 1212 1771; x_wconf 73' lang='grc' dir='ltr'><strong><em>τράπεζαν</em></strong></span> <span class='ocrx_word' id='word_1_297' title='bbox 1234 1739 1300 1760; x_wconf 79' lang='grc' dir='ltr'>κω</span> <span class='ocrx_word' id='word_1_298' title='bbox 1322 1727 1525 1785; x_wconf 45' lang='grc' dir='ltr'><strong><em>Σικελικὴ]</em></strong></span> 
     </span>
     <span class='ocr_line' id='line_1_63' title="bbox 829 1774 1527 1819; baseline 0.006 -12.011"><span class='ocrx_word' id='word_1_299' title='bbox 829 1774 1021 1808; x_wconf 73' lang='grc' dir='ltr'><strong><em>ποικιλίαν</em></strong></span> <span class='ocrx_word' id='word_1_300' title='bbox 1044 1774 1170 1818; x_wconf 83' lang='grc' dir='ltr'><strong><em>ὄψου,</em></strong></span> <span class='ocrx_word' id='word_1_301' title='bbox 1201 1774 1255 1818; x_wconf 80' lang='grc' dir='ltr'>ὥς</span> <span class='ocrx_word' id='word_1_302' title='bbox 1274 1774 1426 1819; x_wconf 82' lang='grc' dir='ltr'><strong><em>ἔοικας,</em></strong></span> <span class='ocrx_word' id='word_1_303' title='bbox 1454 1776 1527 1811; x_wconf 78' lang='grc' dir='ltr'>οὐκ</span> 
     </span>
     <span class='ocr_line' id='line_1_64' title="bbox 829 1824 1529 1868; baseline 0.006 -11"><span class='ocrx_word' id='word_1_304' title='bbox 829 1826 959 1866; x_wconf 81' lang='grc' dir='ltr'><strong><em>αἰνεῖς.</em></strong></span> <span class='ocrx_word' id='word_1_305' title='bbox 977 1827 1085 1868; x_wconf 85' lang='lat' dir='ltr'>Epist.</span> <span class='ocrx_word' id='word_1_306' title='bbox 1104 1827 1136 1859; x_wconf 92' lang='lat'>7.</span> <span class='ocrx_word' id='word_1_307' title='bbox 1154 1836 1190 1868; x_wconf 94' lang='lat' dir='ltr'>p.</span> <span class='ocrx_word' id='word_1_308' title='bbox 1209 1824 1529 1861; x_wconf 73' lang='lat' dir='ltr'>326.B:&#39;132.296v-</span> 
     </span>
    </p>
   </div>
   <div class='ocr_carea' id='block_1_13' title="bbox 830 1874 1585 1934">
    <p class='ocr_par' dir='ltr' id='par_1_19' title="bbox 830 1874 1585 1934">
     <span class='ocr_line' id='line_1_65' title="bbox 830 1874 1585 1934; baseline 0.008 -28"><span class='ocrx_word' id='word_1_309' title='bbox 830 1884 878 1906; x_wconf 84' lang='grc' dir='ltr'><strong><em>τα</em></strong></span> <span class='ocrx_word' id='word_1_310' title='bbox 906 1874 948 1907; x_wconf 77' lang='grc' dir='ltr'>δέ</span> <span class='ocrx_word' id='word_1_311' title='bbox 976 1885 1025 1917; x_wconf 83' lang='grc' dir='ltr'>με</span> <span class='ocrx_word' id='word_1_312' title='bbox 1056 1877 1122 1916; x_wconf 77' lang='grc' dir='ltr'>(εἰς</span> <span class='ocrx_word' id='word_1_313' title='bbox 1150 1875 1335 1917; x_wconf 78' lang='grc' dir='ltr'><strong><em>Σικελίαν)</em></strong></span> <span class='ocrx_word' id='word_1_314' title='bbox 1360 1874 1383 1909; x_wconf 89' lang='grc' dir='ltr'>ὁ</span> <span class='ocrx_word' id='word_1_315' title='bbox 1406 1877 1527 1934; x_wconf 79' lang='grc' dir='ltr'><strong><em>ταύτῃ</em></strong></span> <span class='ocrx_word' id='word_1_316' title='bbox 1579 1908 1585 1912; x_wconf 97' lang='grc'>.</span> 
     </span>
    </p>
   </div>
   <div class='ocr_carea' id='block_1_14' title="bbox 828 1922 1529 2705">
    <p class='ocr_par' dir='ltr' id='par_1_20' title="bbox 828 1922 1529 2119">
     <span class='ocr_line' id='line_1_66' title="bbox 829 1922 1529 1968; baseline 0.004 -12"><span class='ocrx_word' id='word_1_317' title='bbox 829 1923 1037 1967; x_wconf 79' lang='grc' dir='ltr'><strong><em>λεγόμενος</em></strong></span> <span class='ocrx_word' id='word_1_318' title='bbox 1051 1925 1101 1958; x_wconf 82' lang='grc' dir='ltr'><strong><em>αὐ</em></strong></span> <span class='ocrx_word' id='word_1_319' title='bbox 1113 1925 1201 1966; x_wconf 82' lang='grc' dir='ltr'><strong><em>βίος</em></strong></span> <span class='ocrx_word' id='word_1_320' title='bbox 1213 1922 1318 1958; x_wconf 57' lang='lat' dir='ltr'>sedai</span> <span class='ocrx_word' id='word_1_321' title='bbox 1306 1938 1415 1968; x_wconf 87' lang='grc' dir='ltr'>μων,</span> <span class='ocrx_word' id='word_1_322' title='bbox 1433 1923 1529 1959; x_wconf 78' lang='grc' dir='ltr'><strong><em>Ἰτα-</em></strong></span> 
     </span>
     <span class='ocr_line' id='line_1_67' title="bbox 830 1973 1527 2023; baseline 0.003 -17"><span class='ocrx_word' id='word_1_323' title='bbox 830 1973 1014 2007; x_wconf 79' lang='grc' dir='ltr'><strong><em>λιωτικῶν</em></strong></span> <span class='ocrx_word' id='word_1_324' title='bbox 1025 1985 1065 2006; x_wconf 76' lang='grc' dir='ltr'>τε</span> <span class='ocrx_word' id='word_1_325' title='bbox 1076 1976 1139 2007; x_wconf 71' lang='grc' dir='ltr'><strong><em>καὶ</em></strong></span> <span class='ocrx_word' id='word_1_326' title='bbox 1149 1976 1423 2020; x_wconf 80' lang='grc' dir='ltr'><strong><em>Συρακουσίων</em></strong></span> <span class='ocrx_word' id='word_1_327' title='bbox 1435 1987 1527 2023; x_wconf 83' lang='grc' dir='ltr'><strong><em>τρα-</em></strong></span> 
     </span>
     <span class='ocr_line' id='line_1_68' title="bbox 830 2021 1528 2070; baseline 0.004 -15.009"><span class='ocrx_word' id='word_1_328' title='bbox 830 2022 950 2065; x_wconf 79' lang='grc' dir='ltr'><strong><em>πεζῶν</em></strong></span> <span class='ocrx_word' id='word_1_329' title='bbox 973 2022 1141 2069; x_wconf 78' lang='grc' dir='ltr'>πλήρης,</span> <span class='ocrx_word' id='word_1_330' title='bbox 1168 2021 1321 2070; x_wconf 81' lang='grc' dir='ltr'><strong><em>ουόααῇ</em></strong></span> <span class='ocrx_word' id='word_1_331' title='bbox 1347 2021 1528 2068; x_wconf 79' lang='grc' dir='ltr'><strong><em>οὐδαμῶς</em></strong></span> 
     </span>
     <span class='ocr_line' id='line_1_69' title="bbox 828 2069 1524 2119; baseline 0.006 -15"><span class='ocrx_word' id='word_1_332' title='bbox 828 2069 956 2119; x_wconf 81' lang='grc' dir='ltr'><strong><em>ἤρεσε.</em></strong></span> <span class='ocrx_word' id='word_1_333' title='bbox 1002 2073 1146 2106; x_wconf 82' lang='lat' dir='ltr'>Plautus</span> <span class='ocrx_word' id='word_1_334' title='bbox 1174 2075 1209 2106; x_wconf 91' lang='lat' dir='ltr'>in</span> <span class='ocrx_word' id='word_1_335' title='bbox 1238 2075 1406 2108; x_wconf 84' lang='lat' dir='ltr'>Rudentis</span> <span class='ocrx_word' id='word_1_336' title='bbox 1433 2076 1524 2108; x_wconf 85' lang='lat' dir='ltr'>Prol.</span> 
     </span>
    </p>

    <p class='ocr_par' dir='ltr' id='par_1_21' title="bbox 828 2123 1528 2260">
     <span class='ocr_line' id='line_1_70' title="bbox 829 2123 1528 2164; baseline 0.005 -10.241"><span class='ocrx_word' id='word_1_337' title='bbox 829 2123 888 2154; x_wconf 89' lang='lat'>53:</span> <span class='ocrx_word' id='word_1_338' title='bbox 923 2124 1000 2164; x_wconf 72' lang='lat' dir='ltr'>Infit</span> <span class='ocrx_word' id='word_1_339' title='bbox 1026 2123 1135 2155; x_wconf 79' lang='lat' dir='ltr'>lenoni</span> <span class='ocrx_word' id='word_1_340' title='bbox 1166 2124 1324 2162; x_wconf 77' lang='lat' dir='ltr'>suadere,</span> <span class='ocrx_word' id='word_1_341' title='bbox 1355 2127 1393 2155; x_wconf 73' lang='lat' dir='ltr'>ut</span> <span class='ocrx_word' id='word_1_342' title='bbox 1418 2133 1528 2157; x_wconf 73' lang='lat' dir='ltr'>secum</span> 
     </span>
     <span class='ocr_line' id='line_1_71' title="bbox 828 2172 1527 2210; baseline 0.004 -7"><span class='ocrx_word' id='word_1_343' title='bbox 828 2172 928 2203; x_wconf 75' lang='lat' dir='ltr'>simul</span> <span class='ocrx_word' id='word_1_344' title='bbox 949 2173 1015 2203; x_wconf 83' lang='lat' dir='ltr'>Eat</span> <span class='ocrx_word' id='word_1_345' title='bbox 1036 2173 1071 2203; x_wconf 83' lang='lat' dir='ltr'>in</span> <span class='ocrx_word' id='word_1_346' title='bbox 1100 2173 1271 2210; x_wconf 74' lang='lat' dir='ltr'>Siciliam;</span> <span class='ocrx_word' id='word_1_347' title='bbox 1305 2173 1351 2204; x_wconf 68' lang='lat' dir='ltr'>ibi</span> <span class='ocrx_word' id='word_1_348' title='bbox 1378 2182 1447 2206; x_wconf 71' lang='lat' dir='ltr'>esso</span> <span class='ocrx_word' id='word_1_349' title='bbox 1466 2175 1527 2206; x_wconf 82' lang='lat' dir='ltr'>ho-</span> 
     </span>
     <span class='ocr_line' id='line_1_72' title="bbox 828 2221 1283 2260; baseline 0.002 -8"><span class='ocrx_word' id='word_1_350' title='bbox 828 2221 933 2252; x_wconf 82' lang='lat' dir='ltr'>mines</span> <span class='ocrx_word' id='word_1_351' title='bbox 954 2221 1160 2260; x_wconf 69' lang='lat' dir='ltr'>voluptarios</span> <span class='ocrx_word' id='word_1_352' title='bbox 1180 2222 1283 2253; x_wconf 74' lang='lat' dir='ltr'>Dicit.</span> 
     </span>
    </p>

    <p class='ocr_par' dir='ltr' id='par_1_22' title="bbox 828 2270 1528 2705">
     <span class='ocr_line' id='line_1_73' title="bbox 875 2270 1528 2314; baseline 0.006 -13"><span class='ocrx_word' id='word_1_353' title='bbox 875 2270 927 2301; x_wconf 88' lang='grc'>49.</span> <span class='ocrx_word' id='word_1_354' title='bbox 952 2270 1006 2302; x_wconf 69' lang='grc'>20.</span> <span class='ocrx_word' id='word_1_355' title='bbox 1031 2270 1258 2312; x_wconf 78' lang='lat' dir='ltr'>elaborabunt]</span> <span class='ocrx_word' id='word_1_356' title='bbox 1277 2279 1448 2312; x_wconf 76' lang='lat' dir='ltr'>«operose</span> <span class='ocrx_word' id='word_1_357' title='bbox 1466 2282 1528 2314; x_wconf 87' lang='lat' dir='ltr'>pa·—</span> 
     </span>
     <span class='ocr_line' id='line_1_74' title="bbox 830 2318 1527 2360; baseline 0.009 -11"><span class='ocrx_word' id='word_1_358' title='bbox 830 2318 1004 2356; x_wconf 77' lang='lat' dir='ltr'>rabunt»;</span> <span class='ocrx_word' id='word_1_359' title='bbox 1041 2319 1107 2350; x_wconf 87' lang='lat' dir='ltr'>sed</span> <span class='ocrx_word' id='word_1_360' title='bbox 1134 2320 1251 2360; x_wconf 90' lang='lat' dir='ltr'>ipsum</span> <span class='ocrx_word' id='word_1_361' title='bbox 1277 2320 1347 2353; x_wconf 86' lang='lat' dir='ltr'>hoc</span> <span class='ocrx_word' id='word_1_362' title='bbox 1375 2322 1527 2355; x_wconf 85' lang='lat' dir='ltr'>verbum</span> 
     </span>
     <span class='ocr_line' id='line_1_75' title="bbox 830 2368 1525 2412; baseline 0.007 -13"><span class='ocrx_word' id='word_1_363' title='bbox 830 2368 1049 2400; x_wconf 85' lang='lat' dir='ltr'>demonstrat</span> <span class='ocrx_word' id='word_1_364' title='bbox 1083 2368 1119 2400; x_wconf 91' lang='lat' dir='ltr'>id</span> <span class='ocrx_word' id='word_1_365' title='bbox 1149 2369 1225 2401; x_wconf 86' lang='lat' dir='ltr'>fieri</span> <span class='ocrx_word' id='word_1_366' title='bbox 1252 2370 1311 2402; x_wconf 83' lang='lat' dir='ltr'>vix</span> <span class='ocrx_word' id='word_1_367' title='bbox 1341 2379 1459 2412; x_wconf 88' lang='lat' dir='ltr'>posse.</span> <span class='ocrx_word' id='word_1_368' title='bbox 1488 2390 1525 2396; x_wconf 89' lang='lat'>-</span> 
     </span>
     <span class='ocr_line' id='line_1_76' title="bbox 828 2417 1526 2461; baseline 0.007 -13"><span class='ocrx_word' id='word_1_369' title='bbox 828 2417 997 2458; x_wconf 82' lang='lat' dir='ltr'>saporem]</span> <span class='ocrx_word' id='word_1_370' title='bbox 1045 2419 1185 2451; x_wconf 75' lang='lat' dir='ltr'>«Etiam</span> <span class='ocrx_word' id='word_1_371' title='bbox 1230 2421 1526 2461; x_wconf 68' lang='lat' dir='ltr'>exquisitissimae</span> 
     </span>
     <span class='ocr_line' id='line_1_77' title="bbox 830 2465 1525 2507; baseline 0.001 -10"><span class='ocrx_word' id='word_1_372' title='bbox 830 2465 955 2507; x_wconf 89' lang='lat' dir='ltr'>epulae</span> <span class='ocrx_word' id='word_1_373' title='bbox 994 2467 1026 2498; x_wconf 89' lang='lat' dir='ltr'>ei</span> <span class='ocrx_word' id='word_1_374' title='bbox 1066 2467 1282 2500; x_wconf 56' lang='lat' dir='ltr'>videbuntur</span> <span class='ocrx_word' id='word_1_375' title='bbox 1323 2469 1525 2502; x_wconf 76' lang='lat' dir='ltr'>insuaves.»</span> 
     </span>
     <span class='ocr_line' id='line_1_78' title="bbox 832 2515 1527 2558; baseline 0.007 -13"><span class='ocrx_word' id='word_1_376' title='bbox 832 2532 869 2538; x_wconf 86' lang='lat'>—</span> <span class='ocrx_word' id='word_1_377' title='bbox 883 2515 997 2546; x_wconf 82' lang='lat' dir='ltr'>avium</span> <span class='ocrx_word' id='word_1_378' title='bbox 1012 2515 1097 2557; x_wconf 59' lang='lat' dir='ltr'>cet]</span> <span class='ocrx_word' id='word_1_379' title='bbox 1114 2516 1259 2550; x_wconf 87' lang='lat' dir='ltr'>Rutilius</span> <span class='ocrx_word' id='word_1_380' title='bbox 1275 2518 1288 2549; x_wconf 97' lang='grc'>4</span> <span class='ocrx_word' id='word_1_381' title='bbox 1304 2543 1311 2555; x_wconf 89' lang='grc'>,</span> <span class='ocrx_word' id='word_1_382' title='bbox 1331 2515 1397 2549; x_wconf 70' lang='grc'>44(</span> <span class='ocrx_word' id='word_1_383' title='bbox 1406 2527 1414 2548; x_wconf 87' lang='lat'>:</span> <span class='ocrx_word' id='word_1_384' title='bbox 1441 2518 1527 2558; x_wconf 75' lang='lat' dir='ltr'>Quid</span> 
     </span>
     <span class='ocr_line' id='line_1_79' title="bbox 829 2564 1526 2605; baseline 0.004 -10"><span class='ocrx_word' id='word_1_385' title='bbox 829 2564 948 2604; x_wconf 75' lang='lat' dir='ltr'>loquor</span> <span class='ocrx_word' id='word_1_386' title='bbox 974 2565 1119 2597; x_wconf 75' lang='lat' dir='ltr'>inclusas</span> <span class='ocrx_word' id='word_1_387' title='bbox 1145 2567 1232 2598; x_wconf 64' lang='lat' dir='ltr'>mter</span> <span class='ocrx_word' id='word_1_388' title='bbox 1262 2566 1441 2605; x_wconf 74' lang='lat' dir='ltr'>laquearia</span> <span class='ocrx_word' id='word_1_389' title='bbox 1465 2567 1526 2598; x_wconf 75' lang='lat' dir='ltr'>sil-</span> 
     </span>
     <span class='ocr_line' id='line_1_80' title="bbox 828 2613 1527 2655; baseline 0.004 -10"><span class='ocrx_word' id='word_1_390' title='bbox 828 2622 905 2652; x_wconf 79' lang='lat' dir='ltr'>vas,</span> <span class='ocrx_word' id='word_1_391' title='bbox 950 2613 1094 2646; x_wconf 65' lang='lat' dir='ltr'>Venulo</span> <span class='ocrx_word' id='word_1_392' title='bbox 1134 2618 1209 2655; x_wconf 65' lang='lat' dir='ltr'>quis</span> <span class='ocrx_word' id='word_1_393' title='bbox 1247 2616 1345 2646; x_wconf 75' lang='lat' dir='ltr'>van&#39;o</span> <span class='ocrx_word' id='word_1_394' title='bbox 1378 2617 1527 2648; x_wconf 72' lang='lat' dir='ltr'>cannino</span> 
     </span>
     <span class='ocr_line' id='line_1_81' title="bbox 829 2661 1527 2705; baseline 0.003 -11"><span class='ocrx_word' id='word_1_395' title='bbox 829 2662 924 2694; x_wconf 71' lang='lat' dir='ltr'>ludat</span> <span class='ocrx_word' id='word_1_396' title='bbox 945 2661 1043 2694; x_wconf 79' lang='lat' dir='ltr'>avis?</span> <span class='ocrx_word' id='word_1_397' title='bbox 1074 2664 1155 2695; x_wconf 83' lang='lat' dir='ltr'>Seu.</span> <span class='ocrx_word' id='word_1_398' title='bbox 1175 2663 1220 2695; x_wconf 88' lang='lat' dir='ltr'>de</span> <span class='ocrx_word' id='word_1_399' title='bbox 1238 2665 1338 2696; x_wconf 75' lang='lat' dir='ltr'>Pruv.</span> <span class='ocrx_word' id='word_1_400' title='bbox 1357 2664 1397 2696; x_wconf 84' lang='lat'>3:</span> <span class='ocrx_word' id='word_1_401' title='bbox 1423 2665 1527 2705; x_wconf 74' lang='lat' dir='ltr'>(Mae-</span> 
     </span>
    </p>
   </div>
  </div>
 </body>
</html>
