1722 2904
19 2509 21 2511 ι
83 2465 131 2513 τῇ
154 2465 272 2508 φύσει
293 2467 340 2515 τῇ
362 2468 430 2503 τοῦ
454 2468 609 2516 πατρός.

597 75 675 107 un.
700 75 755 107 lv.
803 76 841 108 C.
868 76 923 107 lv.

1439 77 1521 119 547

362 178 407 219 ln
436 191 597 234 pueros
626 178 792 221 animus
819 180 1025 222 Nerones.

248 265 395 306 Fortes
426 270 625 306 creantur
650 264 830 308 fortibus
859 272 903 308 et
930 265 1079 317 bonis;

248 344 322 387 Est
352 343 395 385 in
424 343 633 395 iuvencis,
665 351 731 387 est
760 345 802 386 in
831 345 957 403 equis
986 352 1155 403 patrum

1466 351 1522 392 30

304 423 469 474 Virtus,
501 438 644 481 neque
674 424 890 468 imbellem
918 425 1084 470 seroces

360 505 651 561 progenerant
679 505 849 562 aquilae
879 506 1145 558 columbam3

249 589 450 632 Doctrina
479 590 558 632 sed
587 591 672 633 vim
699 599 924 648 promovet
952 593 1141 643 insitam,

249 669 454 726 Rectique
483 670 622 714 cultus
652 678 827 728 pectora
857 672 1081 723 roborant;

167 762 221 795 28.
245 764 378 795 aaronis
409 764 446 796 τ.
473 782 510 787 -
535 764 589 797 29.
612 765 764 806 fortibus.
794 770 825 798 et
856 766 948 799 bonas
979 768 1038 799 Est
1069 768 1106 800 in
1127 768 1343 811 distinguunt
1367 771 1418 804 Td
1441 774 1477 805 et

124 811 257 844 «maior
283 820 368 853 pars
398 812 715 846 membranarum»
749 814 918 854 Bentleii;
958 817 1044 849 item
1077 817 1156 850 Fea.
1197 837 1231 842 —
1266 819 1319 852 34.
1344 830 1404 853 nec
1436 821 1475 861 d,

124 861 229 893 LCtF.
267 862 325 903 (Ut
346 869 433 901 nos,
458 861 584 902 Bch.)
611 881 647 886 -—
671 864 822 897 inbellem
843 866 880 897 T.

79 948 220 986 redu-ti,
255 948 384 988 redeqi,
414 948 543 980 resolvi.
580 949 691 990 Lege:
716 958 774 982 re-

78 996 172 1038 ciet.)
213 997 370 1037 Languet
391 998 498 1038 atque
521 998 617 1030 omui
639 999 774 1040 proba—

79 1044 213 1078 bilitate
236 1047 335 1078 caret
354 1055 544 1087 repressae:
580 1056 647 1079 nec
670 1057 774 1089 pror-

80 1103 142 1127 sus
163 1103 290 1128 verum
305 1095 377 1134 est,
402 1095 498 1136 quod
514 1097 562 1128 ait
575 1096 771 1130 Bentleius:

81 1144 243 1176 «revictus
282 1143 367 1177 nihil
405 1143 501 1177 aliud
534 1147 631 1178 notat
664 1155 773 1187 quam

81 1192 289 1232 «refutatus,
318 1190 535 1234 convictus»,
565 1203 682 1236 neque
706 1205 774 1228 un-

81 1249 190 1282 quam
213 1241 258 1274 de
280 1241 383 1275 bellis
406 1244 442 1274 et
455 1242 620 1284 proeliis,
646 1244 712 1277 sed
727 1244 772 1276 de

81 1290 287 1324 criminibus
315 1293 351 1324 et
379 1292 515 1325 iudiciis
547 1295 771 1334 usurpatur.-

82 1340 134 1372 Tu
161 1340 224 1372 cfr.
255 1341 393 1373 Lucret.
418 1342 456 1380 5,
481 1340 568 1374 409:
609 1343 687 1374 Inde
712 1352 775 1374 ca-

81 1389 163 1422 dunt
189 1399 228 1421 vt
237 1398 300 1422 res
324 1390 442 1430 aliqua
462 1391 596 1423 ratione
615 1393 770 1424 revictae.

124 1439 203 1471 25-
215 1438 269 1471 28.
313 1439 519 1479 SensereJ«
503 1449 611 1472 «cum
644 1450 773 1482 magno

83 1485 176 1519 malo
198 1495 264 1519 suo
285 1486 524 1520 intellexere.»
552 1507 588 1512 —
612 1499 705 1522 mens
726 1491 773 1522 ad

79 1537 228 1569 virtutes
243 1535 489 1577 intelligentiae
503 1562 510 1577 ,
530 1539 771 1578 sagacitatem,

80 1584 306 1626 prudentiam
320 1610 328 1624 ,
357 1586 482 1618 indoles
503 1586 550 1618 ad
572 1588 679 1619 animi
703 1588 775 1619 vir-

81 1635 191 1673 tutes,
227 1633 465 1666 fortitudinem
479 1660 487 1674 ,
523 1635 750 1668 clementiam
764 1662 772 1675 ,

81 1682 192 1715 fidem
212 1683 377 1724 pertinet.
405 1699 442 1705 —
477 1684 559 1725 rite]
595 1684 708 1717 «bene
731 1694 774 1717 ac

82 1733 213 1763 recte.»
257 1731 375 1763 Verba
406 1733 471 1764 tria
494 1735 576 1765 sunt
598 1733 771 1775 religiosa,

81 1781 162 1820 rite,
184 1781 332 1821 faustus,
365 1781 443 1812 acui
465 1781 512 1813 dii
536 1782 691 1822 favent»,
712 1792 776 1823 pe-

80 1829 250 1869 netralia,
281 1828 416 1862 «veluti
438 1830 496 1862 dei
519 1831 773 1872 domicilium»,

81 1878 347 1920 significantque
389 1881 524 1912 castam
563 1881 705 1912 omnino
740 1882 776 1913 et

84 1929 245 1961 sanctam
267 1927 375 1961 fuisse
399 1929 491 1961 hanc
514 1929 774 1962 educationem.

85 1995 122 2002 —-
134 1977 369 2018 penetralibus]
386 1977 539 2011 Velleius
552 1980 585 2019 2,
599 1979 658 2012 94:
676 1979 777 2012 Tibe-

82 2026 155 2058 rius
173 2027 354 2059 innutritus
368 2028 557 2060 caelestiwn
576 2033 776 2069 praecepto-

80 2084 159 2107 rum
174 2076 364 2116 disciplinis.
380 2095 417 2099 —
430 2077 470 2108 In
480 2086 604 2117 pueros
617 2078 774 2119 Nerones]

83 2125 138 2156 «in
152 2124 329 2165 privignos
345 2125 523 2159 Tiberium
537 2128 572 2158 et
586 2127 774 2159 Drusum.»

124 2173 179 2205 29.
203 2174 317 2206 Fortes
334 2175 415 2214 cet.]
433 2175 531 2207 Pind.
547 2176 648 2216 Pyth.
667 2177 700 2215 8,
713 2176 773 2209 44:

82 2221 165 2266 Φυᾷ
199 2220 246 2256 τὸ
284 2227 459 2266 γενναῖον
488 2224 682 2271 §zanoe-'nea
711 2222 776 2258 Ἐκ

83 2272 254 2318 πατέρων
276 2274 409 2306 παισὶν
434 2272 554 2316 λῆμα.
578 2276 695 2316 Eurip.
719 2276 774 2307 Fr.

84 2320 195 2354 Alcm.
231 2323 264 2354 7.
296 2323 424 2355 Dind..
463 2319 517 2363 ὦς
551 2319 695 2366 ἀληθὲς
728 2318 777 2365 ἢν

83 2365 161 2416 ἄρα
177 2366 348 2403 Ἔσθλῶν
379 2367 442 2404 ἀπ’
474 2369 622 2418 ἀνδρῶν
655 2370 775 2405 ἐσθλὰ

83 2419 280 2463 ytyveooou
302 2421 433 2460 τέκνα,
457 2419 595 2453 Κακῶν
610 2420 641 2453 δ’
659 2416 777 2464 ὅμοια

642 2471 777 2503 Seneca

45 2559 49 2562 .
85 2517 210 2550 Troad.
236 2518 321 2551 540·
313 2543 320 2550 .
358 2519 526 2552 Generosa
555 2521 591 2552 in
612 2523 705 2552 ortus
724 2530 777 2553 se-

85 2566 180 2598 mim
200 2571 384 2609 wan-qma
411 2577 497 2601 suos.
532 2587 567 2592 -
583 2569 724 2610 fortibus
747 2573 779 2602 et

48 2637 54 2640 -
89 2614 189 2656 bonis]
211 2615 351 2649 ablativi
367 2619 464 2658 suut,
489 2626 558 2650 non
575 2618 692 2651 dativi.
717 2619 778 2651 Est

823 944 994 978 formulae
1028 947 1158 979 instar:
1200 948 1286 989 Epp.
1312 949 1349 988 ⁴,
1382 949 1419 989 9,
1455 950 1517 983 43;

822 997 854 1026 el
875 994 996 1035 sortem
1014 996 1110 1028 crede
1135 996 1331 1038 boumque.
1378 999 1451 1031 Cic.
1475 1000 1521 1032 ad

823 1044 918 1076 Fam.
950 1044 990 1083 3,
1023 1045 1086 1077 ll:
1126 1046 1161 1077 in
1197 1055 1330 1079 suma
1359 1047 1522 1082 bonorum

822 1102 863 1125 ac
885 1094 1025 1134 fortium
1049 1095 1173 1126 civium
1199 1097 1307 1136 copia.
1354 1096 1443 1130 Ibid.
1479 1099 1518 1138 5,

824 1142 887 1174 ⁴9:
922 1143 1198 1183 idquodomnes
1229 1145 1332 1185 fortes
1367 1155 1409 1178 ac
1444 1146 1522 1179 boni

820 1191 888 1223 viri
924 1192 1036 1233 facere
1069 1193 1192 1225 debent.
1239 1194 1339 1226 Verr.
1375 1194 1415 1234 3,
1452 1196 1517 1228 69:

822 1250 919 1280 quem
932 1250 993 1283 eqo
1003 1260 1025 1265 -
1036 1243 1188 1282 quamvis
1203 1243 1323 1276 bonum
1335 1244 1522 1286 fortemque

819 1290 920 1331 swile
938 1294 1077 1331 paterer
1097 1293 1247 1324 evadere.
1280 1311 1316 1316 —
1340 1295 1427 1327 Mire
1450 1296 1518 1328 Fea

822 1340 870 1372 ita
892 1339 1100 1382 discerpsit:
1125 1341 1286 1382 fortibus:
1307 1346 1339 1374 et
1360 1343 1454 1376 bonis
1472 1348 1520 1377 est

822 1390 858 1421 in
879 1390 1034 1421 iuvencis.
1083 1389 1222 1423 Scilicet
1244 1391 1443 1425 sufficiebat
1465 1393 1522 1426 di-

824 1447 928 1470 cere:
955 1439 1117 1480 «patrum
1138 1440 1251 1472 virtus
1267 1443 1337 1480 est,
1364 1443 1520 1475 cernitur

823 1488 858 1518 in
881 1488 1077 1525 iuvencis3n
1114 1497 1197 1520 cum
1219 1489 1288 1521 hoc
1310 1490 1388 1532 ipso
1411 1491 1520 1531 signi-

823 1536 974 1568 ficentur
1005 1537 1134 1569 horum
1155 1539 1250 1571 vires
1272 1540 1309 1571 et
1330 1539 1453 1572 robur.
1481 1559 1517 1564 —

823 1586 898 1617 Iam
921 1587 1095 1618 sententia
1118 1587 1207 1619 haec
1231 1589 1306 1620 est:
1340 1588 1520 1622 «Tiberius

825 1636 861 1666 et
877 1635 1013 1667 Drusus
1036 1635 1157 1676 utique
1181 1644 1293 1677 genus
1316 1637 1451 1670 ducunt
1473 1638 1519 1670 ab

824 1684 975 1724 antiquis
1010 1683 1076 1717 illis
1099 1684 1268 1725 Claudiis,
1307 1687 1391 1720 viris
1422 1687 1522 1720 forti-

823 1731 893 1764 bus
918 1734 953 1765 et
968 1732 1072 1766 bonis
1086 1743 1095 1772 ·‚
1120 1734 1186 1766 sed
1201 1734 1363 1767 educatio
1379 1745 1518 1775 eorum,

825 1782 924 1814 cuius
959 1791 1084 1814 curam
1117 1784 1376 1824 sapientissime
1411 1786 1521 1825 gessit

824 1832 1001 1872 Augustus
1016 1857 1023 1870 ,
1059 1831 1192 1864 bonam
1220 1833 1390 1866 iuvenum
1417 1834 1521 1866 indo-

824 1880 897 1912 lem
931 1880 1117 1912 excoluit.»
1155 1882 1243 1913 }linc
1270 1881 1327 1913 illa
1354 1883 1521 1916 Doctrina

824 1930 880 1962 sed
910 1930 980 1961 vim
1006 1934 1179 1970 promovet
1209 1931 1345 1962 insitam
1378 1933 1446 1964 cet.
1480 1951 1517 1956 —

826 1980 920 2012 Cave
954 1980 1074 2011 autem
1104 1980 1208 2020 putes
1230 1989 1264 2011 v.
1287 1980 1429 2021 sortibus
1450 1983 1518 2014 cet.

824 2027 881 2061 vel
914 2029 1007 2060 tecte
1038 2029 1226 2069 significari
1254 2030 1303 2061 Ti.
1329 2031 1518 2071 Neronem,

825 2077 954 2109 Tiberii
978 2079 1013 2109 et
1034 2078 1139 2110 Drusi
1160 2080 1318 2119 patrem,
1354 2080 1454 2112 cuius
1477 2089 1522 2113 ex

826 2126 933 2158 domo
962 2128 1141 2167 Augustus
1172 2127 1306 2159 Liviam
1339 2128 1522 2169 gravidam

825 2175 982 2208 abduxit.
1013 2177 1066 2208 De
1089 2176 1159 2208 hoc
1181 2177 1275 2217 viro,
1312 2178 1412 2210 cuius
1441 2186 1521 2211 me-

825 2225 938 2258 moria
959 2224 1169 2257 iamdudum
1190 2225 1436 2267 obsoleverat,
1475 2237 1521 2260 ne

826 2275 990 2315 cogitavit
1005 2274 1150 2315 quidem
1166 2275 1340 2308 Horatius.
1359 2293 1397 2299 -
1416 2284 1522 2316 neque

825 2324 984 2356 imbellem
996 2323 1132 2364 feroces]
1146 2324 1318 2364 Theognis
1330 2325 1407 2357 537;
1425 2321 1522 2359 Ουτε

824 2369 898 2418 γὰρ
920 2371 1130 2415 ἐκσκίλλης
1153 2369 1249 2418 ῥόδα
1275 2371 1415 2413 φύεται
1437 2371 1518 2408 οὐδ’

827 2419 1029 2462 ὑάκινθος,
1064 2417 1160 2454 Ουτε
1193 2424 1277 2454 ποτ’
1307 2422 1350 2456 ἐκ
1378 2421 1522 2467 δούλης

826 2472 959 2505 τέκνον
981 2470 1208 2517 ἐλευθέριον.

869 2520 924 2554 34.
959 2521 1014 2553 35.
1047 2522 1201 2562 nectique
1231 2522 1353 2562 cultus]
1393 2523 1521 2555 «Recta

827 2569 990 2603 educatio
1012 2571 1170 2604 animum
1192 2570 1319 2603 fortem
1347 2571 1463 2604 reddit
1485 2573 1522 2605 et

827 2618 990 2661 exemplo
1023 2621 1060 2652 et
1093 2620 1441 2654 exercitationibus.»
1482 2638 1518 2645 -
